3679 5414
1624 454 1752 514 An.
1796 454 1939 515 1552
2894 454 3015 515 619*

528 601 837 666 consilio
866 601 939 664 in
967 602 1104 665 hac
1131 610 1336 682 parte
1359 600 1644 683 juvaret
1672 611 1763 683 et,
1797 602 2025 666 sinon
2053 602 2121 666 ei
2147 600 2509 666 videretur
2539 601 2630 665 ad
2659 601 3003 683 majorem

528 706 674 772 Dei
699 710 1007 788 gloriam
1037 709 1188 773 fore
1231 716 1308 772 ut
1352 726 1512 773 eam
1540 709 1959 789 dignitatem
2002 708 2432 789 admitteret,
2466 726 2542 772 se
2579 710 2655 772 in
2692 707 3002 773 Societa-

533 826 678 880 tem
701 816 977 879 admitti
997 817 1304 896 petebat.
1340 816 1612 880 Verum
1631 818 1845 898 paulo
1874 826 2057 898 post,
2092 818 2438 898 exemp10,
2472 815 3003 897 praedicatione

525 931 607 986 et
637 922 1009 1003 colloquiis
1040 921 1113 985 P.
1148 922 1517 987 Francisci
1547 933 1974 1002 commotuS,
2006 940 2152 986 non
2173 923 2617 1004 exspectavit
2638 940 2812 987 suae
2836 940 3002 987 con·

526 1030 937 1094 saltationis
981 1047 1423 1110 responsum.
1478 1030 1827 1094 Dominus
1871 1030 2059 1095 enim
2108 1031 2259 1111 ipse
2309 1030 2686 1094 veritatem
2730 1031 3002 1094 amanti

528 1153 736 1200 suam
759 1137 1198 1199 voluntatem
1221 1137 1325 1199 sic
1349 1137 1764 1216 declaravit,
1800 1146 1877 1200 ut
1899 1137 2140 1200 statim
2164 1139 2449 1200 saeculo
2472 1137 2883 1201 valedicens
2911 1137 3004 1200 ad

532 1241 944 1323 Ognatense
975 1242 1399 1323 Collegium,
1433 1252 1512 1307 ut
1548 1245 1875 1325 superius
1916 1242 2184 1308 dictum
2222 1253 2330 1307 est
2349 1292 2365 1324 ,
2413 1261 2655 1307 mense
2698 1242 2886 1323 Majo
2923 1261 3000 1307 se

532 1350 915 1414 contulerit
941 1348 986 1413 ¹.

653 1456 798 1519 466.
882 1456 1314 1537 Aliquandiu
1353 1456 1429 1521 P.
1473 1456 1737 1520 Torres
1776 1456 2236 1539 Methymnae
2264 1458 2527 1521 mansit
2556 1465 2633 1521 ut
2660 1457 3002 1521 valetudi-

511 1581 696 1645 ‚nem
725 1574 1039 1644 curaret,
1075 1552 1408 1645 quamvis
1432 1580 1594 1628 cum
1623 1564 1885 1645 exiguo
1919 1565 2175 1629 fructu.
2219 1565 2321 1629 Ibi
2349 1582 2580 1629 novas
2607 1565 2883 1628 litteras
2910 1583 3002 1628 ex

532 1668 974 1752 Portugallia
998 1673 1275 1753 accepit
1304 1690 1347 1735 a
1376 1671 1452 1734 P.
1485 1673 1943 1736 Emmanuele
1976 1672 2256 1737 Godino
2289 1688 2375 1735 ac
2403 1671 2479 1735 P.
2514 1672 2828 1750 Urban0,
2855 1672 3001 1751 qui-

533 1776 666 1842 bus
723 1780 787 1841 ei
835 1779 1369 1859 significabatur
1425 1779 1668 1859 magni
1717 1778 2058 1842 momenti
2107 1779 2419 1842 futurum
2469 1778 2693 1860 ipsius
2742 1778 3002 1841 adven·

532 1893 682 1948 tum
711 1885 784 1948 in
822 1885 1367 1966 Portugalliam,
1420 1886 1749 1966 quamvis
1787 1886 1995 1950 aliter
2038 1885 2425 1966 scripserat
2463 1902 2705 1948 mense
2743 1884 3003 1949 Martio

530 1989 609 2055 P.
641 1992 896 2055 Miron.
939 1993 1283 2056 Miserunt
1312 1994 1526 2056 etiam
1556 1993 1649 2056 ad
1679 2009 1837 2055 eum
1867 1991 1945 2055 P.
1979 1991 2238 2073 Ignatii
2279 1993 2554 2055 litteras
2582 1992 2673 2056 ad
2703 1992 3005 2072 Collegii

530 2098 1084 2180 Compostellani
1133 2101 1497 2180 negotium
1546 2099 2032 2175 tractandum;
2095 2109 2163 2162 et
2212 2100 2310 2163 ita
2370 2098 2870 2163 Vallisoletum
2924 2117 3002 2162 se
3040 2090 3043 2093 ’

528 2207 824 2295 contulit
853 2217 928 2270 ut
958 2225 1120 2270 cum
1149 2225 1233 2270 eo
1262 2206 1285 2237 ²
1316 2209 1729 2271 conveniret
1760 2206 1849 2270 de
1877 2218 2218 2288 tempore,
2267 2224 2407 2287 quo
2453 2206 3003 2287 Compostellam

529 2314 957 2377 veniendum
984 2324 1202 2394 esset,
1239 2314 1436 2395 quia,
1472 2332 1633 2377 cum
1660 2324 2007 2396 patronus
2038 2323 2224 2377 esset
2256 2312 2585 2394 Collegii,
2623 2312 2773 2394 ejus
2802 2331 3000 2394 prae·

528 2423 760 2485 sentia
797 2422 1204 2486 necessaria
1242 2430 1430 2500 erat,
1472 2430 1550 2485 ut
1589 2422 2185 2485 constituerentur
2230 2438 2411 2501 quae
2450 2421 2541 2484 ad
2582 2422 2755 2485 illud
2791 2423 3002 2502 perti-

528 2529 814 2593 nebant.
869 2530 1207 2610 Magnam
1250 2539 1488 2593 autem
1525 2528 1781 2593 Comes
1830 2529 2048 2591 animi
2095 2529 2649 2610 propensionem
2698 2527 2790 2591 ad
2831 2529 3003 2592 illud

523 2635 923 2718 Collegium
953 2635 1294 2700 Societati
1322 2644 1610 2699 nostrae
1640 2635 2146 2718 applicandum
2176 2634 2481 2699 ostendit
2512 2644 2582 2698 et
2620 2635 2714 2699 ad
2742 2636 3002 2699 festum

528 2743 1064 2825 Assumptionis
1115 2763 1191 2807 se
1244 2743 1765 2824 Compostellae
1812 2742 2129 2807 futurum
2179 2743 2580 2807 affirmavit.
2636 2743 2732 2808 Ut
2780 2744 3001 2824 igitur

522 2851 782 2915 eodem
811 2861 1127 2932 tempore
1156 2861 1399 2932 posset
1430 2849 1506 2914 P.
1542 2850 1936 2914 Turrianus
1965 2849 2247 2930 adesse,
2294 2867 2456 2914 cum
2485 2849 3000 2914 Salmanticam

529 2958 875 3033 venisset,
920 2959 1131 3021 rebus
1172 2959 1267 3021 ibi
1307 2958 1749 3039 compositiS,
1797 2967 1875 3021 ut
1926 2958 2333 3037 oportebat,
2375 2966 2629 3038 quarta
2673 2957 2786 3020 die
2832 2958 3004 3040 Julii

528 3079 783 3129 versus
812 3065 1321 3145 Portugalliam
1358 3065 1719 3146 profectus
1756 3074 1887 3128 est.
1934 3063 2120 3144 Quid
2158 3073 2395 3127 autem
2437 3064 2533 3128 ibi
2572 3063 2798 3144 egerit
2836 3081 3003 3127 cum

520 3173 622 3237 ad
651 3191 812 3237 eam
838 3172 1293 3236 Provinciam
1321 3181 1612 3236 ventum
1640 3172 1876 3251 fuerit,
1911 3172 2183 3235 dicetur
2211 3170 2256 3235 ³.

647 3280 788 3345 467.
876 3279 1250 3360 Agebatur
1289 3280 1537 3343 eodem
1580 3289 1898 3360 ternpore
1949 3278 2036 3342 de
2079 3280 2289 3343 domo
2341 3278 2681 3360 quadam,
2726 3277 2996 3341 habita·

528 3386 707 3466 tioni
736 3387 1033 3468 Collegii
1062 3386 1643 3451 salmanticensis
1676 3384 2086 3466 conjuncta,
2123 3387 2359 3467 aliqua
2400 3386 2679 3449 ratione
2717 3402 2999 3465 compa·

529 3494 790 3575 randa;
824 3504 1108 3558 nostros
1141 3495 1329 3558 enim
1352 3493 1499 3575 jam
1528 3494 1818 3575 propria
1850 3493 2103 3557 domus
2130 3494 2257 3557 vix
2287 3493 2644 3574 capiebat;
2672 3493 2849 3556 alios
2879 3510 2998 3555 au·

529 3609 695 3680 tem,
728 3603 845 3681 qui
876 3602 968 3665 ad
998 3602 1400 3681 ingressum
1421 3600 1800 3665 Societatis
1829 3601 2007 3664 satis
2034 3601 2208 3663 moti
2236 3608 2470 3680 erant,
2499 3600 2713 3663 immo
2738 3599 2810 3663 id
2836 3616 3003 3663 con·

523 3707 931 3788 stituerant,
967 3708 1341 3772 admittere
1373 3707 1656 3772 minime
1684 3716 2038 3789 poterant;
2073 3723 2236 3770 cum
2259 3717 2496 3770 autem
2523 3706 2822 3788 pecunia
2855 3723 3003 3769 non

612 4056 632 4090 ί
687 4056 924 4112 Ignatius
957 4056 1174 4101 Domino
1209 4056 1437 4101 Antonio
1471 4056 1532 4099 de
1568 4053 1824 4110 Corduba,
1862 4055 1925 4098 de
1960 4056 2071 4111 ejus
2104 4056 2169 4100 ad
2207 4054 2522 4100 Societatem
2555 4054 2856 4111 vocatione,
2891 4063 3007 4101 stn-

524 4126 647 4183 diie,
670 4136 789 4182 etc„
813 4130 832 4172 1
856 4118 1193 4183 Septembris.

611 4201 634 4232 ¹
688 4201 747 4244 Id
767 4207 864 4254 eat,
888 4212 1001 4244 cum
1027 4199 1225 4244 Comite
1248 4200 1310 4244 de
1328 4199 1611 4254 Monterey.

551 4279 558 4280 ’
610 4271 636 4304 ⁸
689 4273 922 4327 Ignatins
942 4271 1171 4327 Reginae
1203 4272 1573 4326 portugalliae,
1594 4270 1921 4315 commendat
1943 4270 2224 4316 Doctorem
2252 4270 2444 4316 'rori-es
2464 4276 2518 4315 et
2546 4269 2858 4315 Sanctorum
2880 4270 3004 4314 reli-

523 4344 689 4396 quius
707 4344 968 4398 describit,
990 4355 1119 4399 quas
1138 4355 1231 4398 per
1252 4344 1418 4399 ipsum
1447 4342 1724 4387 Doctorem
1755 4342 2111 4397 Portugalliae
2148 4343 2376 4397 Regibus
2408 4342 2588 4397 mittit,
2620 4342 2675 4386 25
2708 4341 3001 4386 Februarii.

531 4411 734 4460 Similes
754 4417 861 4460 i'ere
888 4417 1030 4461 dedit
1051 4415 1317 4461 Cardinaii
1337 4415 1544 4459 Infanti.
1563 4414 1797 4469 Longam
1820 4416 1980 4459 etiam
2010 4415 2151 4459 dedit
2186 4415 2401 4459 Doctori
2422 4414 2612 4459 Torres
2631 4415 2693 4458 de
2715 4414 2865 4458 modo
2887 4423 3002 4468 pro·

523 4486 742 4530 cedendi
763 4487 814 4531 in
834 4486 991 4531 Curia
1015 4488 1366 4542 portugalliae
1382 4520 1393 4541 ,
1416 4494 1469 4531 et
1483 4486 1729 4530 schedam
1749 4486 1984 4541 (bijneia)
2000 4486 2226 4541 addidit,
2250 4486 2300 4531 in
2321 4497 2422 4541 qua
2444 4497 2561 4530 eum
2579 4492 2734 4540 rogat
2754 4491 2811 4529 ut
2833 4486 3003 4539 qualis

524 4563 612 4602 eat
631 4569 688 4603 ee
708 4560 759 4603 in
789 4558 946 4604 Curia
975 4560 1246 4615 exhibeat,
1279 4571 1379 4616 sc„
1414 4560 1680 4613 aragones
1692 4570 1730 4614 y
1752 4570 1820 4602 no
1853 4558 2165 4603 castellano.
2199 4557 2369 4602 Mense
2400 4557 2673 4602 Decembri
2705 4558 2863 4601 misna
2883 4563 3003 4601 sunt

527 4627 675 4675 Patri
703 4628 942 4674 Michaeii
963 4630 1024 4674 de
1045 4629 1237 4675 Torres
1256 4631 1355 4674 dno
1376 4630 1740 4685 procurator-ia
1757 4629 2109 4673 instrumenta
2139 4635 2196 4673 ut
2221 4627 2621 4683 Compostellani
2652 4626 2870 4683 Collegii
2892 4637 3006 4682 poa·

527 4700 811 4745 cessionem
831 4711 1018 4756 capere
1040 4702 1262 4754 valeret,
1286 4712 1441 4746 unum
1463 4700 1757 4745 cardinalia
1777 4699 1956 4744 Sancti
1977 4699 2176 4755 Jacobi,
2199 4700 2423 4744 alterum
2443 4698 2650 4754 Ignatii.
