3679 5414
1648 453 1773 511 AN.
1822 453 1960 510 1550
2938 451 3039 508 130

574 600 804 678 fidem,
851 607 927 661 ut
969 598 1365 677 videbatur,
1412 598 1741 661 conversi
1790 598 2107 675 fuissent,
2161 597 2222 659 si
2270 597 2513 674 Bonzi,
2567 594 2721 658 Deo
2758 596 3038 674 permit·

580 716 802 784 tente,
844 723 1304 785 progressum
1341 705 1715 784 Evangelii
1756 722 1901 767 non
1938 703 2412 785 impedissent.
2448 704 2542 766 Hi
2581 704 2769 766 enim
2797 702 3046 766 ducem

579 814 729 895 eJus
771 813 1186 894 provinciae
1217 811 1543 875 adierunt
1573 831 1657 875 ac
1697 813 1762 875 ei
1803 819 2310 891 persuaserunt
2339 828 2428 873 ne
2460 812 2898 891 permitteret
2929 811 3047 873 ali·

582 938 760 1000 quos
790 938 876 982 ex
907 920 1205 983 subditis
1236 920 1381 981 suis
1412 919 1857 983 Christianos
1885 918 2059 995 fieri3
2103 918 2161 980 si
2193 917 2383 981 enim
2412 917 2548 981 Dei
2577 919 2808 997 legem
2836 918 3052 980 susci-

578 1035 1029 1113 perent,‚non
1070 1027 1298 1088 solum
1342 1043 1427 1089 ea
1473 1026 1727 1088 civitas
1771 1025 1897 1088 sed
1941 1025 2080 1088 alia
2130 1026 2350 1088 multa
2398 1025 2556 1087 loca
2600 1043 2781 1105 quae
2825 1025 3052 1088 eidem

580 1135 744 1197 duci
782 1134 1157 1214 parebant,
1204 1133 1292 1197 ab
1336 1133 1558 1213 ipsius
1606 1132 2012 1195 obedientia
2063 1150 2139 1195 se
2190 1133 2704 1211 substractura,
2752 1140 2820 1194 et
2856 1131 3052 1194 mini-

587 1250 795 1319 strOS,
830 1257 1010 1320 quos
1039 1239 1456 1320 praeficeret
1486 1239 2011 1330 gubernationi,
2047 1239 2543 1303 auctoritatem
2575 1239 3054 1302 necessariam

584 1365 747 1411 cum
776 1347 1070 1410 subditis
1097 1365 1240 1409 non
1263 1364 1418 1409 esse
1448 1346 1848 1425 habitui-05,
1884 1347 2053 1426 quia
2083 1345 2216 1409 Dei
2246 1347 2361 1409 lex
2380 1396 2394 1423 ,
2429 1363 2645 1425 quam
2670 1340 3058 1409 Christiani

585 1454 1124 1533 praedicabant,
1158 1454 1477 1533 ipsorum
1505 1454 1779 1532 legibus
1821 1463 1974 1515 erat
2016 1454 2409 1532 contraria,
2458 1462 2529 1516 et
2559 1454 2687 1533 qui
2727 1454 2917 1517 illam
2948 1471 3056 1515 su·

588 1562 962 1641 sciperent,
1018 1559 1445 1641 japonenses
1500 1561 1696 1638 leges
1752 1578 1909 1623 esse
1965 1569 2521 1640 contempturos.
2583 1561 3059 1641 Impetrarunt

586 1669 823 1748 itaque
853 1668 1058 1730 bonzi
1101 1668 1189 1730 ab
1219 1668 1353 1730 hoc
1383 1667 1561 1730 duce
1590 1676 1665 1729 ut
1695 1668 1825 1729 sub
1866 1684 2096 1746 poena
2144 1667 2430 1747 capitali
2468 1666 2744 1747 juberet
2781 1685 2869 1729 ne
2910 1667 3056 1747 qui·

589 1776 702 1838 vis
739 1775 1184 1839 Christianus
1222 1773 1645 1853 efficeretur;
1689 1775 2015 1853 quamvis
2056 1774 2276 1853 initio,
2324 1791 2484 1836 cum
2528 1773 2875 1854 quaedam
2915 1791 3058 1836 mu-

593 1884 889 1945 nuscula
920 1899 962 1944 a
1000 1881 1262 1944 nostris
1303 1899 1390 1944 ex
1431 1881 1629 1943 India
1670 1881 1888 1943 allata
1931 1882 2361 1960 accepisset,
2403 1882 2845 1960 utsuperius
2888 1881 3062 1943 dixi·

592 2006 771 2068 muS,
817 1990 1240 2052 benevolum
1269 2005 1344 2051 se
1379 1987 1775 2050 exhibuerit
1804 1996 1874 2049 et
1899 1982 2230 2051 obtulerit
2252 1988 2646 2067 navigium,
2675 2006 2813 2067 quo
2836 1988 3060 2049 nostri

594 2097 917 2159 Meacum
944 2095 1039 2158 ad
1068 2095 1363 2174 Regem,
1398 2095 1580 2157 inter
1604 2093 2032 2175 japonenses
2062 2096 2482 2172 maximum,
2529 2112 2604 2157 se
2635 2094 3058 2157 conferrent.

595 2201 735 2266 Sed
765 2203 929 2283 quia
959 2203 1160 2264 bellis
1189 2202 1261 2264 id
1290 2218 1589 2280 regnum
1618 2201 2048 2280 agitabatur,
2089 2203 2545 2264 consuluerat
2592 2219 2680 2264 ne
2709 2202 2798 2264 ab
2843 2201 3064 2281 ipsius

596 2310 858 2372 ditione
886 2309 1110 2372 nostri
1140 2308 1584 2385 recederent,
1617 2307 1845 2372 donec
1885 2309 2224 2371 tumultus
2264 2309 2859 2387 conquievissent.
2905 2307 3059 2370 Hoc

597 2425 911 2495 tempore
955 2415 1240 2494 linguae
1282 2413 1654 2495 japonensi
1705 2413 2179 2477 addiscendae
2223 2424 2605 2493 vacarunt;
2660 2424 2728 2477 et
2777 2423 3063 2494 praeter

598 2523 1132 2586 instructionem
1158 2538 1425 2599 eorum,
1453 2521 1573 2600 qui
1601 2520 1809 2584 fidem
1839 2530 2322 2601 susceperant,
2348 2522 2570 2584 multa
2592 2538 2683 2583 ex
2714 2522 2845 2597 his,
2880 2539 3064 2600 quae

599 2630 691 2693 ad
721 2629 1183 2693 christianam
1220 2628 1635 2707 religionem
1672 2629 2058 2709 pertinent,
2104 2628 2175 2690 in
2214 2627 2530 2706 linguam
2562 2628 3061 2709 japonensium

597 2754 946 2801 conversa
995 2737 1306 2815 suerunt,
1367 2745 1473 2814 ut,
1527 2737 1825 2813 scilicet,
1890 2753 2106 2798 unum
2162 2753 2317 2798 esse
2368 2746 2764 2799 creatorem
2821 2753 3062 2799 rerum

596 2845 932 2922 omnium,
965 2854 1033 2906 et
1063 2861 1244 2923 quae
1274 2843 1360 2906 de
1382 2843 1828 2922 reparatione
1859 2860 1985 2923 per
2015 2844 2373 2908 Christum
2405 2852 2474 2905 et
2497 2843 3065 2906 Incarnationem

597 2952 818 3015 Verbi
867 2952 1161 3030 intelligi
1210 2943 1609 3030 oportebat;
1663 2951 2004 3030 mysteria
2065 2952 2277 3013 etiam
2330 2950 2541 3014 Vitae
2591 2960 2660 3013 et
2708 2948 3071 3013 Passionis

601 3076 821 3139 usque
851 3059 941 3121 ad
963 3057 1475 3151 Ascensionem
1507 3058 1793 3136 Christi,
1823 3058 2062 3120 addita
2085 3058 2299 3121 etiam
2321 3057 2799 3120 declaratione
2825 3055 3068 3135 judicii

601 3167 919 3231 extremi.
953 3165 1157 3228 Hunc
1181 3182 1354 3243 ergo
1378 3165 1632 3227 librum
1657 3181 1921 3244 magno
1947 3182 2108 3227 cum
2122 3165 2361 3227 labore
2378 3165 2721 3246 scriptum
2740 3164 2811 3226 in
2827 3164 3070 3241 lingua

594 3273 989 3353 japonensi,
1026 3263 1148 3334 sed
1180 3273 1418 3334 latinis
1448 3271 2011 3350 characteribuS,
2049 3271 2187 3350 his,
2222 3272 2340 3351 qui
2368 3271 2754 3335 Christiani
2784 3271 3066 3344 fiebant,

602 3380 1145 3461 praelegebant,
1181 3388 1254 3441 ut
1283 3379 1547 3441 scirent
1579 3378 1932 3458 quomodo
1964 3378 2193 3441 Deum
2232 3380 2533 3441 adorare
2577 3388 2644 3441 et
2685 3378 2972 3441 credere
3000 3378 3073 3439 in

606 3488 848 3570 Jesum
891 3486 1273 3564 Christum,
1326 3486 1583 3548 Filium
1634 3484 1805 3565 ejuS,
1855 3485 2224 3565 deberent,
2281 3495 2352 3549 ut
2403 3487 2702 3548 salutem
2741 3486 3075 3564 consequi

607 3604 917 3675 possent.
971 3585 1149 3656 Tam
1186 3603 1358 3671 ergo
1403 3593 1772 3656 christiani
1817 3611 2030 3672 quam
2068 3593 2368 3672 gentiles
2408 3594 2583 3655 haec
2622 3592 3076 3655 libentissime

610 3702 990 3764 audiebant
1028 3711 1096 3762 et
1146 3718 1319 3762 vera
1370 3717 1525 3762 esse
1578 3700 1715 3762 illis
1767 3700 2212 3777 videbantur,
2259 3718 2419 3763 cum
2467 3700 2725 3762 rationi
2767 3700 3074 3762 maxime

611 3815 1106 3881 consonarent,
1141 3807 1256 3870 cui
1275 3806 1704 3887 japonenses
1733 3824 1947 3887 quam
1975 3808 2282 3870 maxime
2307 3807 2662 3884 obediunt,
2690 3824 2849 3868 cum
2879 3823 3067 3885 egre-

612 3915 747 3992 giis
788 3913 1091 3993 ingeniis
1140 3913 1280 3976 sint
1333 3913 1657 3993 praediti.
1706 3913 1910 3991 Quod
1942 3924 2176 3976 autem
2209 3914 2414 3977 fidem
2443 3931 2585 3976 non
2617 3914 3078 3994 susciperent,

616 4022 823 4084 timor
848 4019 1196 4100 Principis
1228 4022 1296 4082 in
1328 4038 1546 4083 causa
1577 4030 1752 4100 erat,
1787 4038 1950 4083 cum
1972 4030 2208 4084 tamen
2233 4039 2481 4084 veram
2502 4038 2658 4083 esse
2688 4021 2824 4084 Dei
2852 4021 3080 4099 legem

613 4139 684 4191 et
706 4128 1202 4209 japonensium
1229 4126 1481 4190 salsam
1511 4137 2006 4206 agnoscerent.

732 4235 871 4298 330.
962 4234 1172 4297 Anno
1202 4235 1419 4314 igitur
1441 4236 1705 4315 elapSO,
1749 4253 1912 4298 cum
1944 4235 2216 4298 videret
2245 4234 2319 4298 P.
2354 4235 2780 4314 Franciscus
2807 4234 3079 4297 Xavier

612 4361 755 4405 non
802 4359 1011 4422 posse
1063 4359 1433 4404 numerum
1479 4342 2034 4405 christianorum
2084 4343 2352 4421 augeri,
2395 4342 2556 4405 inde
2595 4343 2732 4405 alio
2776 4359 3087 4405 recesse-

614 4458 799 4527 runt,
833 4449 1258 4513 Christianis
1287 4449 1769 4511 valedicentes
1798 4467 1886 4511 ac
1926 4466 2048 4512 eos
2087 4448 2306 4512 Paulo
2349 4451 2491 4530 (qui
2521 4451 2718 4529 prius
2747 4449 3083 4529 Angerus

616 4558 847 4620 dictus
887 4555 1058 4632 suit)
1111 4556 1719 4632 commendantes,
1767 4569 1842 4619 ut
1894 4556 2194 4619 docendi
2243 4567 2453 4636 atque
2507 4556 2910 4619 instituendi
2962 4575 3089 4620 eos

614 4681 865 4727 curam
903 4664 1214 4727 haberet.
1259 4663 1643 4726 Christiani
1683 4672 1922 4726 autem
1959 4664 2197 4726 multis
2244 4681 2404 4727 cum
2443 4665 2782 4745 lacrymis
2825 4672 2892 4725 et
2924 4680 3086 4726 cum
