3679 5414
672 443 776 501 174
1589 439 1846 500 Canon.
1888 437 2042 498 Soc,
2082 434 2221 512 Jns.

666 596 833 649 ctus
862 584 1057 647 enim
1087 584 1173 647 de
1201 593 1606 648 nostrorum
1635 585 1947 648 adventu
1971 585 2208 647 statim
2239 583 2524 646 domum
2545 591 2866 645 nostram
2887 583 3142 646 saluta-

674 703 876 755 turus
907 708 1141 754 novos
1184 691 1604 771 Collegiales
1644 690 1965 770 advenit,
2005 700 2075 753 et
2112 707 2387 754 summa
2428 689 2864 753 humanitate
2903 707 3148 753 omnes

677 800 1093 880 appellavit,
1127 808 1196 862 et
1224 799 1442 862 animi
1470 800 1583 862 sui
1613 798 2156 881 propensionem
2184 799 2428 862 multis
2456 798 2693 861 ve'rbis
2717 798 3045 875 ostendit,
3078 807 3147 860 et

677 908 751 969 in
801 906 1150 987 frequenti
1192 907 1534 969 nobilium
1571 906 1893 969 virorum
1931 923 2229 985 corona,
2272 922 2348 968 se
2391 922 2614 985 usque
2652 905 2745 968 ad
2780 905 3148 984 sanguinis

675 1013 1094 1077 effusionem
1124 1013 1516 1093 Collegium
1542 1013 1678 1076 hoc
1707 1022 2189 1092 protecturum
2207 1013 2564 1093 ‘nullisque
2589 1011 2738 1092 eJus
2760 1012 3141 1075 necessita-

680 1122 865 1184 tibus
908 1120 1307 1186 defuturum
1357 1130 1464 1184 est
1504 1120 1891 1202 pollicitus,
1940 1129 2009 1184 et
2050 1137 2261 1200 opere
2305 1120 2459 1199 ipso
2499 1120 2686 1199 quod
2725 1119 3149 1199 promiserat

678 1228 1054 1309 praestitit.
1110 1228 1457 1306 Tandem,
1507 1228 1707 1291 Duce
1757 1228 1914 1309 ipso
1957 1229 2400 1304 consulente,
2445 1226 2866 1289 Sacerdotes
2900 1226 3147 1306 nostri,

679 1332 811 1398 ΡΡ.
852 1334 1218 1397 Bobadilla
1247 1345 1316 1397 et
1345 1334 1705 1410 AndreaS,
1741 1352 1903 1397 cum
1936 1334 2208 1397 duobus
2233 1333 2592 1411 fratribus,
2625 1332 2953 1396 Puteolos
2984 1332 3148 1396 Pro-

676 1458 926 1520 regem
957 1441 1330 1504 salutaturi
1359 1442 1659 1521 profecti
1686 1451 1874 1521 sunt,
1909 1459 2084 1522 quos
2112 1442 2261 1521 ipse
2289 1440 2456 1504 Dux
2479 1440 2740 1503 Montis
2761 1439 3018 1502 Leonis
3043 1448 3151 1502 est

679 1549 1081 1612 comitatus,
1120 1549 1219 1611 Ibi
1250 1565 1427 1627 ergo
1474 1565 1738 1628 magna
1778 1560 1942 1612 cum
1985 1548 2421 1612 humanitate
2463 1559 2532 1611 et
2568 1548 2831 1628 gaudio
2868 1555 3153 1609 nostros

682 1654 1015 1735 Pro-rex,
1059 1654 1311 1718 Petrus
1354 1656 1441 1718 de
1475 1655 1771 1734 Toled0,
1815 1655 2124 1737 excepit,
2167 1655 2287 1736 qui
2324 1655 2590 1734 omnia,
2619 1672 2805 1734 quae
2841 1653 2992 1733 ejus
3033 1670 3153 1715 no-

681 1763 875 1825 mine
904 1762 1072 1826 Dux
1099 1764 1544 1843 promiserat,
1583 1763 1857 1826 liberali
1886 1764 2123 1825 animo
2154 1761 2621 1841 confirmavit,
2656 1769 2724 1824 et
2753 1778 2791 1823 e
2822 1760 3149 1839 vestigiO,

682 1870 755 1932 in
810 1880 1049 1934 ratam
1106 1881 1389 1950 partem
1448 1888 1726 1950 eorum,
1780 1888 1961 1950 quae
2017 1871 2469 1950 promiserat,
2524 1878 2806 1932 centum
2862 1884 3151 1931 corona·

682 1985 796 2040 tos
850 1976 1046 2041 Patri
1093 1977 1461 2041 Bobadilla
1511 1979 1721 2041 misit.
1768 1978 1967 2041 Unus
2005 1978 2284 2040 interim
2323 1996 2412 2039 ex
2450 1975 2814 2054 fratribuS‚
2858 1975 3151 2051 scilicet,

682 2083 998 2166 Joannes
1027 2084 1456 2148 Franciscus
1491 2084 1876 2164 Heraldus,
1912 2084 2251 2162 Puteolis,
2285 2083 2475 2164 quod
2506 2084 2577 2146 in
2605 2083 2854 2147 itinere
2884 2091 2954 2145 et
2981 2081 3156 2144 Nea·

685 2191 833 2271 poli
854 2191 1070 2254 etiam
1092 2191 1379 2269 fecerat,
1418 2202 1785 2254 strenuum
1806 2209 1884 2254 se
1907 2193 2437 2255 exhortatorem
2459 2192 2532 2253 in
2551 2193 2789 2271 platea
2811 2188 3154 2269 praebuit.

686 2297 1057 2380 Neapolim
1086 2298 1467 2362 redeuntes
1502 2298 1587 2360 de
1623 2299 1964 2362 exercitio
1991 2298 2418 2362 scholastico
2441 2295 2843 2377 evulgando
2868 2296 2986 2375 agi
3009 2300 3158 2358 coe·

696 2414 895 2485 ptum
953 2414 1119 2483 est;·
1149 2406 1421 2468 litteras
1477 2415 1757 2468 tantum
1816 2405 2269 2469 humaniores
2310 2405 2568 2467 latinas
2631 2415 2700 2467 et
2745 2420 3046 2482 graecas
3083 2417 3160 2464 se

686 2510 1007 2575 facturos
1037 2521 1107 2575 et
1129 2513 1425 2591 quae'ad
1455 2512 1920 2575 christianam
1941 2513 2338 2576 doctrinam
2358 2529 2739 2592 puerorum
2760 2520 2974 2590 atque
2997 2509 3157 2572 ado·
3271 2548 3274 2549 ν

687 2619 1083 2681 lescentum
1110 2620 1560 2699 pertinebant
1588 2637 1667 2682 se
1707 2637 1872 2683 cum
1906 2619 2157 2682 litteris
2201 2619 2704 2700 conjuncturos
2742 2616 3160 2697 profiteban-

688 2734 823 2803 tur;
886 2726 1011 2788 sed
1048 2726 1234 2790 haec
1289 2727 1486 2790 initio
1542 2728 1710 2791 anni
1757 2727 2112 2807 sequentis
2163 2725 2338 2806 (jam
2367 2727 2552 2789 enim
2591 2725 2929 2789 Natalitia
2977 2725 3158 2788 festa

687 2832 1076 2911 instabant)
1100 2834 1432 2898 inchoata
1459 2833 1766 2897 fuerunt.
1797 2833 2218 2897 Cathedrale
2241 2834 2578 2913 templum
2603 2832 2840 2895 domui
2862 2832 3034 2895 satis
3055 2831 3155 2894 vi-

681 2938 932 3002 cinum
961 2948 1135 3019 erat,
1170 2950 1239 3003 et
1264 2942 1603 3004 sacellum
1633 2940 1990 3021 quoddam
2013 2941 2239 3004 eidem
2282 2938 2762 3019 conjunctum,
2801 2938 2918 3002 ubi
2953 2938 3154 3016 spiri·

684 3047 921 3109 tuales
952 3047 1496 3111 exercitationes
1520 3047 1723 3128 juxta
1753 3049 2056 3124 instituti
2078 3048 2301 3112 nostri
2323 3047 2672 3109 rationem
2693 3046 3008 3109 exerceri
3031 3063 3149 3107 na·

690 3154 935 3216 talitiis
958 3154 1156 3217 sestis
1178 3165 1578 3235 potuerunt.
1608 3156 1695 3218 Et
1711 3156 1887 3218 haec
1909 3156 1995 3218 de
2019 3155 2217 3218 initio
2231 3153 2676 3234 Neapolitani
2699 3152 2995 3233 Collegii
3016 3152 3154 3215 sint

690 3260 903 3325 dicta.

815 3367 917 3430 20.
1005 3368 1407 3448 Antequam
1445 3370 1532 3432 de
1574 3369 1966 3433 Florentini
2003 3369 2327 3449 Collegii,
2373 3368 2509 3432 hoc
2551 3385 2739 3431 anno
2784 3368 2995 3430 etiam
3040 3367 3150 3429 de-

686 3475 910 3554 ducti,
949 3475 1166 3538 initiis
1195 3478 1471 3557 loquar,
1510 3477 2104 3556 praemittendum
2131 3486 2261 3555 est,
2293 3476 2482 3556 quod
2508 3475 2585 3538 P.
2628 3475 2934 3558 jacobus
2969 3473 3153 3554 Lay-

689 3598 847 3659 nez,
884 3590 1258 3661 postquam
1290 3583 1672 3647 dominicis
1702 3593 1771 3646 et
1811 3584 2011 3646 festis
2049 3583 2292 3647 diebus
2327 3572 2569 3645 mense
2609 3581 2947 3664 Januario
2986 3598 3154 3643 suas

691 3689 1037 3752 lectiones
1066 3692 1184 3752 vel
1212 3691 1591 3754 conciones
1619 3692 2144 3770 pomeridianas
2165 3690 2432 3754 Romae
2456 3706 2716 3768 magno
2740 3692 2900 3752 cum
2920 3686 3154 3751 fructu

686 3796 1203 3876 continuasset,
1224 3798 1430 3860 simul
1448 3811 1608 3861 cum
1624 3798 1823 3861 Duce
1838 3799 2159 3862 Gandiae
2181 3798 2279 3860 4.·ι
2301 3796 2666 3860 Februarii
2681 3796 2881 3859 Pisas
2902 3812 3154 3858 versus

694 3902 832 3964 iter
864 3903 1185 3966 instituit.
1218 3903 1503 3968 Litteris
1532 3905 1718 3967 enim
1746 3906 1915 3985 suiS,
1947 3913 2025 3967 ut
2052 3904 2375 3986 superius
2403 3904 2668 3968 dictum
2689 3912 2816 3981 est,
2851 3902 3154 3965 Ducissa

695 4008 1100 4072 Florentiae
1131 4029 1173 4072 a
1202 4009 1491 4074 Summo
1522 4011 1859 4074 Pontifice
1888 4029 2047 4074 eum
2077 4011 2615 4093 impetraverat,
2652 4020 2718 4073 et
2756 4027 2842 4072 ea
2879 4008 3154 4072 ratione

697 4134 737 4178 e
766 4113 1006 4203 Sicilia
1036 4115 1337 4179 Romam
1366 4126 1748 4180 revocatus
1777 4127 1845 4180 et
1875 4117 2154 4181 demum
2185 4117 2276 4180 ad
2305 4117 2712 4196 Ducissam,
2755 4134 2935 4196 quae
2970 4114 3152 4178 Pisis

690 4231 863 4286 tunc
896 4234 1082 4303 erat,
1115 4225 1372 4286 missus
1405 4233 1542 4302 est;
1578 4234 1646 4287 et
1676 4226 1747 4292 in
1782 4225 2062 4305 itinere,
2105 4225 2491 4303 sociorum,
2537 4225 2658 4305 qui
2694 4224 2768 4286 in
2808 4221 3151 4302 Hispania

685 4346 857 4392 cum
891 4330 1092 4393 Duce
1122 4330 1773 4411 proficiscebantur,
1808 4341 1878 4395 et
1915 4331 2265 4395 sacrificia
2293 4332 2671 4394 Missaru'm
2700 4338 2769 4393 et
2799 4329 3154 4393 oratione‘s

693 4454 826 4516 pro
856 4436 1258 4500 Florentiae
1289 4436 1607 4501 Ducibus
1637 4456 1721 4502 ac
1756 4457 2000 4503 eorum
2041 4439 2306 4503 ditione
2344 4457 2487 4502 non
2523 4456 2791 4521 paucas
2827 4438 3153 4518 impetra-

694 4543 831 4621 vit,
868 4543 1119 4624 quibus
1150 4553 1520 4624 acceptum
1551 4563 1707 4609 esse
1737 4546 2101 4610 serendum
2132 4548 2244 4610 ille
2273 4547 2547 4628 scribit,
2590 4547 2774 4609 bona
2806 4563 2897 4608 ex
2925 4552 3149 4626 parte,

690 4642 761 4711 si
789 4648 956 4728 quid
986 4650 1081 4712 ibi
1109 4648 1491 4716 Societatis
1520 4669 1738 4733 opera
1765 4653 1943 4717 bene
1972 4655 2402 4718 succederet.
2450 4650 2832 4731 Cujusdam
2868 4651 3004 4714 viri
3032 4668 3152 4713 no·
