<?xml version="1.0" encoding="UTF-8"?>
<!DOCTYPE html PUBLIC "-//W3C//DTD XHTML 1.0 Transitional//EN"
    "http://www.w3.org/TR/xhtml1/DTD/xhtml1-transitional.dtd">
<html xmlns="http://www.w3.org/1999/xhtml" xml:lang="en" lang="en">
 <head>
  <title>
</title>
<meta http-equiv="Content-Type" content="text/html;charset=utf-8" />
  <meta name='ocr-system' content='tesseract 3.04.00' />
  <meta name='ocr-capabilities' content='ocr_page ocr_carea ocr_par ocr_line ocrx_word'/>
</head>
<body>
  <div class='ocr_page' id='page_1' title='image "./vitaignatiiloio03polagoog_0575.png"; bbox 0 0 3679 5414; ppageno 0'>
   <div class='ocr_carea' id='block_1_1' title="bbox 1633 518 3069 579">
    <p class='ocr_par' dir='ltr' id='par_1_1' title="bbox 1633 518 3069 579">
     <span class='ocr_line' id='line_1_1' title="bbox 1633 518 3069 579; baseline 0.001 -2"><span class='ocrx_word' id='word_1_1' title='bbox 1633 518 1760 577; x_wconf 72' lang='lat' dir='ltr'>AN.</span> <span class='ocrx_word' id='word_1_2' title='bbox 1817 518 1956 576; x_wconf 82' lang='lat'>1552</span> <span class='ocrx_word' id='word_1_3' title='bbox 2921 520 3069 579; x_wconf 98' lang='grc'>569</span> 
     </span>
    </p>
   </div>
   <div class='ocr_carea' id='block_1_2' title="bbox 478 660 3054 4065">
    <p class='ocr_par' dir='ltr' id='par_1_2' title="bbox 555 660 3054 1066">
     <span class='ocr_line' id='line_1_2' title="bbox 557 660 3028 744; baseline 0.002 -22"><span class='ocrx_word' id='word_1_4' title='bbox 557 660 760 737; x_wconf 88' lang='lat' dir='ltr'>trice,</span> <span class='ocrx_word' id='word_1_5' title='bbox 789 662 917 723; x_wconf 91' lang='lat' dir='ltr'>sub</span> <span class='ocrx_word' id='word_1_6' title='bbox 947 663 1129 741; x_wconf 89' lang='lat' dir='ltr'>pelle</span> <span class='ocrx_word' id='word_1_7' title='bbox 1159 672 1397 726; x_wconf 90' lang='lat' dir='ltr'>tamen</span> <span class='ocrx_word' id='word_1_8' title='bbox 1426 665 1712 726; x_wconf 88' lang='lat' dir='ltr'>morbus</span> <span class='ocrx_word' id='word_1_9' title='bbox 1742 665 1916 726; x_wconf 89' lang='lat' dir='ltr'>latet</span> <span class='ocrx_word' id='word_1_10' title='bbox 1946 672 2014 726; x_wconf 90' lang='lat' dir='ltr'>et</span> <span class='ocrx_word' id='word_1_11' title='bbox 2044 665 2326 727; x_wconf 92' lang='lat' dir='ltr'>demum</span> <span class='ocrx_word' id='word_1_12' title='bbox 2367 665 2704 744; x_wconf 79' lang='lat' dir='ltr'>erumpit3</span> <span class='ocrx_word' id='word_1_13' title='bbox 2748 674 2840 729; x_wconf 81' lang='lat' dir='ltr'>ut·</span> <span class='ocrx_word' id='word_1_14' title='bbox 2863 665 3028 730; x_wconf 88' lang='lat' dir='ltr'>huic</span> 
     </span>
     <span class='ocr_line' id='line_1_3' title="bbox 555 768 3053 852; baseline 0.002 -22"><span class='ocrx_word' id='word_1_15' title='bbox 555 768 789 831; x_wconf 91' lang='lat' dir='ltr'>eidem</span> <span class='ocrx_word' id='word_1_16' title='bbox 817 768 1101 832; x_wconf 89' lang='lat' dir='ltr'>accidit.</span> <span class='ocrx_word' id='word_1_17' title='bbox 1134 769 1421 833; x_wconf 87' lang='lat' dir='ltr'>Interim</span> <span class='ocrx_word' id='word_1_18' title='bbox 1462 779 1733 848; x_wconf 90' lang='lat' dir='ltr'>tamen,</span> <span class='ocrx_word' id='word_1_19' title='bbox 1776 771 1940 850; x_wconf 90' lang='lat' dir='ltr'>quia</span> <span class='ocrx_word' id='word_1_20' title='bbox 1979 772 2500 852; x_wconf 84' lang='lat' dir='ltr'>promotionem</span> <span class='ocrx_word' id='word_1_21' title='bbox 2538 784 2675 834; x_wconf 86' lang='lat' dir='ltr'>nec</span> <span class='ocrx_word' id='word_1_22' title='bbox 2716 772 3053 851; x_wconf 87' lang='lat' dir='ltr'>ipse-nec-</span> 
     </span>
     <span class='ocr_line' id='line_1_4' title="bbox 557 874 3054 958; baseline 0.002 -20"><span class='ocrx_word' id='word_1_23' title='bbox 557 874 902 954; x_wconf 88' lang='lat' dir='ltr'>Magister</span> <span class='ocrx_word' id='word_1_24' title='bbox 942 875 1150 955; x_wconf 86' lang='lat' dir='ltr'>Otho,</span> <span class='ocrx_word' id='word_1_25' title='bbox 1193 875 1342 955; x_wconf 77' lang='lat' dir='ltr'>eJus</span> <span class='ocrx_word' id='word_1_26' title='bbox 1382 878 1648 956; x_wconf 77' lang='lat' dir='ltr'>sociuS,</span> <span class='ocrx_word' id='word_1_27' title='bbox 1683 878 1987 941; x_wconf 87' lang='lat' dir='ltr'>Lovanii</span> <span class='ocrx_word' id='word_1_28' title='bbox 2018 886 2513 958; x_wconf 83' lang='lat' dir='ltr'>susceperant,</span> <span class='ocrx_word' id='word_1_29' title='bbox 2549 889 2845 958; x_wconf 88' lang='lat' dir='ltr'>propter·</span> <span class='ocrx_word' id='word_1_30' title='bbox 2868 896 3054 958; x_wconf 50' lang='lat' dir='ltr'>prov</span> 
     </span>
     <span class='ocr_line' id='line_1_5' title="bbox 558 985 3025 1066; baseline 0.002 -21"><span class='ocrx_word' id='word_1_31' title='bbox 558 1000 806 1061; x_wconf 90' lang='lat' dir='ltr'>perum</span> <span class='ocrx_word' id='word_1_32' title='bbox 837 1001 1219 1063; x_wconf 85' lang='lat' dir='ltr'>recessum,</span> <span class='ocrx_word' id='word_1_33' title='bbox 1255 985 1582 1065; x_wconf 89' lang='lat' dir='ltr'>quamvis</span> <span class='ocrx_word' id='word_1_34' title='bbox 1614 1003 1900 1048; x_wconf 93' lang='lat' dir='ltr'>cursum</span> <span class='ocrx_word' id='word_1_35' title='bbox 1925 985 2154 1066; x_wconf 90' lang='lat' dir='ltr'>ipsum</span> <span class='ocrx_word' id='word_1_36' title='bbox 2176 985 2664 1065; x_wconf 84' lang='lat' dir='ltr'>philosophiae</span> <span class='ocrx_word' id='word_1_37' title='bbox 2687 986 3025 1052; x_wconf 86' lang='lat' dir='ltr'>absolvis-</span> 
     </span>
    </p>

    <p class='ocr_par' dir='ltr' id='par_1_3' title="bbox 556 1090 3051 1284">
     <span class='ocr_line' id='line_1_6' title="bbox 556 1090 3051 1173; baseline 0.003 -23"><span class='ocrx_word' id='word_1_38' title='bbox 556 1098 733 1168; x_wconf 88' lang='lat' dir='ltr'>sent,</span> <span class='ocrx_word' id='word_1_39' title='bbox 769 1090 1018 1154; x_wconf 91' lang='lat' dir='ltr'>obtulit</span> <span class='ocrx_word' id='word_1_40' title='bbox 1049 1092 1208 1154; x_wconf 91' lang='lat' dir='ltr'>illos</span> <span class='ocrx_word' id='word_1_41' title='bbox 1245 1091 1712 1155; x_wconf 88' lang='lat' dir='ltr'>Universitati</span> <span class='ocrx_word' id='word_1_42' title='bbox 1742 1091 2253 1155; x_wconf 86' lang='lat' dir='ltr'>examinandos</span> <span class='ocrx_word' id='word_1_43' title='bbox 2283 1109 2369 1154; x_wconf 91' lang='lat' dir='ltr'>ac</span> <span class='ocrx_word' id='word_1_44' title='bbox 2399 1092 2925 1173; x_wconf 89' lang='lat' dir='ltr'>promovendos</span> <span class='ocrx_word' id='word_1_45' title='bbox 2954 1095 3051 1157; x_wconf 51' lang='lat' dir='ltr'>in¹</span> 
     </span>
     <span class='ocr_line' id='line_1_7' title="bbox 556 1194 3022 1284; baseline 0.002 -27"><span class='ocrx_word' id='word_1_46' title='bbox 556 1194 693 1258; x_wconf 84' lang='lat' dir='ltr'>hac</span> <span class='ocrx_word' id='word_1_47' title='bbox 733 1197 1319 1277; x_wconf 88' lang='lat' dir='ltr'>quadragesima,</span> <span class='ocrx_word' id='word_1_48' title='bbox 1372 1207 1441 1261; x_wconf 92' lang='lat' dir='ltr'>et</span> <span class='ocrx_word' id='word_1_49' title='bbox 1495 1217 1659 1262; x_wconf 91' lang='lat' dir='ltr'>cum</span> <span class='ocrx_word' id='word_1_50' title='bbox 1709 1199 2067 1262; x_wconf 83' lang='lat' dir='ltr'>doctiores</span> <span class='ocrx_word' id='word_1_51' title='bbox 2106 1200 2410 1262; x_wconf 88' lang='lat' dir='ltr'>caeteris</span> <span class='ocrx_word' id='word_1_52' title='bbox 2451 1200 2719 1262; x_wconf 87' lang='lat' dir='ltr'>inventi</span> <span class='ocrx_word' id='word_1_53' title='bbox 2765 1210 3022 1284; x_wconf 88' lang='lat' dir='ltr'>essent,</span> 
     </span>
    </p>

    <p class='ocr_par' dir='ltr' id='par_1_4' title="bbox 555 1302 3026 1388">
     <span class='ocr_line' id='line_1_8' title="bbox 555 1302 3026 1388; baseline 0.003 -25"><span class='ocrx_word' id='word_1_54' title='bbox 555 1302 863 1381; x_wconf 90' lang='lat' dir='ltr'>primum</span> <span class='ocrx_word' id='word_1_55' title='bbox 913 1305 1150 1368; x_wconf 90' lang='lat' dir='ltr'>locum</span> <span class='ocrx_word' id='word_1_56' title='bbox 1185 1305 1478 1387; x_wconf 92' lang='lat' dir='ltr'>Jacobo,</span> <span class='ocrx_word' id='word_1_57' title='bbox 1522 1306 1805 1369; x_wconf 91' lang='lat' dir='ltr'>tertium</span> <span class='ocrx_word' id='word_1_58' title='bbox 1858 1305 2120 1369; x_wconf 91' lang='lat' dir='ltr'>Othoni</span> <span class='ocrx_word' id='word_1_59' title='bbox 2171 1307 2592 1384; x_wconf 87' lang='lat' dir='ltr'>detulerunt;</span> <span class='ocrx_word' id='word_1_60' title='bbox 2643 1324 2789 1370; x_wconf 93' lang='lat' dir='ltr'>non</span> <span class='ocrx_word' id='word_1_61' title='bbox 2840 1308 3026 1388; x_wconf 92' lang='lat' dir='ltr'>quod</span> 
     </span>
    </p>

    <p class='ocr_par' dir='ltr' id='par_1_5' title="bbox 478 1399 3027 1601">
     <span class='ocr_line' id='line_1_9' title="bbox 534 1399 3027 1494; baseline 0.003 -24"><span class='ocrx_word' id='word_1_62' title='bbox 534 1410 781 1472; x_wconf 68' lang='lat' dir='ltr'>vnostri</span> <span class='ocrx_word' id='word_1_63' title='bbox 807 1411 1003 1474; x_wconf 88' lang='lat' dir='ltr'>locos</span> <span class='ocrx_word' id='word_1_64' title='bbox 1037 1410 1439 1492; x_wconf 90' lang='lat' dir='ltr'>hujusmodi</span> <span class='ocrx_word' id='word_1_65' title='bbox 1469 1421 1833 1490; x_wconf 90' lang='lat' dir='ltr'>curarent,</span> <span class='ocrx_word' id='word_1_66' title='bbox 1867 1412 1991 1476; x_wconf 91' lang='lat' dir='ltr'>sed</span> <span class='ocrx_word' id='word_1_67' title='bbox 2036 1413 2201 1493; x_wconf 90' lang='lat' dir='ltr'>quia</span> <span class='ocrx_word' id='word_1_68' title='bbox 2232 1399 2756 1477; x_wconf 65' lang='lat' dir='ltr'>&#39;examinatores</span> <span class='ocrx_word' id='word_1_69' title='bbox 2785 1413 3027 1494; x_wconf 88' lang='lat' dir='ltr'>jurare</span> 
     </span>
     <span class='ocr_line' id='line_1_10' title="bbox 478 1517 3024 1601; baseline 0.002 -23"><span class='ocrx_word' id='word_1_70' title='bbox 478 1598 482 1601; x_wconf 79' lang='lat'><strong>.</strong></span> <span class='ocrx_word' id='word_1_71' title='bbox 556 1518 784 1580; x_wconf 89' lang='lat' dir='ltr'>solent</span> <span class='ocrx_word' id='word_1_72' title='bbox 815 1517 1203 1581; x_wconf 92' lang='lat' dir='ltr'>secundum</span> <span class='ocrx_word' id='word_1_73' title='bbox 1227 1520 1481 1582; x_wconf 87' lang='lat' dir='ltr'>merita</span> <span class='ocrx_word' id='word_1_74' title='bbox 1511 1537 1587 1582; x_wconf 91' lang='lat' dir='ltr'>se</span> <span class='ocrx_word' id='word_1_75' title='bbox 1612 1520 1880 1599; x_wconf 92' lang='lat' dir='ltr'>gradus</span> <span class='ocrx_word' id='word_1_76' title='bbox 1909 1519 2310 1600; x_wconf 77' lang='lat' dir='ltr'>huJusmodi</span> <span class='ocrx_word' id='word_1_77' title='bbox 2339 1521 2861 1584; x_wconf 80' lang='lat' dir='ltr'>distributuros,</span> <span class='ocrx_word' id='word_1_78' title='bbox 2896 1521 3024 1583; x_wconf 88' lang='lat' dir='ltr'>Ita-</span> 
     </span>
    </p>

    <p class='ocr_par' dir='ltr' id='par_1_6' title="bbox 560 1625 3022 1707">
     <span class='ocr_line' id='line_1_11' title="bbox 560 1625 3022 1707; baseline 0.002 -22"><span class='ocrx_word' id='word_1_79' title='bbox 560 1641 717 1702; x_wconf 88' lang='lat' dir='ltr'>que,</span> <span class='ocrx_word' id='word_1_80' title='bbox 749 1625 914 1688; x_wconf 92' lang='lat' dir='ltr'>licet</span> <span class='ocrx_word' id='word_1_81' title='bbox 944 1625 1170 1704; x_wconf 90' lang='lat' dir='ltr'>gratis</span> <span class='ocrx_word' id='word_1_82' title='bbox 1199 1627 1484 1689; x_wconf 90' lang='lat' dir='ltr'>omnino</span> <span class='ocrx_word' id='word_1_83' title='bbox 1514 1627 1985 1706; x_wconf 87' lang='lat' dir='ltr'>promovendi</span> <span class='ocrx_word' id='word_1_84' title='bbox 2015 1638 2220 1691; x_wconf 89' lang='lat' dir='ltr'>erant</span> <span class='ocrx_word' id='word_1_85' title='bbox 2252 1628 2453 1706; x_wconf 88' lang='lat' dir='ltr'>(nam</span> <span class='ocrx_word' id='word_1_86' title='bbox 2482 1628 2876 1707; x_wconf 86' lang='lat' dir='ltr'>Imperator</span> <span class='ocrx_word' id='word_1_87' title='bbox 2905 1646 3022 1691; x_wconf 90' lang='lat' dir='ltr'>no-</span> 
     </span>
    </p>

    <p class='ocr_par' dir='ltr' id='par_1_7' title="bbox 554 1732 3025 1813">
     <span class='ocr_line' id='line_1_12' title="bbox 554 1732 3025 1813; baseline 0.001 -20"><span class='ocrx_word' id='word_1_88' title='bbox 554 1740 740 1794; x_wconf 89' lang='lat' dir='ltr'>stros</span> <span class='ocrx_word' id='word_1_89' title='bbox 770 1732 922 1794; x_wconf 91' lang='lat' dir='ltr'>sine</span> <span class='ocrx_word' id='word_1_90' title='bbox 952 1733 1091 1795; x_wconf 93' lang='lat' dir='ltr'>ullo</span> <span class='ocrx_word' id='word_1_91' title='bbox 1121 1741 1407 1813; x_wconf 89' lang='lat' dir='ltr'>sumptu</span> <span class='ocrx_word' id='word_1_92' title='bbox 1436 1735 1844 1813; x_wconf 88' lang='lat' dir='ltr'>promoveri</span> <span class='ocrx_word' id='word_1_93' title='bbox 1875 1735 1947 1797; x_wconf 91' lang='lat' dir='ltr'>in</span> <span class='ocrx_word' id='word_1_94' title='bbox 1980 1751 2065 1797; x_wconf 91' lang='lat' dir='ltr'>ea</span> <span class='ocrx_word' id='word_1_95' title='bbox 2090 1733 2570 1798; x_wconf 85' lang='lat' dir='ltr'>Universitate</span> <span class='ocrx_word' id='word_1_96' title='bbox 2593 1751 2872 1813; x_wconf 90' lang='lat' dir='ltr'>semper</span> <span class='ocrx_word' id='word_1_97' title='bbox 2905 1752 3025 1796; x_wconf 91' lang='lat' dir='ltr'>vo-</span> 
     </span>
    </p>

    <p class='ocr_par' dir='ltr' id='par_1_8' title="bbox 551 1839 3020 1922">
     <span class='ocr_line' id='line_1_13' title="bbox 551 1839 3020 1922; baseline 0.002 -22"><span class='ocrx_word' id='word_1_98' title='bbox 551 1839 830 1917; x_wconf 85' lang='lat' dir='ltr'>luerat),</span> <span class='ocrx_word' id='word_1_99' title='bbox 865 1857 1010 1912; x_wconf 91' lang='lat' dir='ltr'>non</span> <span class='ocrx_word' id='word_1_100' title='bbox 1039 1840 1192 1903; x_wconf 92' lang='lat' dir='ltr'>sine</span> <span class='ocrx_word' id='word_1_101' title='bbox 1216 1841 1452 1920; x_wconf 89' lang='lat' dir='ltr'>aliquo</span> <span class='ocrx_word' id='word_1_102' title='bbox 1475 1858 1833 1904; x_wconf 84' lang='lat' dir='ltr'>murmure</span> <span class='ocrx_word' id='word_1_103' title='bbox 1864 1842 2165 1904; x_wconf 90' lang='lat' dir='ltr'>aliorum</span> <span class='ocrx_word' id='word_1_104' title='bbox 2194 1841 2540 1922; x_wconf 88' lang='lat' dir='ltr'>praeferri</span> <span class='ocrx_word' id='word_1_105' title='bbox 2563 1840 2952 1904; x_wconf 88' lang='lat' dir='ltr'>debuerunt</span> <span class='ocrx_word' id='word_1_106' title='bbox 2980 1841 3020 1905; x_wconf 90' lang='lat'>¹.</span> 
     </span>
    </p>

    <p class='ocr_par' dir='ltr' id='par_1_9' title="bbox 669 1929 3025 2029">
     <span class='ocr_line' id='line_1_14' title="bbox 669 1929 3025 2029; baseline 0.003 -23"><span class='ocrx_word' id='word_1_107' title='bbox 669 1945 808 2008; x_wconf 84' lang='lat'><strong>364.</strong></span> <span class='ocrx_word' id='word_1_108' title='bbox 897 1946 1411 2027; x_wconf 89' lang='lat' dir='ltr'>Compendium</span> <span class='ocrx_word' id='word_1_109' title='bbox 1442 1948 1923 2028; x_wconf 87' lang='lat' dir='ltr'>theologicum</span> <span class='ocrx_word' id='word_1_110' title='bbox 1959 1946 2107 2027; x_wconf 91' lang='lat' dir='ltr'>jam</span> <span class='ocrx_word' id='word_1_111' title='bbox 2138 1929 2439 2026; x_wconf 85' lang='lat' dir='ltr'>dictum,</span> <span class='ocrx_word' id='word_1_112' title='bbox 2474 1948 2803 2028; x_wconf 88' lang='lat' dir='ltr'>quamvis</span> <span class='ocrx_word' id='word_1_113' title='bbox 2835 1950 3025 2029; x_wconf 91' lang='lat' dir='ltr'>quod</span> 
     </span>
    </p>

    <p class='ocr_par' dir='ltr' id='par_1_10' title="bbox 552 2051 3024 2119">
     <span class='ocr_line' id='line_1_15' title="bbox 552 2051 3024 2119; baseline 0.002 -5"><span class='ocrx_word' id='word_1_114' title='bbox 552 2051 643 2114; x_wconf 92' lang='lat' dir='ltr'>ad</span> <span class='ocrx_word' id='word_1_115' title='bbox 674 2053 992 2116; x_wconf 90' lang='lat' dir='ltr'>ordinem</span> <span class='ocrx_word' id='word_1_116' title='bbox 1022 2055 1274 2118; x_wconf 85' lang='lat' dir='ltr'>attinet</span> <span class='ocrx_word' id='word_1_117' title='bbox 1302 2064 1374 2118; x_wconf 90' lang='lat' dir='ltr'>et</span> <span class='ocrx_word' id='word_1_118' title='bbox 1402 2071 1520 2118; x_wconf 92' lang='lat' dir='ltr'>res</span> <span class='ocrx_word' id='word_1_119' title='bbox 1549 2054 1889 2118; x_wconf 92' lang='lat' dir='ltr'>dicendas</span> <span class='ocrx_word' id='word_1_120' title='bbox 1922 2074 1964 2118; x_wconf 92' lang='lat' dir='ltr'>a</span> <span class='ocrx_word' id='word_1_121' title='bbox 2005 2056 2082 2118; x_wconf 90' lang='lat' dir='ltr'>P.</span> <span class='ocrx_word' id='word_1_122' title='bbox 2128 2055 2423 2119; x_wconf 91' lang='lat' dir='ltr'>Claudio</span> <span class='ocrx_word' id='word_1_123' title='bbox 2448 2072 2533 2117; x_wconf 91' lang='lat' dir='ltr'>ac</span> <span class='ocrx_word' id='word_1_124' title='bbox 2555 2053 2632 2119; x_wconf 89' lang='grc' dir='ltr'>Ρ.</span> <span class='ocrx_word' id='word_1_125' title='bbox 2674 2053 3024 2119; x_wconf 89' lang='lat' dir='ltr'>Gaudano</span> 
     </span>
    </p>

    <p class='ocr_par' dir='ltr' id='par_1_11' title="bbox 550 2160 3022 2241">
     <span class='ocr_line' id='line_1_16' title="bbox 550 2160 3022 2241; baseline 0.002 -20"><span class='ocrx_word' id='word_1_126' title='bbox 550 2177 642 2222; x_wconf 83' lang='lat' dir='ltr'>ex</span> <span class='ocrx_word' id='word_1_127' title='bbox 673 2160 859 2222; x_wconf 90' lang='lat' dir='ltr'>bona</span> <span class='ocrx_word' id='word_1_128' title='bbox 887 2170 1092 2241; x_wconf 81' lang='lat' dir='ltr'>parte</span> <span class='ocrx_word' id='word_1_129' title='bbox 1122 2161 1573 2240; x_wconf 85' lang='lat' dir='ltr'>formaretur,</span> <span class='ocrx_word' id='word_1_130' title='bbox 1607 2161 1683 2224; x_wconf 93' lang='lat' dir='ltr'>P.</span> <span class='ocrx_word' id='word_1_131' title='bbox 1719 2172 1957 2226; x_wconf 89' lang='lat' dir='ltr'>tamen</span> <span class='ocrx_word' id='word_1_132' title='bbox 1988 2162 2340 2240; x_wconf 77' lang='lat' dir='ltr'>CanisiuS,</span> <span class='ocrx_word' id='word_1_133' title='bbox 2369 2170 2652 2241; x_wconf 88' lang='lat' dir='ltr'>praeter</span> <span class='ocrx_word' id='word_1_134' title='bbox 2681 2163 3022 2225; x_wconf 91' lang='lat' dir='ltr'>inventio·</span> 
     </span>
    </p>

    <p class='ocr_par' dir='ltr' id='par_1_12' title="bbox 548 2269 3021 2355">
     <span class='ocr_line' id='line_1_17' title="bbox 548 2269 3021 2355; baseline 0.001 -26"><span class='ocrx_word' id='word_1_135' title='bbox 548 2284 731 2345; x_wconf 90' lang='lat' dir='ltr'>nem,</span> <span class='ocrx_word' id='word_1_136' title='bbox 767 2269 1029 2347; x_wconf 85' lang='lat' dir='ltr'>stylum</span> <span class='ocrx_word' id='word_1_137' title='bbox 1058 2269 1399 2349; x_wconf 88' lang='lat' dir='ltr'>addebat;</span> <span class='ocrx_word' id='word_1_138' title='bbox 1431 2278 1502 2332; x_wconf 89' lang='lat' dir='ltr'>et</span> <span class='ocrx_word' id='word_1_139' title='bbox 1539 2270 1640 2333; x_wconf 91' lang='lat' dir='ltr'>ita</span> <span class='ocrx_word' id='word_1_140' title='bbox 1679 2270 2011 2350; x_wconf 92' lang='lat' dir='ltr'>quamvis</span> <span class='ocrx_word' id='word_1_141' title='bbox 2051 2270 2672 2348; x_wconf 88' lang='lat' dir='ltr'>argentinensibus</span> <span class='ocrx_word' id='word_1_142' title='bbox 2713 2287 2876 2355; x_wconf 88' lang='lat' dir='ltr'>eum</span> <span class='ocrx_word' id='word_1_143' title='bbox 2907 2288 3021 2333; x_wconf 84' lang='lat' dir='ltr'>cx-</span> 
     </span>
    </p>

    <p class='ocr_par' dir='ltr' id='par_1_13' title="bbox 550 2375 3022 2457">
     <span class='ocr_line' id='line_1_18' title="bbox 550 2375 3022 2457; baseline 0.002 -22"><span class='ocrx_word' id='word_1_144' title='bbox 550 2375 948 2453; x_wconf 90' lang='lat' dir='ltr'>petentibus</span> <span class='ocrx_word' id='word_1_145' title='bbox 994 2383 1155 2455; x_wconf 91' lang='lat' dir='ltr'>post</span> <span class='ocrx_word' id='word_1_146' title='bbox 1192 2375 1470 2439; x_wconf 90' lang='lat' dir='ltr'>Pascha</span> <span class='ocrx_word' id='word_1_147' title='bbox 1511 2376 1895 2439; x_wconf 90' lang='lat' dir='ltr'>mittendus</span> <span class='ocrx_word' id='word_1_148' title='bbox 1945 2377 2386 2456; x_wconf 89' lang='lat' dir='ltr'>credebatur,</span> <span class='ocrx_word' id='word_1_149' title='bbox 2433 2377 2505 2440; x_wconf 88' lang='lat' dir='ltr'>id</span> <span class='ocrx_word' id='word_1_150' title='bbox 2543 2375 2699 2439; x_wconf 88' lang='lat' dir='ltr'>fieri</span> <span class='ocrx_word' id='word_1_151' title='bbox 2734 2395 2880 2439; x_wconf 92' lang='lat' dir='ltr'>non</span> <span class='ocrx_word' id='word_1_152' title='bbox 2905 2395 3022 2457; x_wconf 93' lang='lat' dir='ltr'>po·</span> 
     </span>
    </p>

    <p class='ocr_par' dir='ltr' id='par_1_14' title="bbox 548 2481 3024 2565">
     <span class='ocr_line' id='line_1_19' title="bbox 548 2481 3024 2565; baseline 0.001 -21"><span class='ocrx_word' id='word_1_153' title='bbox 548 2481 700 2559; x_wconf 93' lang='lat' dir='ltr'>tuit,</span> <span class='ocrx_word' id='word_1_154' title='bbox 734 2500 821 2544; x_wconf 89' lang='lat' dir='ltr'>ne</span> <span class='ocrx_word' id='word_1_155' title='bbox 852 2483 1369 2563; x_wconf 90' lang='lat' dir='ltr'>compendium,</span> <span class='ocrx_word' id='word_1_156' title='bbox 1397 2483 1512 2546; x_wconf 92' lang='lat' dir='ltr'>cui</span> <span class='ocrx_word' id='word_1_157' title='bbox 1532 2483 1836 2547; x_wconf 88' lang='lat' dir='ltr'>formam</span> <span class='ocrx_word' id='word_1_158' title='bbox 1859 2485 2180 2547; x_wconf 88' lang='lat' dir='ltr'>ultimam</span> <span class='ocrx_word' id='word_1_159' title='bbox 2205 2485 2355 2565; x_wconf 90' lang='lat' dir='ltr'>ipse</span> <span class='ocrx_word' id='word_1_160' title='bbox 2384 2484 2811 2564; x_wconf 90' lang='lat' dir='ltr'>imponebat,</span> <span class='ocrx_word' id='word_1_161' title='bbox 2848 2493 3024 2548; x_wconf 90' lang='lat' dir='ltr'>tam-</span> 
     </span>
    </p>

    <p class='ocr_par' dir='ltr' id='par_1_15' title="bbox 550 2588 3020 2671">
     <span class='ocr_line' id='line_1_20' title="bbox 550 2588 3020 2671; baseline 0.002 -20"><span class='ocrx_word' id='word_1_162' title='bbox 550 2588 667 2651; x_wconf 90' lang='lat' dir='ltr'>diu</span> <span class='ocrx_word' id='word_1_163' title='bbox 699 2588 1161 2653; x_wconf 84' lang='lat' dir='ltr'>differendum</span> <span class='ocrx_word' id='word_1_164' title='bbox 1188 2600 1398 2670; x_wconf 91' lang='lat' dir='ltr'>esset,</span> <span class='ocrx_word' id='word_1_165' title='bbox 1426 2591 1614 2671; x_wconf 92' lang='lat' dir='ltr'>quod</span> <span class='ocrx_word' id='word_1_166' title='bbox 1636 2599 1784 2654; x_wconf 92' lang='lat' dir='ltr'>tam</span> <span class='ocrx_word' id='word_1_167' title='bbox 1804 2591 2017 2654; x_wconf 86' lang='lat' dir='ltr'>avide</span> <span class='ocrx_word' id='word_1_168' title='bbox 2042 2591 2423 2656; x_wconf 90' lang='lat' dir='ltr'>admodum</span> <span class='ocrx_word' id='word_1_169' title='bbox 2447 2592 3020 2671; x_wconf 84' lang='lat' dir='ltr'>exspectabatur,</span> 
     </span>
    </p>

    <p class='ocr_par' dir='ltr' id='par_1_16' title="bbox 540 2697 3016 2779">
     <span class='ocr_line' id='line_1_21' title="bbox 540 2697 3016 2779; baseline 0.002 -21"><span class='ocrx_word' id='word_1_170' title='bbox 540 2704 649 2774; x_wconf 83' lang='lat' dir='ltr'>et,</span> <span class='ocrx_word' id='word_1_171' title='bbox 685 2715 777 2760; x_wconf 84' lang='lat' dir='ltr'>ex</span> <span class='ocrx_word' id='word_1_172' title='bbox 806 2716 945 2779; x_wconf 93' lang='lat' dir='ltr'>quo</span> <span class='ocrx_word' id='word_1_173' title='bbox 976 2697 1334 2762; x_wconf 90' lang='lat' dir='ltr'>Viennam</span> <span class='ocrx_word' id='word_1_174' title='bbox 1362 2706 1838 2779; x_wconf 87' lang='lat' dir='ltr'>pervenerant</span> <span class='ocrx_word' id='word_1_175' title='bbox 1870 2706 2034 2762; x_wconf 90' lang='lat' dir='ltr'>ante</span> <span class='ocrx_word' id='word_1_176' title='bbox 2067 2698 2378 2763; x_wconf 90' lang='lat' dir='ltr'>medium</span> <span class='ocrx_word' id='word_1_177' title='bbox 2408 2717 2724 2765; x_wconf 88' lang='lat' dir='ltr'>mensem</span> <span class='ocrx_word' id='word_1_178' title='bbox 2752 2699 3016 2778; x_wconf 89' lang='lat' dir='ltr'>Martii,</span> 
     </span>
    </p>

    <p class='ocr_par' dir='ltr' id='par_1_17' title="bbox 559 2803 3024 2887">
     <span class='ocr_line' id='line_1_22' title="bbox 559 2803 3024 2887; baseline 0.002 -22"><span class='ocrx_word' id='word_1_179' title='bbox 559 2803 741 2867; x_wconf 91' lang='lat' dir='ltr'>inter</span> <span class='ocrx_word' id='word_1_180' title='bbox 761 2805 942 2868; x_wconf 90' lang='lat' dir='ltr'>alias</span> <span class='ocrx_word' id='word_1_181' title='bbox 971 2806 1475 2885; x_wconf 86' lang='lat' dir='ltr'>occupationes</span> <span class='ocrx_word' id='word_1_182' title='bbox 1514 2805 1698 2868; x_wconf 91' lang='lat' dir='ltr'>hanc</span> <span class='ocrx_word' id='word_1_183' title='bbox 1728 2807 1845 2868; x_wconf 91' lang='lat' dir='ltr'>vel</span> <span class='ocrx_word' id='word_1_184' title='bbox 1875 2807 2103 2887; x_wconf 91' lang='lat' dir='ltr'>primo</span> <span class='ocrx_word' id='word_1_185' title='bbox 2146 2808 2304 2870; x_wconf 92' lang='lat' dir='ltr'>loco</span> <span class='ocrx_word' id='word_1_186' title='bbox 2346 2806 2724 2869; x_wconf 89' lang='lat' dir='ltr'>habebant.</span> <span class='ocrx_word' id='word_1_187' title='bbox 2771 2806 3024 2886; x_wconf 91' lang='lat' dir='ltr'>Requi-</span> 
     </span>
    </p>

    <p class='ocr_par' dir='ltr' id='par_1_18' title="bbox 543 2893 3023 2993">
     <span class='ocr_line' id='line_1_23' title="bbox 543 2893 3023 2993; baseline 0.001 -18"><span class='ocrx_word' id='word_1_188' title='bbox 543 2911 799 2975; x_wconf 86' lang='lat' dir='ltr'>rebant</span> <span class='ocrx_word' id='word_1_189' title='bbox 823 2920 1060 2975; x_wconf 89' lang='lat' dir='ltr'>autem</span> <span class='ocrx_word' id='word_1_190' title='bbox 1082 2913 1153 2974; x_wconf 92' lang='lat' dir='ltr'>in</span> <span class='ocrx_word' id='word_1_191' title='bbox 1168 2913 1303 2976; x_wconf 91' lang='lat' dir='ltr'>hoc</span> <span class='ocrx_word' id='word_1_192' title='bbox 1328 2913 1746 2993; x_wconf 89' lang='lat' dir='ltr'>compendio</span> <span class='ocrx_word' id='word_1_193' title='bbox 1771 2913 1952 2991; x_wconf 88' lang='lat' dir='ltr'>regii</span> <span class='ocrx_word' id='word_1_194' title='bbox 1975 2914 2389 2993; x_wconf 89' lang='lat' dir='ltr'>consiliarii,</span> <span class='ocrx_word' id='word_1_195' title='bbox 2410 2893 2499 2976; x_wconf 83' lang='lat' dir='ltr'>ad</span> <span class='ocrx_word' id='word_1_196' title='bbox 2516 2913 3023 2977; x_wconf 88' lang='lat' dir='ltr'>Universitatis</span> 
     </span>
    </p>

    <p class='ocr_par' dir='ltr' id='par_1_19' title="bbox 547 3018 3021 3100">
     <span class='ocr_line' id='line_1_24' title="bbox 547 3018 3021 3100; baseline 0.001 -20"><span class='ocrx_word' id='word_1_197' title='bbox 547 3018 1125 3083; x_wconf 81' lang='lat' dir='ltr'>refOrmationem</span> <span class='ocrx_word' id='word_1_198' title='bbox 1153 3020 1493 3100; x_wconf 92' lang='lat' dir='ltr'>deputati,</span> <span class='ocrx_word' id='word_1_199' title='bbox 1527 3021 1754 3099; x_wconf 90' lang='lat' dir='ltr'>primo</span> <span class='ocrx_word' id='word_1_200' title='bbox 1799 3031 1878 3084; x_wconf 90' lang='lat' dir='ltr'>ut</span> <span class='ocrx_word' id='word_1_201' title='bbox 1908 3020 2412 3083; x_wconf 88' lang='lat' dir='ltr'>observaretur</span> <span class='ocrx_word' id='word_1_202' title='bbox 2440 3021 2513 3084; x_wconf 89' lang='lat' dir='ltr'>in</span> <span class='ocrx_word' id='word_1_203' title='bbox 2542 3038 2627 3083; x_wconf 94' lang='lat' dir='ltr'>eo</span> <span class='ocrx_word' id='word_1_204' title='bbox 2670 3021 2848 3084; x_wconf 92' lang='lat' dir='ltr'>ordo</span> <span class='ocrx_word' id='word_1_205' title='bbox 2879 3038 3021 3083; x_wconf 88' lang='lat' dir='ltr'>ma-</span> 
     </span>
    </p>

    <p class='ocr_par' dir='ltr' id='par_1_20' title="bbox 543 3124 3023 3206">
     <span class='ocr_line' id='line_1_25' title="bbox 543 3124 3023 3206; baseline 0 -19"><span class='ocrx_word' id='word_1_206' title='bbox 543 3125 753 3205; x_wconf 82' lang='lat' dir='ltr'>gistri</span> <span class='ocrx_word' id='word_1_207' title='bbox 790 3124 1346 3205; x_wconf 89' lang='lat' dir='ltr'>Sententiarum;</span> <span class='ocrx_word' id='word_1_208' title='bbox 1379 3127 1692 3190; x_wconf 90' lang='lat' dir='ltr'>secundo</span> <span class='ocrx_word' id='word_1_209' title='bbox 1725 3136 1802 3190; x_wconf 91' lang='lat' dir='ltr'>ut</span> <span class='ocrx_word' id='word_1_210' title='bbox 1841 3128 1917 3190; x_wconf 92' lang='lat' dir='ltr'>in</span> <span class='ocrx_word' id='word_1_211' title='bbox 1945 3144 2030 3190; x_wconf 94' lang='lat' dir='ltr'>eo</span> <span class='ocrx_word' id='word_1_212' title='bbox 2062 3127 2655 3192; x_wconf 88' lang='lat' dir='ltr'>confirmarentur</span> <span class='ocrx_word' id='word_1_213' title='bbox 2684 3127 3023 3206; x_wconf 85' lang='lat' dir='ltr'>dogmata</span> 
     </span>
    </p>

    <p class='ocr_par' dir='ltr' id='par_1_21' title="bbox 551 3228 3024 3315">
     <span class='ocr_line' id='line_1_26' title="bbox 551 3228 3024 3315; baseline 0 -20"><span class='ocrx_word' id='word_1_214' title='bbox 551 3228 916 3296; x_wconf 88' lang='lat' dir='ltr'>Ecclesiae</span> <span class='ocrx_word' id='word_1_215' title='bbox 939 3244 1189 3297; x_wconf 90' lang='lat' dir='ltr'>contra</span> <span class='ocrx_word' id='word_1_216' title='bbox 1212 3235 1613 3298; x_wconf 89' lang='lat' dir='ltr'>haereticos</span> <span class='ocrx_word' id='word_1_217' title='bbox 1634 3233 1785 3314; x_wconf 91' lang='lat' dir='ltr'>ejus</span> <span class='ocrx_word' id='word_1_218' title='bbox 1816 3234 2157 3314; x_wconf 87' lang='lat' dir='ltr'>temporis</span> <span class='ocrx_word' id='word_1_219' title='bbox 2178 3251 2306 3315; x_wconf 90' lang='lat' dir='ltr'>per</span> <span class='ocrx_word' id='word_1_220' title='bbox 2328 3233 2734 3314; x_wconf 87' lang='lat' dir='ltr'>Scripturas</span> <span class='ocrx_word' id='word_1_221' title='bbox 2762 3232 3024 3297; x_wconf 87' lang='lat' dir='ltr'>Sacras</span> 
     </span>
    </p>

    <p class='ocr_par' dir='ltr' id='par_1_22' title="bbox 541 3339 3017 3422">
     <span class='ocr_line' id='line_1_27' title="bbox 541 3339 3017 3422; baseline 0 -20"><span class='ocrx_word' id='word_1_222' title='bbox 541 3348 618 3402; x_wconf 89' lang='lat' dir='ltr'>et</span> <span class='ocrx_word' id='word_1_223' title='bbox 645 3339 938 3404; x_wconf 90' lang='lat' dir='ltr'>Patrum</span> <span class='ocrx_word' id='word_1_224' title='bbox 968 3341 1502 3422; x_wconf 89' lang='lat' dir='ltr'>auctoritatem;</span> <span class='ocrx_word' id='word_1_225' title='bbox 1536 3343 1744 3406; x_wconf 91' lang='lat' dir='ltr'>tertio</span> <span class='ocrx_word' id='word_1_226' title='bbox 1775 3351 1853 3405; x_wconf 93' lang='lat' dir='ltr'>ut</span> <span class='ocrx_word' id='word_1_227' title='bbox 1892 3360 1983 3406; x_wconf 85' lang='lat' dir='ltr'>ex</span> <span class='ocrx_word' id='word_1_228' title='bbox 2013 3361 2097 3405; x_wconf 92' lang='lat' dir='ltr'>eo</span> <span class='ocrx_word' id='word_1_229' title='bbox 2128 3341 2556 3405; x_wconf 89' lang='lat' dir='ltr'>sufficienter</span> <span class='ocrx_word' id='word_1_230' title='bbox 2595 3341 3017 3403; x_wconf 87' lang='lat' dir='ltr'>instrueren-</span> 
     </span>
    </p>

    <p class='ocr_par' dir='ltr' id='par_1_23' title="bbox 548 3448 3021 3529">
     <span class='ocr_line' id='line_1_28' title="bbox 548 3448 3021 3529; baseline 0.001 -21"><span class='ocrx_word' id='word_1_231' title='bbox 548 3455 685 3523; x_wconf 88' lang='lat' dir='ltr'>tur,</span> <span class='ocrx_word' id='word_1_232' title='bbox 730 3449 849 3529; x_wconf 92' lang='lat' dir='ltr'>qui</span> <span class='ocrx_word' id='word_1_233' title='bbox 897 3457 1224 3528; x_wconf 92' lang='lat' dir='ltr'>pastores</span> <span class='ocrx_word' id='word_1_234' title='bbox 1263 3460 1471 3513; x_wconf 90' lang='lat' dir='ltr'>erant</span> <span class='ocrx_word' id='word_1_235' title='bbox 1517 3448 1743 3513; x_wconf 87' lang='lat' dir='ltr'>futuri</span> <span class='ocrx_word' id='word_1_236' title='bbox 1780 3467 1911 3513; x_wconf 91' lang='lat' dir='ltr'>nec</span> <span class='ocrx_word' id='word_1_237' title='bbox 1952 3450 2386 3529; x_wconf 88' lang='lat' dir='ltr'>theologiam</span> <span class='ocrx_word' id='word_1_238' title='bbox 2427 3448 2498 3511; x_wconf 89' lang='lat' dir='ltr'>in</span> <span class='ocrx_word' id='word_1_239' title='bbox 2536 3448 3021 3512; x_wconf 89' lang='lat' dir='ltr'>Universitate</span> 
     </span>
    </p>

    <p class='ocr_par' dir='ltr' id='par_1_24' title="bbox 547 3553 3023 3637">
     <span class='ocr_line' id='line_1_29' title="bbox 547 3553 3023 3637; baseline -0 -18"><span class='ocrx_word' id='word_1_240' title='bbox 547 3553 793 3619; x_wconf 83' lang='lat' dir='ltr'>audire</span> <span class='ocrx_word' id='word_1_241' title='bbox 834 3564 1199 3635; x_wconf 86' lang='lat' dir='ltr'>poterant;</span> <span class='ocrx_word' id='word_1_242' title='bbox 1240 3565 1523 3636; x_wconf 79' lang='lat' dir='ltr'>quarte,</span> <span class='ocrx_word' id='word_1_243' title='bbox 1572 3557 1855 3619; x_wconf 89' lang='lat' dir='ltr'>omissis</span> <span class='ocrx_word' id='word_1_244' title='bbox 1901 3556 2436 3637; x_wconf 91' lang='lat' dir='ltr'>quaestionibus</span> <span class='ocrx_word' id='word_1_245' title='bbox 2477 3554 3023 3635; x_wconf 81' lang='lat' dir='ltr'>metaphysiciS,</span> 
     </span>
    </p>

    <p class='ocr_par' dir='ltr' id='par_1_25' title="bbox 545 3661 3019 3744">
     <span class='ocr_line' id='line_1_30' title="bbox 545 3661 3019 3744; baseline 0.001 -22"><span class='ocrx_word' id='word_1_246' title='bbox 545 3670 824 3724; x_wconf 87' lang='lat' dir='ltr'>tantum</span> <span class='ocrx_word' id='word_1_247' title='bbox 855 3662 1294 3743; x_wconf 91' lang='lat' dir='ltr'>theologicas</span> <span class='ocrx_word' id='word_1_248' title='bbox 1329 3664 1626 3727; x_wconf 90' lang='lat' dir='ltr'>tractari</span> <span class='ocrx_word' id='word_1_249' title='bbox 1650 3664 1986 3727; x_wconf 87' lang='lat' dir='ltr'>volebant</span> <span class='ocrx_word' id='word_1_250' title='bbox 2013 3681 2028 3740; x_wconf 89' lang='grc'><strong>;</strong></span> <span class='ocrx_word' id='word_1_251' title='bbox 2059 3664 2304 3727; x_wconf 92' lang='lat' dir='ltr'>ultimo</span> <span class='ocrx_word' id='word_1_252' title='bbox 2335 3661 2646 3744; x_wconf 89' lang='lat' dir='ltr'>imprimi</span> <span class='ocrx_word' id='word_1_253' title='bbox 2673 3661 2810 3725; x_wconf 93' lang='lat' dir='ltr'>hoc</span> <span class='ocrx_word' id='word_1_254' title='bbox 2833 3679 3019 3725; x_wconf 90' lang='lat' dir='ltr'>com·</span> 
     </span>
    </p>

    <p class='ocr_par' dir='ltr' id='par_1_26' title="bbox 542 3769 3018 3848">
     <span class='ocr_line' id='line_1_31' title="bbox 542 3769 3018 3848; baseline 0.001 -18"><span class='ocrx_word' id='word_1_255' title='bbox 542 3769 879 3847; x_wconf 89' lang='lat' dir='ltr'>pendium</span> <span class='ocrx_word' id='word_1_256' title='bbox 936 3770 1220 3833; x_wconf 91' lang='lat' dir='ltr'>nomine</span> <span class='ocrx_word' id='word_1_257' title='bbox 1277 3771 1782 3834; x_wconf 89' lang='lat' dir='ltr'>Universitatis</span> <span class='ocrx_word' id='word_1_258' title='bbox 1838 3770 2268 3834; x_wconf 90' lang='lat' dir='ltr'>Viennensis</span> <span class='ocrx_word' id='word_1_259' title='bbox 2326 3769 2662 3833; x_wconf 89' lang='lat' dir='ltr'>volebant</span> <span class='ocrx_word' id='word_1_260' title='bbox 2689 3786 2703 3848; x_wconf 91' lang='lat'>;</span> <span class='ocrx_word' id='word_1_261' title='bbox 2767 3779 2836 3832; x_wconf 91' lang='lat' dir='ltr'>et</span> <span class='ocrx_word' id='word_1_262' title='bbox 2898 3786 3018 3832; x_wconf 90' lang='lat' dir='ltr'>an·</span> 
     </span>
    </p>

    <p class='ocr_par' dir='ltr' id='par_1_27' title="bbox 546 3877 3022 3958">
     <span class='ocr_line' id='line_1_32' title="bbox 546 3877 3022 3958; baseline 0.002 -22"><span class='ocrx_word' id='word_1_263' title='bbox 546 3884 833 3955; x_wconf 91' lang='lat' dir='ltr'>tequam</span> <span class='ocrx_word' id='word_1_264' title='bbox 881 3877 1393 3952; x_wconf 86' lang='lat' dir='ltr'>absolveretur,</span> <span class='ocrx_word' id='word_1_265' title='bbox 1437 3878 1652 3939; x_wconf 88' lang='lat' dir='ltr'>immo</span> <span class='ocrx_word' id='word_1_266' title='bbox 1695 3879 1850 3958; x_wconf 92' lang='lat' dir='ltr'>ipso</span> <span class='ocrx_word' id='word_1_267' title='bbox 1895 3878 1967 3940; x_wconf 92' lang='lat' dir='ltr'>in</span> <span class='ocrx_word' id='word_1_268' title='bbox 2005 3877 2228 3958; x_wconf 87' lang='lat' dir='ltr'>initio,</span> <span class='ocrx_word' id='word_1_269' title='bbox 2271 3885 2480 3957; x_wconf 90' lang='lat' dir='ltr'>prout</span> <span class='ocrx_word' id='word_1_270' title='bbox 2519 3877 3022 3940; x_wconf 90' lang='lat' dir='ltr'>concinnatum</span> 
     </span>
    </p>

    <p class='ocr_par' dir='ltr' id='par_1_28' title="bbox 541 3983 1888 4065">
     <span class='ocr_line' id='line_1_33' title="bbox 541 3983 1888 4065; baseline 0.001 -20"><span class='ocrx_word' id='word_1_271' title='bbox 541 3993 723 4057; x_wconf 85' lang='lat' dir='ltr'>erat,</span> <span class='ocrx_word' id='word_1_272' title='bbox 757 3984 1078 4065; x_wconf 76' lang='lat' dir='ltr'>praelegi</span> <span class='ocrx_word' id='word_1_273' title='bbox 1101 3992 1169 4046; x_wconf 98' lang='lat' dir='ltr'>et</span> <span class='ocrx_word' id='word_1_274' title='bbox 1199 3984 1408 4047; x_wconf 90' lang='lat' dir='ltr'>citari</span> <span class='ocrx_word' id='word_1_275' title='bbox 1439 3984 1821 4064; x_wconf 92' lang='lat' dir='ltr'>incipiebat</span> <span class='ocrx_word' id='word_1_276' title='bbox 1846 3983 1888 4047; x_wconf 81' lang='lat'>⁸.</span> 
     </span>
    </p>
   </div>
   <div class='ocr_carea' id='block_1_3' title="bbox 543 4260 3021 4817">
    <p class='ocr_par' dir='ltr' id='par_1_29' title="bbox 543 4260 3020 4601">
     <span class='ocr_line' id='line_1_34' title="bbox 629 4260 3017 4316; baseline 0.002 -14"><span class='ocrx_word' id='word_1_277' title='bbox 629 4260 645 4290; x_wconf 88' lang='lat'>¹</span> <span class='ocrx_word' id='word_1_278' title='bbox 705 4260 971 4316; x_wconf 83' lang='lat' dir='ltr'>Polancus,</span> <span class='ocrx_word' id='word_1_279' title='bbox 998 4273 1066 4305; x_wconf 80' lang='lat' dir='ltr'>ex</span> <span class='ocrx_word' id='word_1_280' title='bbox 1086 4274 1143 4306; x_wconf 86' lang='lat' dir='ltr'>co</span> <span class='ocrx_word' id='word_1_281' title='bbox 1154 4274 1254 4313; x_wconf 85' lang='lat' dir='ltr'>m.,</span> <span class='ocrx_word' id='word_1_282' title='bbox 1271 4262 1418 4306; x_wconf 85' lang='lat' dir='ltr'>Patri</span> <span class='ocrx_word' id='word_1_283' title='bbox 1441 4261 1653 4304; x_wconf 81' lang='lat' dir='ltr'>Nicolao</span> <span class='ocrx_word' id='word_1_284' title='bbox 1675 4262 1952 4315; x_wconf 84' lang='lat' dir='ltr'>Gaudano,</span> <span class='ocrx_word' id='word_1_285' title='bbox 1975 4262 2037 4303; x_wconf 84' lang='lat' dir='ltr'>de</span> <span class='ocrx_word' id='word_1_286' title='bbox 2058 4260 2251 4313; x_wconf 80' lang='lat' dir='ltr'>jacobo</span> <span class='ocrx_word' id='word_1_287' title='bbox 2273 4261 2570 4305; x_wconf 83' lang='lat' dir='ltr'>Aldenardo</span> <span class='ocrx_word' id='word_1_288' title='bbox 2586 4295 2596 4315; x_wconf 86' lang='lat'>,</span> <span class='ocrx_word' id='word_1_289' title='bbox 2621 4264 2675 4305; x_wconf 85' lang='lat'>29</span> <span class='ocrx_word' id='word_1_290' title='bbox 2694 4263 3017 4313; x_wconf 73' lang='lat' dir='ltr'>Novembris:</span> 
     </span>
     <span class='ocr_line' id='line_1_35' title="bbox 543 4329 3017 4388; baseline 0.003 -17"><span class='ocrx_word' id='word_1_291' title='bbox 543 4329 678 4373; x_wconf 83' lang='lat' dir='ltr'>idem</span> <span class='ocrx_word' id='word_1_292' title='bbox 701 4330 845 4375; x_wconf 79' lang='lat' dir='ltr'>Patri</span> <span class='ocrx_word' id='word_1_293' title='bbox 871 4333 1102 4377; x_wconf 83' lang='lat' dir='ltr'>Adriano</span> <span class='ocrx_word' id='word_1_294' title='bbox 1124 4334 1520 4387; x_wconf 77' lang='lat' dir='ltr'>Adriaenssens,</span> <span class='ocrx_word' id='word_1_295' title='bbox 1541 4332 1663 4388; x_wconf 88' lang='lat' dir='ltr'>quid</span> <span class='ocrx_word' id='word_1_296' title='bbox 1687 4332 1903 4377; x_wconf 85' lang='lat' dir='ltr'>Othonis</span> <span class='ocrx_word' id='word_1_297' title='bbox 1921 4334 2226 4387; x_wconf 79' lang='lat' dir='ltr'>parentibus</span> <span class='ocrx_word' id='word_1_298' title='bbox 2242 4333 2650 4387; x_wconf 82' lang='lat' dir='ltr'>respondendum</span> <span class='ocrx_word' id='word_1_299' title='bbox 2668 4334 2737 4378; x_wconf 82' lang='lat' dir='ltr'>sit</span> <span class='ocrx_word' id='word_1_300' title='bbox 2758 4335 2898 4379; x_wconf 79' lang='lat' dir='ltr'>circa</span> <span class='ocrx_word' id='word_1_301' title='bbox 2920 4335 3017 4379; x_wconf 77' lang='lat' dir='ltr'>dir-</span> 
     </span>
     <span class='ocr_line' id='line_1_36' title="bbox 544 4399 3020 4460; baseline 0.002 -16"><span class='ocrx_word' id='word_1_302' title='bbox 544 4399 822 4455; x_wconf 82' lang='lat' dir='ltr'>ficultates,</span> <span class='ocrx_word' id='word_1_303' title='bbox 844 4416 972 4457; x_wconf 85' lang='lat' dir='ltr'>quas</span> <span class='ocrx_word' id='word_1_304' title='bbox 993 4405 1054 4448; x_wconf 87' lang='lat' dir='ltr'>de</span> <span class='ocrx_word' id='word_1_305' title='bbox 1076 4406 1305 4460; x_wconf 78' lang='lat' dir='ltr'>ejusdem</span> <span class='ocrx_word' id='word_1_306' title='bbox 1327 4404 1544 4449; x_wconf 85' lang='lat' dir='ltr'>Othonis</span> <span class='ocrx_word' id='word_1_307' title='bbox 1577 4406 1894 4459; x_wconf 74' lang='lat' dir='ltr'>professione</span> <span class='ocrx_word' id='word_1_308' title='bbox 1930 4411 1982 4447; x_wconf 88' lang='lat' dir='ltr'>et</span> <span class='ocrx_word' id='word_1_309' title='bbox 2017 4404 2136 4448; x_wconf 80' lang='lat' dir='ltr'>aliis</span> <span class='ocrx_word' id='word_1_310' title='bbox 2169 4412 2474 4458; x_wconf 82' lang='lat' dir='ltr'>proponunt,</span> <span class='ocrx_word' id='word_1_311' title='bbox 2495 4404 2522 4446; x_wconf 90' lang='lat'>9</span> <span class='ocrx_word' id='word_1_312' title='bbox 2542 4403 2814 4448; x_wconf 82' lang='lat' dir='ltr'>Februarii</span> <span class='ocrx_word' id='word_1_313' title='bbox 2834 4418 2844 4457; x_wconf 86' lang='lat'><strong>;</strong></span> <span class='ocrx_word' id='word_1_314' title='bbox 2883 4405 3020 4449; x_wconf 86' lang='lat' dir='ltr'>idem</span> 
     </span>
     <span class='ocr_line' id='line_1_37' title="bbox 544 4472 3018 4533; baseline 0.002 -18"><span class='ocrx_word' id='word_1_315' title='bbox 544 4472 691 4516; x_wconf 76' lang='lat' dir='ltr'>Patri</span> <span class='ocrx_word' id='word_1_316' title='bbox 721 4474 766 4516; x_wconf 91' lang='lat' dir='ltr'>N</span> <span class='ocrx_word' id='word_1_317' title='bbox 771 4474 933 4518; x_wconf 89' lang='lat' dir='ltr'>icolao</span> <span class='ocrx_word' id='word_1_318' title='bbox 968 4475 1231 4533; x_wconf 80' lang='lat' dir='ltr'>Launoyo,</span> <span class='ocrx_word' id='word_1_319' title='bbox 1262 4484 1318 4520; x_wconf 88' lang='lat' dir='ltr'>ut</span> <span class='ocrx_word' id='word_1_320' title='bbox 1350 4476 1565 4519; x_wconf 86' lang='lat' dir='ltr'>Romam</span> <span class='ocrx_word' id='word_1_321' title='bbox 1600 4477 1775 4520; x_wconf 84' lang='lat' dir='ltr'>mittat</span> <span class='ocrx_word' id='word_1_322' title='bbox 1810 4475 2059 4528; x_wconf 88' lang='lat' dir='ltr'>Jacobum</span> <span class='ocrx_word' id='word_1_323' title='bbox 2094 4475 2465 4526; x_wconf 76' lang='lat' dir='ltr'>Aldenardum‚</span> <span class='ocrx_word' id='word_1_324' title='bbox 2500 4487 2665 4529; x_wconf 84' lang='lat' dir='ltr'>quem,</span> <span class='ocrx_word' id='word_1_325' title='bbox 2702 4477 2744 4518; x_wconf 88' lang='lat' dir='ltr'>sl</span> <span class='ocrx_word' id='word_1_326' title='bbox 2781 4475 3018 4529; x_wconf 84' lang='lat' dir='ltr'>Romam,</span> 
     </span>
     <span class='ocr_line' id='line_1_38' title="bbox 544 4545 2587 4601; baseline 0 -13"><span class='ocrx_word' id='word_1_327' title='bbox 544 4546 846 4600; x_wconf 80' lang='lat' dir='ltr'>priusquam</span> <span class='ocrx_word' id='word_1_328' title='bbox 868 4545 1173 4599; x_wconf 83' lang='lat' dir='ltr'>Lovanium,</span> <span class='ocrx_word' id='word_1_329' title='bbox 1196 4549 1374 4592; x_wconf 84' lang='lat' dir='ltr'>venire</span> <span class='ocrx_word' id='word_1_330' title='bbox 1397 4547 1542 4600; x_wconf 83' lang='lat' dir='ltr'>nolit,</span> <span class='ocrx_word' id='word_1_331' title='bbox 1565 4560 1592 4591; x_wconf 83' lang='lat' dir='ltr'>e</span> <span class='ocrx_word' id='word_1_332' title='bbox 1611 4548 1874 4592; x_wconf 81' lang='lat' dir='ltr'>Societate</span> <span class='ocrx_word' id='word_1_333' title='bbox 1896 4548 2127 4591; x_wconf 83' lang='lat' dir='ltr'>dimittat</span> <span class='ocrx_word' id='word_1_334' title='bbox 2142 4580 2153 4600; x_wconf 92' lang='lat'>,</span> <span class='ocrx_word' id='word_1_335' title='bbox 2179 4548 2230 4591; x_wconf 82' lang='lat'>13</span> <span class='ocrx_word' id='word_1_336' title='bbox 2250 4547 2587 4601; x_wconf 77' lang='lat' dir='ltr'>Septembris.</span> 
     </span>
    </p>

    <p class='ocr_par' dir='ltr' id='par_1_30' title="bbox 544 4618 3021 4817">
     <span class='ocr_line' id='line_1_39' title="bbox 628 4618 3016 4674; baseline 0 -13"><span class='ocrx_word' id='word_1_337' title='bbox 628 4618 650 4649; x_wconf 76' lang='lat'><strong>¹</strong></span> <span class='ocrx_word' id='word_1_338' title='bbox 703 4618 982 4672; x_wconf 70' lang='lat' dir='ltr'>Polaticus,</span> <span class='ocrx_word' id='word_1_339' title='bbox 1021 4631 1087 4663; x_wconf 77' lang='lat' dir='ltr'>ex</span> <span class='ocrx_word' id='word_1_340' title='bbox 1120 4632 1279 4673; x_wconf 65' lang='lat' dir='ltr'>com„</span> <span class='ocrx_word' id='word_1_341' title='bbox 1316 4619 1462 4664; x_wconf 83' lang='lat' dir='ltr'>Patri</span> <span class='ocrx_word' id='word_1_342' title='bbox 1484 4619 1700 4665; x_wconf 78' lang='lat' dir='ltr'>Claudio</span> <span class='ocrx_word' id='word_1_343' title='bbox 1720 4620 1852 4673; x_wconf 83' lang='lat' dir='ltr'>Jaio,</span> <span class='ocrx_word' id='word_1_344' title='bbox 1875 4619 2136 4674; x_wconf 75' lang='lat' dir='ltr'>Ignatium</span> <span class='ocrx_word' id='word_1_345' title='bbox 2156 4620 2447 4673; x_wconf 83' lang='lat' dir='ltr'>approbare</span> <span class='ocrx_word' id='word_1_346' title='bbox 2471 4620 2604 4673; x_wconf 88' lang='lat' dir='ltr'>quod</span> <span class='ocrx_word' id='word_1_347' title='bbox 2625 4619 2902 4663; x_wconf 80' lang='lat' dir='ltr'>summario</span> <span class='ocrx_word' id='word_1_348' title='bbox 2924 4630 3016 4662; x_wconf 76' lang='lat' dir='ltr'>seu</span> 
     </span>
     <span class='ocr_line' id='line_1_40' title="bbox 544 4690 3017 4745; baseline 0 -13"><span class='ocrx_word' id='word_1_349' title='bbox 544 4690 845 4744; x_wconf 75' lang='lat' dir='ltr'>compendio</span> <span class='ocrx_word' id='word_1_350' title='bbox 861 4691 971 4745; x_wconf 80' lang='lat' dir='ltr'>jam</span> <span class='ocrx_word' id='word_1_351' title='bbox 991 4693 1058 4736; x_wconf 82' lang='lat' dir='ltr'>ab</span> <span class='ocrx_word' id='word_1_352' title='bbox 1079 4692 1154 4736; x_wconf 83' lang='lat' dir='ltr'>eis</span> <span class='ocrx_word' id='word_1_353' title='bbox 1174 4693 1482 4736; x_wconf 85' lang='lat' dir='ltr'>concinnato</span> <span class='ocrx_word' id='word_1_354' title='bbox 1505 4692 1753 4745; x_wconf 80' lang='lat' dir='ltr'>Viennae,</span> <span class='ocrx_word' id='word_1_355' title='bbox 1790 4693 1856 4736; x_wconf 88' lang='lat' dir='ltr'>ad</span> <span class='ocrx_word' id='word_1_356' title='bbox 1892 4699 2095 4745; x_wconf 87' lang='lat' dir='ltr'>tempus</span> <span class='ocrx_word' id='word_1_357' title='bbox 2129 4692 2332 4743; x_wconf 83' lang='lat' dir='ltr'>saltem.</span> <span class='ocrx_word' id='word_1_358' title='bbox 2366 4698 2606 4744; x_wconf 81' lang='lat' dir='ltr'>utantur;</span> <span class='ocrx_word' id='word_1_359' title='bbox 2627 4692 2669 4735; x_wconf 86' lang='lat' dir='ltr'>si</span> <span class='ocrx_word' id='word_1_360' title='bbox 2694 4697 2867 4735; x_wconf 78' lang='lat' dir='ltr'>tamen</span> <span class='ocrx_word' id='word_1_361' title='bbox 2890 4691 3017 4734; x_wconf 84' lang='lat' dir='ltr'>illud</span> 
     </span>
     <span class='ocr_line' id='line_1_41' title="bbox 547 4763 3021 4817; baseline 0.001 -13"><span class='ocrx_word' id='word_1_362' title='bbox 547 4763 687 4816; x_wconf 83' lang='lat' dir='ltr'>typis</span> <span class='ocrx_word' id='word_1_363' title='bbox 707 4763 859 4805; x_wconf 86' lang='lat' dir='ltr'>edere</span> <span class='ocrx_word' id='word_1_364' title='bbox 879 4764 1061 4815; x_wconf 81' lang='lat' dir='ltr'>velint,</span> <span class='ocrx_word' id='word_1_365' title='bbox 1084 4763 1407 4807; x_wconf 83' lang='lat' dir='ltr'>meminerint</span> <span class='ocrx_word' id='word_1_366' title='bbox 1429 4763 1478 4806; x_wconf 87' lang='lat' dir='ltr'>id</span> <span class='ocrx_word' id='word_1_367' title='bbox 1501 4763 1609 4806; x_wconf 83' lang='lat' dir='ltr'>fieri</span> <span class='ocrx_word' id='word_1_368' title='bbox 1633 4775 1728 4807; x_wconf 90' lang='lat' dir='ltr'>non</span> <span class='ocrx_word' id='word_1_369' title='bbox 1752 4765 1938 4808; x_wconf 84' lang='lat' dir='ltr'>debere</span> <span class='ocrx_word' id='word_1_370' title='bbox 1955 4763 2052 4807; x_wconf 85' lang='lat' dir='ltr'>nisi</span> <span class='ocrx_word' id='word_1_371' title='bbox 2074 4764 2217 4817; x_wconf 80' lang='lat' dir='ltr'>prius</span> <span class='ocrx_word' id='word_1_372' title='bbox 2239 4776 2270 4808; x_wconf 78' lang='lat' dir='ltr'>a</span> <span class='ocrx_word' id='word_1_373' title='bbox 2288 4763 2549 4809; x_wconf 77' lang='lat' dir='ltr'>societate</span> <span class='ocrx_word' id='word_1_374' title='bbox 2576 4763 2813 4807; x_wconf 77' lang='lat' dir='ltr'>videatur</span> <span class='ocrx_word' id='word_1_375' title='bbox 2828 4767 2881 4806; x_wconf 82' lang='lat' dir='ltr'>et</span> <span class='ocrx_word' id='word_1_376' title='bbox 2896 4773 3021 4817; x_wconf 72' lang='lat' dir='ltr'>pro-</span> 
     </span>
    </p>
   </div>
  </div>
 </body>
</html>
