3679 5414
1681 462 1808 521 ΑΝ.
1853 462 1988 521 1551
2449 537 2456 544 .
2948 465 3064 523 267

593 609 1017 687 choaverat,
1057 609 1131 671 21
1164 607 1434 689 Aprilis
1462 610 1817 673 Viennam
1847 626 2100 673 versus
2144 618 2250 673 est
2288 610 2676 689 profectus3
2722 628 2861 690 quo
2900 611 3060 692 ipso

594 715 708 777 die
745 713 989 778 Sancti
1027 715 1252 779 Marci
1295 716 1640 796 pervenit,
1674 724 1742 779 et
1785 716 1901 779 die
1930 718 2250 797 sequenti
2291 716 2560 796 Regem
2596 734 3058 782 romanorum

592 822 952 885 salutavit.
988 821 1124 901 Qui
1152 823 1478 886 dextram
1516 822 1581 886 ei
1619 824 1995 904 porrigens
2034 841 2111 887 se
2150 825 2402 887 laetari
2437 823 2524 886 de
2563 823 2713 904 eJus
2740 825 3055 889 adventu

591 929 771 992 dixit
809 939 879 992 et
916 930 1104 1009 quod
1130 932 1341 1011 paulo
1381 939 1591 994 antea
1629 931 1765 1010 ipsi
1804 931 2189 1010 scripserat
2239 940 2308 993 et
2348 930 2690 994 viaticum
2733 934 3049 1012 miserat,

597 1045 672 1099 ut
702 1036 1055 1100 Viennam
1081 1038 1379 1118 veniret,
1413 1038 1602 1118 quod
1631 1047 1870 1101 tamen
1899 1039 2049 1119 ipse
2087 1049 2579 1118 praevenerat.
2613 1038 3052 1120 Designave-

598 1152 707 1206 rat
730 1143 880 1224 jam
909 1144 1182 1224 aliquos
1211 1145 1676 1224 consiliariOS,
1708 1153 1778 1208 et
1814 1145 2000 1209 inter
2028 1146 2206 1209 alios
2235 1145 2663 1226 Episcopum
2692 1147 3052 1211 Labacen-

590 1268 740 1314 sem
768 1261 838 1315 et
868 1252 1370 1316 Universitatis
1406 1252 2130 1333 superintendentem,
2172 1262 2249 1315 ut
2287 1254 2520 1316 locum
2561 1254 2868 1333 aliquem
2905 1253 3047 1317 ido-

586 1375 796 1421 neum
827 1358 1143 1438 Collegio
1170 1358 1599 1423 instituendo
1642 1360 2014 1439 eligerent3
2059 1360 2157 1422 illi
2196 1378 2368 1423 vero
2398 1361 2572 1423 nihil
2610 1362 2841 1440 magis
2887 1379 3054 1426 con·-

586 1466 831 1528 venire
847 1466 1451 1543 existimaverant,
1478 1467 1597 1529 ubi
1618 1468 1841 1529 multa
1869 1469 2290 1530 lustrassent
2317 1469 2504 1547 loca,
2532 1485 2747 1547 quam
2773 1478 3056 1549 partem

586 1573 966 1653 quamdam
993 1575 1409 1637 monasterii
1437 1573 1556 1637 S.t¹
1587 1574 1945 1638 Dominici
1981 1575 2445 1638 Universitati
2483 1575 2814 1654 vicinam,
2865 1593 3053 1656 quae

586 1681 753 1742 olim
795 1681 1078 1760 quidem
1127 1681 1201 1744 in
1248 1681 1605 1761 hospitum
1642 1682 1951 1761 gratiam
1992 1681 2365 1745 aedificata
2392 1682 2654 1761 fuerat,
2700 1700 2861 1746 cum
2903 1701 3048 1746 mo·

584 1787 973 1850 nasterium
1002 1788 1319 1868 floreret3
1353 1789 1477 1852 sed
1515 1806 1678 1852 cum
1715 1807 1885 1869 pars
1922 1787 2073 1869 ejus
2111 1789 2204 1852 ad
2242 1789 2809 1853 fortificationem
2854 1791 3054 1855 urbis

586 1894 818 1957 diruta
847 1895 1123 1976 fuisset,
1152 1896 1482 1960 monachi
1501 1896 1842 1977 paulatim
1865 1897 2003 1960 alio
2027 1897 2496 1960 concedentes
2517 1898 2664 1960 fere
2688 1898 3046 1962 desertum

583 2002 1092 2065 monasterium
1141 2020 1302 2066 cum
1346 2003 1796 2084 paucissimis
1854 2003 2222 2066 monachis
2279 2003 2712 2084 reliquerunt
2759 2014 2828 2067 et
2885 2023 3047 2069 eam

581 2118 882 2189 partem,
909 2126 1091 2190 quae
1119 2110 1286 2172 olim
1307 2110 1613 2190 hospitio
1646 2110 2023 2189 serviebat,
2060 2111 2261 2174 laicis
2295 2110 2709 2190 artificibuS,
2738 2101 3044 2191 quicum

581 2217 755 2279 suiis
794 2216 1078 2280 familiis
1122 2218 1378 2281 ibidem
1434 2218 1965 2293 habitaverant,
2018 2219 2458 2281 locaverunt.
2511 2218 2669 2282 Non
2708 2219 3040 2299 probavit

579 2323 657 2387 P.
695 2322 1031 2386 Claudius
1060 2333 1135 2387 ut
1163 2324 1314 2387 sine
1346 2342 1695 2387 consensu
1722 2325 1910 2387 illius
1930 2324 2299 2403 religionis
2329 2325 2388 2387 is
2417 2325 2618 2387 locus
2642 2325 3039 2388 admittere-

580 2441 725 2511 tur;
761 2440 831 2494 et
862 2430 1145 2494 Ordinis
1174 2432 1509 2495 Vicarius
1539 2441 1825 2511 gratum
1850 2450 1994 2495 non
2023 2432 2174 2495 sore
2205 2431 2336 2495 sibi
2363 2450 2495 2495 nec
2517 2450 2688 2495 suae
2712 2433 3041 2511 religioni

577 2538 1026 2617 significabat
1063 2539 1123 2601 si
1163 2556 1248 2600 eo
1279 2539 1504 2602 nostri
1534 2539 1950 2618 migrarent.
1985 2539 2181 2602 Haec
2215 2548 2454 2602 tamen
2486 2538 2659 2602 inita
2689 2540 2873 2602 ratio
2904 2549 3033 2618 est,

578 2655 655 2709 ut
683 2645 911 2709 nostri
942 2646 1033 2710 ad
1071 2655 1348 2727 tempus
1376 2656 1445 2711 et
1476 2647 1681 2727 quasi
1716 2646 2031 2728 hospites
2074 2646 2330 2710 ibidem
2367 2656 2757 2727 manerent,
2811 2647 3037 2711 donec

564 2754 744 2816 'alibi
782 2754 1292 2817 habitationem
1333 2754 1595 2818 habere
1635 2763 1956 2834 possent;
2000 2764 2069 2817 et
2111 2754 2415 2834 pretium
2456 2755 2829 2818 locationis
2867 2751 3037 2820 inte‘-

577 2862 714 2923 rim
743 2860 899 2923 Rex
927 2862 1077 2942 ipse
1106 2861 1461 2939 solvebat;
1494 2862 1821 2942 quamvis
1848 2860 2117 2924 Romae
2149 2862 2528 2942 impetrare
2559 2862 2728 2925 illud
2766 2882 2808 2926 a
2839 2861 3038 2926 Sum·

579 2985 694 3031 mo
749 2968 1086 3031 Pontifice
1135 2968 1510 3047 nitebatur,
1566 2969 1754 3048 quod
1801 2970 2030 3032 nostri
2083 2986 2229 3032 non
2277 2971 2695 3050 probabant,
2750 2981 2898 3033 tum
2947 2989 3036 3034 ne

579 3074 1102 3165 offenderentur
1132 3077 1350 3138 animi
1371 3076 1556 3139 illius
1582 3077 1976 3156 religioniS,
2009 3086 2160 3139 tum
2201 3078 2365 3156 quia
2404 3078 2603 3140 locus
2632 3086 2784 3140 erat
2816 3094 3040 3155 angu-

578 3192 751 3261 stuS,
790 3191 860 3246 et
890 3183 1007 3246 ubi
1038 3184 1376 3263 templum
1416 3184 1732 3246 construi
1771 3201 1917 3247 non
1956 3192 2256 3263 poterat.
2302 3183 2721 3247 Affirmabat
2762 3184 3036 3248 interea

575 3289 730 3353 Rex
759 3307 1216 3353 romanorum
1248 3308 1325 3353 se
1356 3289 1746 3369 Collegium
1775 3291 1911 3353 hoc
1942 3290 2154 3353 certis
2182 3290 2522 3353 reditibus
2551 3291 2799 3353 dotare
2825 3292 3034 3368 velle,

576 3397 827 3477 quibus
843 3397 1136 3476 triginta
1159 3397 1582 3476 Collegiales
1596 3406 1887 3478 possent
1907 3399 2311 3461 sustentari.
2340 3397 2517 3461 Cum
2541 3396 2626 3460 de
2648 3396 2728 3459 P.
2755 3398 3039 3477 Ignatio

573 3506 1004 3585 loqueretur,
1039 3504 1169 3567 sibi
1198 3513 1443 3567 notum
1466 3521 1622 3567 esse
1651 3504 1800 3585 ejus
1837 3505 2072 3568 nobile
2102 3514 2173 3568 et
2201 3505 2469 3568 illustre
2506 3522 2734 3584 genus
2773 3505 3036 3586 signifi·

574 3611 813 3692 cabat,
847 3622 916 3674 et
946 3612 1229 3692 quidem
1257 3612 1404 3675 dux
1431 3612 1737 3692 Loyola,
1770 3610 1923 3692 ejus
1952 3611 2194 3690 frater,
2227 3612 2376 3675 fere
2406 3622 2568 3675 octo
2599 3631 2824 3676 annos
2867 3622 3031 3678 ante

570 3718 707 3781 hoc
746 3729 1045 3799 tempuS,
1088 3737 1248 3783 cum
1289 3728 1537 3783 contra
1574 3729 1815 3783 turcas
1852 3719 2034 3799 Regi
2068 3719 2474 3796 inserviret,
2516 3729 2817 3783 mortem
2849 3721 3034 3784 obie-

572 3835 705 3890 rat.
739 3826 1073 3890 Libenter
1100 3828 1313 3890 etiam
1342 3827 1519 3890 vidit
1556 3827 1979 3906 magistrum
2009 3827 2295 3890 Petrum
2325 3826 2812 3890 Schorichium
2841 3837 2911 3891 et
2940 3828 3033 3891 ad

518 3932 523 3938 ’
571 3935 1178 4014 perseverantiam
1206 3943 1315 3997 est
1343 3934 1783 3997 adhortatus.

690 4041 831 4104 214.
918 4042 1407 4123 Praeparabat
1454 4059 1718 4122 magna
1755 4059 1918 4104 cum
1958 4042 2323 4121 diligentia
2363 4051 2432 4105 et
2481 4043 2827 4109 charitate
2869 4044 3030 4123 Epi·

568 4167 831 4230 scopus
858 4150 1291 4214 Labacensis
1323 4167 1503 4231 quae
1539 4148 1945 4212 necessaria
1986 4157 2189 4212 erant
2216 4150 2679 4229 supellectilia
2707 4150 2798 4212 ad
2836 4151 3032 4213 insti-

568 4257 809 4320 tuendi
837 4256 1133 4337 Collegii
1161 4275 1388 4337 usum,
1423 4274 1585 4320 cum
1608 4255 1753 4336 Jam
1784 4264 2024 4319 orator
2054 4255 2294 4336 Regis,
2327 4256 2674 4319 Dominus
2711 4257 3036 4321 Didacus

567 4367 792 4429 Lasso
832 4366 920 4429 de
959 4365 1332 4444 Castiglia,
1384 4365 1866 4428 admonuisset
1905 4364 2052 4426 suis
2094 4363 2374 4442 litteriS,
2417 4364 2604 4444 quod
2644 4363 2725 4426 28
2761 4364 3035 4445 Aprilis

565 4473 794 4537 Roma
833 4473 1060 4536 nostri
1088 4472 1443 4536 Viennam
1482 4471 1815 4535 destinati
1853 4470 2238 4552 profecturi
2275 4480 2513 4551 erant;
2554 4481 2621 4534 et
2662 4471 2762 4563 ita
2798 4489 2915 4534 res
2951 4490 3034 4536 se

566 4581 832 4645 habuit.
868 4580 1049 4644 Cum
1078 4579 1264 4643 enim
1306 4581 1399 4643 ad
1436 4578 1802 4643 Summum
1839 4577 2252 4642 Pontificem
2289 4578 2549 4661 Julium
2589 4580 2877 4642 tertium
2915 4597 3030 4642 ac·

565 4688 970 4769 cessissent,
1004 4697 1081 4751 ut
1110 4688 1671 4751 benedictionem
1702 4687 2165 4768 apostolicam
2204 4687 2632 4766 obtinerent,
2668 4687 2787 4750 illa
2830 4705 3030 4753 acce-
