3679 5414
704 467 815 527 656
1628 465 1886 527 Canon.
1929 464 2081 526 Soc.
2115 466 2263 538 ,JES.

705 623 903 692 rent,
938 630 1022 675 ac
1052 613 1322 691 reliquo
1353 622 1668 692 tempore
1698 611 2018 674 vicissim
2047 611 2133 674 de
2162 611 2297 674 Dei
2324 612 2649 675 laudibus
2691 620 3017 692 agerent,
3053 613 3171 675 ali·

708 720 992 801 quando
1022 721 1235 784 etiam
1281 720 1352 782 in
1396 720 1645 782 itinere
1675 719 1753 781 Ρ.
1786 718 2266 799 Hieronymus
2304 719 2767 782 concionatus
2805 727 2943 796 est,
2981 728 3050 781 et
3081 720 3174 783 ad

703 828 1213 891 monasterium
1251 827 1526 890 celebre
1555 826 1819 889 Montis
1855 825 2126 889 Serrati
2157 827 2554 889 devotionis
2593 842 2765 907 ergo
2805 843 2882 888 se
2931 836 3174 890 contu-

702 936 969 1013 lerunt,
1007 944 1074 997 et
1107 934 1509 997 eremitoria
1550 934 1975 1013 inviserunt,
2023 944 2091 997 et
2129 933 2412 1007 demum
2450 934 2658 996 tertia
2708 933 2821 996 die
2859 931 3170 1013 Septem-

696 1043 845 1105 bris
896 1042 1372 1106 Barcinonam
1422 1052 1920 1122 pervenerunt.
1982 1041 2270 1105 Interim
2328 1059 2472 1104 non
2531 1042 2759 1105 solum
2814 1049 3021 1121 pater
3080 1059 3170 1104 ac

696 1167 904 1213 soror
971 1132 1096 1213 sed
1160 1149 1374 1212 etiarn
1438 1149 2040 1230 Archiepiscopus
2096 1148 2520 1212 Valentinus
2584 1167 2710 1229 per
2777 1150 3057 1212 litteras
3122 1166 3166 1211 a

698 1255 774 1319 P.
810 1256 1089 1336 Ignatio
1120 1257 1525 1337 postulabat
1557 1265 1631 1319 ut
1670 1255 1760 1318 ad
1803 1274 1920 1319 res
1959 1257 2483 1336 promovendas
2529 1255 2677 1334 ejus
2724 1255 3021 1334 Collegii
3052 1256 3171 1318 vel

699 1362 1024 1426 eumdem
1052 1362 1130 1426 P.
1162 1362 1712 1443 Hieronymum,
1746 1364 1866 1444 qui
1897 1380 2158 1442 magno
2197 1380 2360 1426 cum
2387 1363 2620 1426 fructu
2658 1364 2732 1425 in
2760 1380 2844 1425 ea
2877 1362 3171 1425 civitate

698 1479 1029 1534 versatus
1059 1480 1244 1549 erat,
1279 1471 1394 1532 vel
1423 1469 1497 1532 P.
1532 1470 1911 1548 Mironem,
1947 1479 2068 1533 aut
2109 1472 2360 1533 saltem
2403 1471 2708 1548 aliquem
2753 1469 2969 1532 alium
3007 1486 3170 1549 gra·

699 1594 864 1639 vem
895 1576 1268 1640 Societatis
1297 1577 1708 1656 religiosum
1738 1595 1824 1639 eo
1855 1576 2185 1640 mitteret.
2236 1576 2585 1639 Dominus
2624 1577 2841 1639 etiam
2880 1575 3169 1638 Franci-

703 1700 868 1747 scus
910 1683 1197 1748 Exarch
1234 1701 1317 1746 ac
1369 1684 1716 1748 Dominus
1752 1684 2158 1748 Ludovicus
2191 1684 2450 1747 Ferrer
2487 1694 2555 1746 et
2596 1684 2719 1746 alii
2748 1684 3170 1746 benevolen-

703 1793 801 1854 tia
854 1792 1197 1872 peculiari
1245 1791 1671 1855 Societatem
1731 1793 2267 1872 amplectenteS,
2312 1792 2459 1854 suis
2522 1791 2776 1853 litteris
2830 1790 2903 1854 id
2940 1790 3173 1869 ipsum

700 1900 1077 1978 urgebant,
1111 1899 1295 1962 inter
1326 1917 1503 1980 quos
1531 1918 1715 1963 unus
1747 1907 2046 1963 testatur
2068 1899 2323 1962 mirum
2354 1899 2425 1961 in
2455 1898 2740 1962 modum
2772 1898 3171 1977 exemplum

702 2023 789 2068 ac
821 2006 1218 2069 doctrinam
1267 2006 1343 2070 P.
1399 2006 1820 2089 Hieronymi
1849 2007 2212 2069 civitatem
2242 2023 2402 2069 eam
2440 2005 2944 2083 commovisse,
2980 2012 3050 2068 et
3079 2004 3170 2071 ad

700 2113 1013 2176 inchoati
1065 2112 1362 2192 Collegii
1420 2112 1936 2192 fundationem,
1989 2111 2139 2193 jam
2198 2122 2435 2193 empta
2486 2113 2696 2175 domo
2747 2120 2816 2175 et
2867 2112 3170 2176 ecclesia

697 2219 1038 2283 fabricari
1089 2228 1370 2300 coepta,
1424 2219 1573 2300 ejus
1623 2222 1735 2283 vel
1789 2220 2040 2284 similis
2084 2220 2381 2300 alicujus
2429 2219 2906 2300 praesentiam
2957 2219 3168 2282 valde
3208 2231 3210 2234 ⁴

703 2327 1111 2389 convenire.
1153 2325 1576 2390 Providerat
1620 2336 1858 2390 autem
1905 2337 2298 2407 opportune
2338 2326 2414 2390 P.
2476 2326 2957 2406 Hieronymus
3002 2335 3165 2389 ante

700 2450 907 2495 suum
938 2450 1298 2496 recessum
1334 2443 1412 2496 ut
1454 2432 1531 2496 P.
1574 2433 1927 2514 Baptista,
1969 2433 2229 2496 Rector
2268 2432 2724 2512 Gandiensis,
2759 2432 3170 2497 Valentiam

702 2555 779 2601 se
808 2537 1191 2616 conferret,
1225 2547 1295 2600 et
1326 2539 1560 2618 aliquo
1607 2526 1817 2603 modo
1847 2550 2244 2603 moerentes
2285 2540 2649 2604 hominum
2689 2540 2964 2603 animos
3006 2557 3165 2601 con-

706 2645 1078 2710 solaretur.

830 2752 971 2815 537.
1067 2753 1382 2817 Fuerunt
1438 2755 1720 2835 quidem
1776 2756 2001 2818 nostri
2059 2766 2223 2818 ante
2279 2772 2641 2817 recessum
2696 2754 2848 2834 ejus
2905 2770 3167 2834 magna

699 2859 1010 2939 quadam
1069 2861 1537 2924 sollicitudine
1585 2861 1892 2936 liberati3
1949 2879 2114 2924 nam
2169 2860 2254 2924 de
2305 2860 2771 2924 Cardinalitia
2822 2861 3168 2937 dignitate

698 2964 774 3028 P.
834 2966 1199 3030 Francisci
1256 2968 1519 3048 Borgia
1578 2986 1819 3032 rumor
1876 2985 2004 3048 per
2060 2969 2422 3031 civitatem
2477 2969 2670 3031 illam
2726 2977 3169 3049 pervagatus

697 3082 884 3153 erat,
932 3082 1001 3137 et
1050 3073 1407 3137 ferebatur
1458 3075 1644 3155 quod
1699 3076 1828 3139 sub
1883 3093 2112 3155 poena
2165 3075 2442 3156 peccati
2498 3075 2821 3138 mortalis
2871 3075 2961 3138 ad
3012 3092 3169 3138 eam

696 3179 1206 3244 admittendam
1248 3191 1541 3245 coactus
1578 3182 1863 3261 fuisset;
1905 3181 2031 3245 sed
2072 3200 2235 3245 curn
2275 3182 2547 3245 litteras
2587 3181 2814 3245 Roma
2855 3182 3168 3262 accepis-

695 3298 884 3367 sent,
917 3288 1168 3369 quibus
1196 3289 1681 3368 intelligebant
1725 3290 2089 3368 negotium
2128 3289 2298 3353 illud
2338 3287 2749 3368 impeditum
2796 3288 3015 3352 fuisse
3044 3305 3173 3369 per

694 3393 771 3458 P.
806 3394 1191 3475 Ignatium,
1225 3395 1621 3459 sollicitudo
1660 3397 1732 3458 in
1773 3397 2332 3459 consolationem
2369 3405 2477 3458 est
2523 3413 2907 3474 conversa3
2951 3407 3021 3459 et
3053 3397 3170 3459 hic

696 3511 851 3565 erat
874 3503 1129 3583 ubique
1152 3511 1558 3566 nostrorum
1583 3521 1854 3582 sensuS,
1890 3504 2215 3583 quamvis
2240 3504 2478 3584 aliqui,
2507 3505 2856 3582 sanguine
2881 3503 3165 3583 conjun-

703 3609 801 3672 cti
828 3609 1055 3672 eidem
1090 3608 1167 3672 P.
1199 3610 1622 3686 Francisc0‚
1658 3611 1862 3674 aliter
1892 3612 2069 3674 haec
2101 3612 2569 3690 accipiebant.

834 3715 976 3779 538.
1074 3715 1311 3780 Prima
1369 3717 1746 3781 Dominica
1801 3717 2270 3797 SeptembriS,
2332 3719 2405 3781 in
2475 3720 2808 3782 inchoata
2874 3719 3173 3781 ecclesia

702 3822 778 3886 P.
843 3822 1226 3903 GameruS,
1276 3823 1424 3904 jam
1482 3825 1851 3903 sacerdOS,
1911 3826 2263 3905 primitias
2321 3843 2487 3888 suas
2537 3824 2844 3889 Domino
2895 3825 3169 3904 obtulit;

700 3941 1140 3993 ornaverunt
1181 3932 1407 3995 nostri
1436 3932 1791 4012 tapetibus
1821 3941 2097 4011 partem
2123 3932 2316 3994 illam
2358 3943 2647 3996 nostrae
2690 3932 3067 4011 ecclesiae;
3101 3941 3171 3995 et

701 4047 903 4101 tanta
941 4056 1103 4101 cum
1139 4039 1462 4102 libertate
1503 4039 1798 4102 Missam
1836 4039 2242 4102 illamdixit
2279 4049 2356 4103 ut
2399 4057 2542 4102 non
2583 4049 2745 4120 tyro
2788 4039 3173 4103 videretur.

702 4145 1187 4210 Concionatus
1216 4156 1322 4209 est
1355 4147 1569 4210 etiam
1600 4146 1676 4208 P.
1712 4147 2056 4228 Baptista;
2088 4147 2289 4210 multi
2319 4148 2504 4210 enirn
2548 4152 3033 4211 convenerant
3057 4196 3071 4225 ,
3104 4156 3175 4210 et

700 4261 849 4316 tam
896 4271 986 4315 ex
1033 4252 1251 4316 Missa
1292 4271 1505 4332 quam
1544 4271 1635 4316 ex
1675 4254 2017 4317 concione
2058 4253 2436 4317 admodum
2479 4253 2831 4318 aedificati
2867 4270 3174 4317 recesse-
3217 4285 3230 4296 ·

698 4369 885 4439 runt,
919 4368 989 4422 et
1029 4360 1157 4423 vix
1194 4361 1444 4424 melius
1473 4378 1786 4440 unquam
1817 4362 2075 4424 dicitur
2103 4378 2261 4424 esse
2298 4362 2781 4425 concionatus
2815 4359 3176 4426 Successit

698 4476 935 4532 autem
966 4485 1195 4531 novus
1224 4468 1561 4531 sacerdos
1593 4486 1676 4530 ac
1708 4467 1989 4548 Rector,
2025 4468 2178 4532 Deo
2206 4479 2657 4550 cooperante,
2684 4488 2826 4532 non
2849 4470 3080 4532 solum
3102 4469 3176 4531 in

698 4574 1092 4638 ministerio
1124 4575 1659 4654 gubernationis
1688 4576 1816 4639 sed
1845 4576 2059 4638 etiarn
2100 4576 2625 4640 confessionum
2664 4576 3174 4642 audiendarum

699 4691 769 4744 et
800 4681 1317 4745 communionis
1348 4682 1880 4761 ministrandae,
1916 4692 1986 4746 et
2014 4684 2284 4747 amicos
2321 4684 2570 4764 etiam,
2617 4701 2917 4764 quorum
2956 4701 3173 4763 opera
3240 4700 3247 4708 ’
