3679 5414
1511 542 1637 600 Ax.
1694 542 1833 599 1552
2417 623 2424 630 ³
2800 541 2905 600 451

434 695 575 757 tius
613 710 828 772 quam
864 690 1102 753 verbis
1141 690 1647 767 movebantur,
1691 689 1951 769 partim
1991 688 2156 768 quia
2198 689 2300 751 sic
2347 688 2909 750 consolationem

440 799 784 879 majorem
813 799 1254 878 spiritualem
1283 797 1687 859 inveniebat
1706 845 1720 874 ,
1754 796 2016 876 partim
2044 796 2260 859 etiam
2300 813 2389 857 ne
2419 804 2759 874 gravaret
2790 813 2906 857 ex-

437 907 676 989 pensis
726 923 1105 986 pauperes,
1161 905 1340 968 inter
1380 922 1557 984 quos
1600 903 1982 984 praecipue
2021 904 2090 966 in
2132 903 2580 966 missionibus
2620 903 2903 980 agebat,

438 1032 716 1094 semper
747 1013 838 1076 ad
862 1029 1155 1093 parcam
1183 1030 1267 1074 ac
1299 1012 1550 1074 duram
1575 1010 1864 1074 vivendi
1895 1012 2219 1073 rationen
2249 1020 2404 1073 erat
2430 1026 2825 1091 propensus
2860 1008 2901 1072 ¹.

561 1121 664 1184 83.
752 1121 928 1184 Cum
958 1119 1318 1182 haeretica
1348 1120 1670 1199 pravitas
1698 1120 1958 1181 multos
1987 1119 2299 1181 Mutinae
2329 1117 2717 1193 infecisset,
2751 1136 2903 1199 per-

444 1228 745 1307 diligens
768 1237 923 1290 erat
956 1226 1027 1289 P.
1058 1225 1425 1305 Sylvester
1453 1236 1528 1289 ut
1559 1228 1648 1288 ab
1678 1225 1788 1288 his
1818 1236 1886 1288 et
1916 1227 2052 1288 illis
2074 1226 2361 1288 nomina
2384 1225 2906 1289 haereticorum

438 1336 529 1398 ad
560 1334 1060 1415 Inquisitorem
1089 1333 1564 1411 deferrentur3
1598 1342 1666 1395 et
1696 1333 1809 1395 hic
1842 1334 2143 1396 latratus
2173 1343 2319 1396 tam
2345 1333 2534 1395 utilis
2565 1332 2654 1394 ad
2679 1342 2908 1396 custo-

438 1442 628 1505 diam
655 1442 903 1521 gregis
933 1440 1223 1502 Domini
1267 1439 1662 1517 videbatur,
1708 1449 1783 1502 ut
1830 1442 2293 1503 concionator
2333 1440 2761 1503 cathedralis
2799 1458 2909 1503 ec-

436 1550 693 1613 clesiae
742 1549 1009 1611 diceret
1060 1565 1193 1610 nec
1242 1547 1704 1627 Episcopum,
1757 1565 1890 1609 nec
1941 1547 2312 1611 Vicarium
2359 1565 2492 1610 nec
2535 1548 2908 1627 ipsummet

436 1656 510 1719 P.
545 1655 992 1736 Sylvestrum
1031 1656 1104 1717 in
1145 1653 1712 1717 confessionibus
1751 1663 1872 1717 aut
1913 1655 2372 1717 concionibus
2403 1665 2678 1718 tantum
2709 1673 2909 1734 prae-

435 1772 626 1826 stare
657 1771 1000 1842 quantum
1044 1763 1117 1824 in
1154 1761 1290 1823 hac
1336 1761 1841 1839 sollicitudine,
1886 1779 2025 1851 qua
2065 1762 2585 1825 haereticorum
2626 1781 2910 1827 errores

436 1868 526 1931 ad
558 1869 865 1932 tribunal
889 1867 1037 1948 Jam
1068 1866 1334 1931 dictum
1363 1866 1625 1930 deferri
1658 1868 1988 1945 curabat;
2023 1877 2091 1931 et
2120 1867 2409 1947 quidam
2439 1888 2529 1932 ex
2558 1870 2734 1932 viris
2768 1872 2908 1950 pri·

438 1977 681 2039 mariis
711 1993 796 2037 ac
834 1975 1039 2055 juxta
1084 1975 1220 2054 piis
1251 1974 1343 2037 ad
1380 1974 1457 2037 P.
1493 1973 1849 2053 Ignatium
1892 1976 2175 2054 scripsit
2212 1978 2458 2040 urbem
2498 1976 2689 2040 illam
2730 1994 2910 2055 pene

436 2092 659 2147 totam
699 2082 1218 2163 quodammodo
1266 2082 1627 2161 corrumpi
1656 2084 2012 2162 potuisse,
2064 2084 2125 2145 si
2176 2085 2241 2145 ei
2287 2083 2521 2147 Patris
2560 2083 2908 2164 Sylvestri

436 2190 835 2254 sollicitudo
868 2201 934 2251 et
966 2189 1285 2252 charitas
1317 2188 1674 2252 defuisset.
1703 2188 2046 2268 Quamvis
2075 2192 2263 2253 enim
2294 2192 2670 2254 multorum
2703 2210 2905 2254 mens

435 2299 625 2360 mala
674 2315 817 2360 non
865 2305 1087 2374 esset,
1144 2296 1420 2374 decepti
1476 2309 1715 2358 tamen
1764 2297 1854 2359 ab
1903 2297 2282 2360 haereticis
2329 2299 2644 2377 ipsorum
2696 2300 2928 2362 licen-⁴

436 2405 608 2467 tiam
644 2404 930 2483 plurimi
969 2404 1445 2482 sequebantur
1484 2410 1553 2464 et
1589 2402 1676 2464 de
1721 2401 1904 2466 Sede
1956 2404 2374 2484 Apostolica
2422 2406 2606 2468 male
2656 2406 2910 2469 sentie-

436 2513 608 2575 bant
636 2521 706 2575 et
728 2511 1222 2589 loquebantur.

562 2618 664 2681 84.
764 2617 926 2680 Duo
981 2619 1094 2680 vel
1152 2626 1297 2679 tres
1353 2635 1445 2680 ex
1501 2618 1637 2679 illis
1688 2617 2176 2681 sacerdotibus
2228 2619 2758 2701 Garfagnanae,
2814 2623 2906 2684 ad

434 2727 510 2790 P.
566 2726 1012 2807 Sylvestrum
1053 2726 1441 2803 venienteS,
1479 2725 1566 2787 ab
1598 2743 1682 2788 eo
1733 2724 1824 2787 ad
1874 2727 1952 2790 P.
1995 2726 2459 2791 Paschasium
2496 2728 2906 2792 Provincia-

438 2835 578 2897 lem
608 2835 806 2897 missi
845 2842 1044 2912 sunt,
1089 2841 1164 2895 ut
1203 2838 1451 2895 eoru’m
1489 2849 1707 2911 opera
1746 2834 1820 2896 in
1862 2834 2099 2914 aliquo
2138 2833 2513 2898 Societatis
2553 2838 2714 2899 loco
2755 2846 2908 2899 ute-

440 2951 653 3004 retur.

527 3035 657 3111 Υ85.
745 3046 922 3110 Cum
965 3045 1056 3108 ad
1095 3046 1393 3126 alicujus
1434 3047 1691 3109 infirmi
1740 3047 2259 3111 confessionem
2309 3048 2733 3112 audiendam
2781 3067 2902 3111 vo-

439 3155 755 3232 cabatur,
790 3153 1169 3232 aliquando
1200 3163 1469 3233 septem
1500 3163 1569 3216 et
1601 3163 1761 3216 octo
1793 3154 1913 3216 alii
1951 3172 2112 3217 eum
2152 3155 2691 3234 exspectabant,
2734 3173 2903 3235 quo—

436 3281 593 3325 rum
623 3262 838 3324 etiam
868 3260 1380 3339 confessioneS,
1423 3259 1587 3322 licet
1625 3261 1781 3323 sani
1812 3270 2081 3340 essent,
2129 3263 2430 3341 privatis
2466 3263 2540 3325 in
2576 3262 2904 3325 domibus

436 3368 682 3431 audire
733 3368 1124 3447 oportebat.
1177 3365 1481 3446 Aliquae
1522 3366 1736 3429 etiam
1787 3385 1879 3431 ex
1928 3367 2487 3431 confessionibus
2529 3371 2902 3446 generales

437 3477 650 3539 totius
692 3475 883 3537 vitae
934 3483 1173 3552 erant;
1227 3483 1296 3536 et
1347 3473 1609 3536 accidit
1649 3474 1958 3554 aliquem
2005 3492 2134 3554 per
2173 3475 2353 3538 duas
2395 3476 2609 3539 horas
2649 3487 2719 3540 et
2758 3495 2901 3539 am·

436 3585 618 3664 plius
648 3601 811 3646 cum
840 3581 1306 3644 amarissimis
1343 3598 1429 3644 ac
1462 3582 1817 3644 continuis
1845 3581 2121 3646 fletibus
2152 3601 2356 3646 suam
2386 3584 2907 3647 confessionem

436 3708 807 3771 peragere.

554 3797 655 3861 86.
744 3797 944 3860 Multi
975 3794 1125 3876 ejus
1169 3814 1417 3877 opera,
1452 3797 1570 3876 qui
1602 3797 1693 3859 ab
1722 3796 2103 3861 haereticis
2132 3799 2456 3861 subversi
2487 3808 2554 3862 et
2585 3800 2674 3861 ob
2707 3800 2902 3878 igno-

439 3905 744 3968 rantiam
772 3906 888 3967 vel
917 3905 1261 3967 malitiam
1302 3921 1545 3967 eorum
1585 3921 1865 3967 errores
1904 3906 2156 3968 sectati
2194 3904 2502 3984 fuerant,
2547 3909 2902 3970 concioni-

437 4013 567 4075 bus
594 4012 670 4074 P.
702 4010 1050 4090 Sylvestri
1078 4011 1444 4088 illustrati,
1481 4011 1572 4073 ad
1601 4011 1964 4074 Ecclesiae
1996 4012 2389 4075 catholicae
2419 4014 2769 4091 gremium
2799 4032 2904 4076 re—

438 4120 752 4196 deunteS,
790 4119 1219 4181 intellectum
1248 4135 1452 4180 suum
1486 4119 1557 4180 in
1588 4118 2005 4197 obsequium
2032 4118 2191 4181 fidei
2215 4120 2692 4199 captivarunt.

556 4225 659 4287 87.
748 4225 1149 4289 Cardinalis
1180 4224 1595 4304 CarpensiS,
1643 4223 2016 4288 Protector
2057 4223 2462 4306 SocietatiS,
2508 4228 2800 4305 optabat
2831 4239 2909 4291 ut

439 4332 787 4411 Rhegium
819 4350 895 4395 se
927 4332 1185 4413 aliquis
1214 4350 1303 4395 ex
1332 4332 1601 4395 nostris
1630 4331 2020 4410 conferret,
2056 4342 2124 4395 et
2153 4335 2662 4397 monasterium
2694 4334 2905 4414 quod-

439 4439 602 4502 dam
646 4441 1096 4516 monialium,
1142 4440 1330 4520 quod
1366 4439 1873 4503 reformatione
1907 4440 2224 4519 indigere
2254 4458 2688 4523 magnopere
2719 4442 2912 4504 vide-

521 4646 538 4678 Ι
599 4644 869 4696 Polancus,
892 4655 958 4686 ex
979 4655 1125 4695 com„
1147 4643 1419 4701 Sylvestro
1441 4642 1689 4696 Landino,
1713 4644 1831 4697 quid
1855 4644 1951 4697 ipsi
1974 4644 2244 4697 agendum.
2264 4646 2382 4699 quid
2404 4647 2908 4700 prater-mittendum,

437 4723 494 4760 ut
516 4715 818 4767 valetudini,
842 4721 924 4758 sat
943 4715 1049 4769 jam
1074 4716 1243 4767 debili,
1279 4716 1461 4758 melius
1496 4714 1745 4767 consulat,
1787 4717 1836 4758 19
1870 4715 2069 4766 Martii;
2106 4716 2272 4759 eidem
2305 4724 2362 4760 ut
2396 4719 2446 4761 in
2481 4719 2541 4761 iis
2576 4730 2706 4772 quae
2740 4720 2803 4762 ad
2836 4721 2911 4762 vi—

440 4795 581 4832 ctum
602 4793 701 4831 etc.
723 4787 983 4840 pertinent
998 4819 1009 4840 ,
1031 4787 1213 4830 medici
1238 4792 1289 4829 et
1311 4787 1620 4829 confessoris
1641 4788 1869 4831 consiliis
1888 4789 2092 4831 omnino
2113 4800 2167 4831 se
2189 4789 2454 4844 subjiciat,
2478 4790 2533 4833 26
2553 4790 2745 4835 Martii.
