3679 5414
1595 494 1722 552 ΑΝ.
1768 494 1899 553 1551
2866 494 2974 553 369

503 638 790 717 vellent,
842 638 1143 718 genibus
1182 639 1384 702 flexis
1423 639 1858 718 Episcopum
1897 638 2139 719 populi
2177 638 2529 717 rogabant
2566 648 2641 701 ut
2690 647 2973 702 nostros

503 745 864 823 retineret,
900 753 968 808 et
1000 762 1161 809 cum
1191 747 1418 809 nostri
1459 746 1934 809 obedientiam
1973 744 2457 825 obtenderent,
2501 746 2837 809 nuncium
2875 747 2973 809 illi

508 870 727 915 unum
758 851 850 915 ad
879 850 1254 916 Rectorem
1284 852 1584 933 Collegii
1613 853 2233 933 ConimbricensiS,
2269 860 2338 915 et
2380 853 2596 914 alium
2638 853 2729 915 ad
2768 852 2966 933 Regi-

512 977 680 1022 nam
707 959 986 1022 mittere
1013 960 1385 1040 parabant.
1420 959 1560 1024 Sed
1589 977 1752 1023 cum
1789 960 2019 1023 nostri
2048 960 2120 1023 id
2150 960 2680 1041 intellexissent,
2727 978 2851 1023 eos
2885 961 2974 1024 ab

509 1067 838 1147 incoepto
868 1078 1298 1130 revocarunt
1342 1076 1411 1130 et
1448 1068 1643 1131 circa
1683 1066 1986 1130 reditum
2018 1084 2223 1130 suum
2254 1084 2547 1146 operam
2576 1085 2652 1130 se
2683 1068 2975 1131 daturos

506 1183 950 1253 receperunt.
988 1175 1074 1237 Et
1098 1175 1195 1237 ita
1220 1175 1349 1237 sub
1374 1184 1652 1255 tempus
1673 1173 2049 1237 Adventus
2080 1192 2222 1236 non
2252 1174 2535 1253 quidem
2564 1173 2639 1237 P.
2665 1174 2973 1255 Alphon-

507 1298 628 1343 sus
667 1281 791 1344 sed
832 1280 1043 1344 Pater
1085 1283 1289 1362 aliuS,
1336 1289 1809 1361 cognomento
1850 1280 2156 1345 Sanctae
2198 1280 2471 1357 CruciS,
2513 1281 2606 1344 ad
2654 1282 2977 1345 eumdem

506 1388 1015 1467 Episcopatum
1043 1406 1204 1451 cum
1233 1389 1310 1452 P.
1345 1388 1673 1452 Cornelio
1710 1388 1968 1451 missus
1999 1397 2125 1467 est,
2161 1397 2231 1450 et
2259 1403 2523 1466 magno
2556 1406 2719 1451 cum
2745 1388 2976 1452 fructu

505 1494 766 1557 ibidem
796 1495 1086 1574 versati,
1121 1495 1342 1558 variis
1371 1496 1657 1576 pietatis
1681 1494 2016 1575 operibus
2045 1503 2512 1573 vacaverunt,
2539 1514 2625 1557 ac
2656 1496 2977 1575 spiritua-

503 1601 598 1663 lia
628 1602 973 1664 exercitia
1011 1602 1228 1666 nobili
1269 1603 1553 1665 cuidam
1591 1612 1662 1689 et
1701 1602 2045 1684 primario
2087 1601 2267 1681 vir0,
2313 1602 2432 1683 qui
2473 1603 2641 1666 olim
2670 1603 2742 1665 in
2779 1603 2978 1666 India

504 1707 824 1770 ordinem
862 1708 1239 1771 militarem
1279 1727 1440 1771 cum
1467 1709 1677 1772 laude
1715 1709 2039 1788 duxerat,
2074 1719 2622 1790 proposuerunt.
2660 1709 2798 1773 Hic
2826 1719 2976 1774 tan-

506 1823 750 1894 topere
800 1815 1102 1895 profecit
1150 1825 1227 1878 ut
1277 1816 1429 1896 eJus
1478 1817 1669 1879 vitae
1720 1817 2020 1880 mutatio
2073 1815 2525 1879 admirationi
2577 1815 2978 1880 hominibus

510 1931 725 2000 esset,
761 1931 828 1984 et
858 1923 1078 1985 verbo
1110 1938 1196 1985 ac
1227 1924 1551 2003 exemplo
1583 1923 1762 1985 alios
1800 1921 1891 1985 ad
1923 1922 2191 2002 optima
2235 1940 2555 2002 quaeque
2594 1924 2974 2001 excitabat;

508 2028 937 2108 pauperibus
967 2030 1264 2093 multum
1292 2029 1587 2093 subsidii
1618 2029 1999 2108 tribuebat;
2035 2046 2334 2092 uxorem
2362 2037 2431 2092 et
2460 2030 2747 2093 domurn
2776 2047 2977 2093 suam

509 2144 732 2198 totam
764 2137 838 2198 in
868 2137 1187 2199 oratione
1217 2137 1508 2200 mentali
1539 2136 1792 2199 instrui
1821 2136 2068 2212 voluit,
2104 2136 2176 2198 in
2206 2154 2345 2216 qua
2369 2137 2518 2217 ipse
2545 2154 2689 2200 non
2726 2154 2975 2217 parum

509 2242 842 2322 profecit3
888 2252 958 2305 et
988 2253 1156 2306 tunc
1187 2261 1262 2306 se
1295 2244 1761 2306 christianum
1791 2260 1947 2305 esse
1986 2242 2299 2322 incipere
2339 2242 2754 2308 affirmabat.
2796 2243 2975 2307 Aliis

507 2349 724 2412 etiam
758 2350 997 2413 multis
1037 2350 1387 2414 nobilibus
1431 2350 1831 2430 spiritualia
1870 2350 2211 2413 exercitia
2249 2351 2617 2430 proposita
2666 2351 2971 2429 fuerunt,

508 2465 579 2518 et
606 2475 824 2537 supra
855 2456 1331 2537 quadraginta
1364 2458 1682 2537 virgines
1711 2475 1803 2520 ex
1830 2457 2260 2537 primoribus
2301 2458 2374 2519 in
2403 2458 2613 2520 rebus
2651 2458 2971 2538 spiritua·

501 2563 683 2647 libus
716 2565 1136 2644 instructae,
1173 2564 1264 2639 ad
1293 2581 1472 2645 quas
1511 2573 1714 2627 erant
1746 2565 1922 2627 satis
1965 2564 2296 2643 idoneae,
2329 2572 2399 2627 et
2430 2581 2519 2627 ex
2548 2564 2684 2627 illis
2714 2567 2974 2628 multae

507 2670 597 2733 ad
629 2671 994 2752 religionis
1024 2680 1288 2735 statum
1326 2689 1404 2735 se
1441 2672 1759 2752 recipere
1804 2671 2340 2734 constituerunt.
2384 2670 2545 2752 Ipso
2586 2681 2826 2736 autem
2862 2672 2973 2737 die

501 2778 778 2841 Natalis
817 2777 1130 2857 Domini,
1178 2787 1339 2859 post
1376 2779 1979 2859 praedicationem
2017 2777 2094 2840 P.
2137 2776 2446 2842 Sanctae
2489 2779 2761 2860 Crucis,
2812 2799 2970 2845 con·

505 2885 758 2948 cordia
788 2886 969 2948 inter
998 2887 1279 2966 multOS,
1317 2887 1436 2967 qui
1474 2886 1881 2949 inimicitias
1921 2885 2105 2948 inter
2134 2902 2211 2948 se
2250 2888 2698 2966 exercebant,
2743 2890 2972 2951 conci—

509 2992 720 3056 liatae
749 2992 1055 3057 fuerunt.

624 3099 765 3163 416.
857 3099 1037 3164 Cum
1087 3119 1260 3164 vero
1305 3101 1418 3163 die
1468 3102 1792 3181 sequenti
1834 3099 1966 3164 Sti.
2018 3099 2359 3180 Stephani
2407 3101 2586 3163 festa
2626 3101 2973 3179 quaedam

507 3207 807 3287 profana
828 3225 958 3288 pro
982 3224 1179 3270 more
1202 3208 1440 3270 futura
1463 3216 1723 3287 essent,
1745 3207 1930 3270 unde
1952 3208 2215 3270 multae
2238 3205 2373 3270 Dei
2396 3206 2706 3270 offensae
2731 3225 2971 3272 conse·

500 3315 925 3393 quebantur,
981 3313 1095 3377 hic
1144 3314 1355 3377 Pater
1410 3315 1734 3378 omnibus
1784 3314 1921 3376 illis
1969 3315 2183 3377 simul
2225 3313 2487 3394 Junctis
2538 3315 2610 3377 in
2668 3315 2972 3394 quadam

510 3422 809 3483 ecclesia
859 3421 1322 3484 concionatus
1370 3430 1507 3500 est,
1555 3421 1959 3500 eisdemque
2001 3421 2386 3500 persuasit,
2432 3419 2813 3500 adjuvante
2855 3422 2972 3484 illo

509 3528 728 3591 nobili
778 3528 959 3607 vir0,
1006 3527 1092 3591 de
1129 3545 1268 3608 quo
1310 3529 1637 3608 superius
1675 3537 1780 3590 est
1820 3537 2093 3606 actum,
2137 3536 2212 3590 ut
2251 3545 2606 3607 expensae
2645 3529 2718 3591 in
2767 3529 2975 3592 vanis

509 3633 907 3715 hujusmodi
933 3637 1143 3698 rebus
1161 3636 1528 3699 faciendae
1546 3636 1618 3698 in
1649 3653 1867 3716 opera
1889 3636 2174 3716 pietatis
2199 3646 2804 3700 converterentur.
2832 3637 2974 3701 Ad·

497 3741 737 3822 junxit
768 3743 985 3806 etiam
1010 3744 1269 3807 nobilis
1292 3744 1405 3806 ille
1439 3744 1747 3822 aliquam
1778 3742 2122 3823 pecuniae
2156 3760 2527 3822 summam,
2564 3761 2779 3824 quam
2810 3762 2971 3824 quo·

513 3850 751 3912 tannis
782 3849 952 3913 dare
977 3850 1340 3913 constituit
1369 3860 1445 3913 ut
1474 3850 1904 3930 pauperibus
1934 3850 2460 3929 subveniretur;
2494 3859 2565 3913 et
2591 3860 2667 3913 ut
2696 3851 2974 3932 aliquae

510 3957 829 4036 virgines
859 3958 1159 4037 singulis
1191 3958 1397 4021 annis
1427 3958 1499 4020 in
1527 3957 1978 4020 matrimonio
2010 3958 2549 4037 collocarentur,
2577 3958 2863 4037 quidam
2885 3978 2975 4023 ex

512 4051 938 4143 primoribus
989 4082 1232 4127 curam
1286 4072 1784 4150 susceperunt;
1827 4073 1896 4127 et
1945 4064 2036 4126 ad
2070 4064 2366 4143 ⁴publica
2415 4073 2712 4144 peccata
2759 4068 2972 4147 repri-

510 4171 769 4233 menda
822 4180 1032 4250 atque
1084 4171 1513 4234 eliminanda
1563 4171 1779 4251 aliqui
1828 4189 1920 4234 ex
1971 4170 2548 4234 confraternitate
2592 4171 2739 4252 Jam
2788 4173 2978 4236 dicta

508 4277 766 4341 delecti
795 4277 1099 4357 fuerunt,
1133 4288 1202 4341 et
1231 4279 1292 4341 si
1315 4296 1458 4342 non
1481 4278 1616 4360 ipsi
1641 4279 1759 4341 illa
1783 4278 2150 4342 eliminare
2175 4279 2522 4358 valerent,
2548 4287 2625 4342 ut
2648 4280 2979 4361 Episcopi

511 4392 582 4447 et
615 4383 834 4464 Regis
864 4385 1076 4447 etiam
1109 4387 1452 4450 auxilium
1480 4387 1965 4467 implorarent.
2010 4384 2175 4448 Alia
2205 4385 2508 4467 plurima
2536 4404 2664 4467 per
2693 4387 2980 4450 eosdem

508 4502 851 4572 operatus
878 4501 985 4556 est
1015 4492 1386 4574 Dominus,
1421 4495 1601 4557 inter
1633 4511 1814 4584 quae
1845 4509 2110 4572 magna
2141 4493 2492 4572 quaedam
2521 4494 2738 4557 vidua
2765 4494 2979 4558 hono·

510 4607 670 4662 rata
696 4599 974 4663 animae
999 4602 1558 4665 consolationem
1584 4601 1877 4680 invenit,
1905 4617 2085 4680 quae
2109 4610 2378 4680 septem
2396 4598 2543 4680 jam
2569 4619 2801 4665 annos
2823 4618 2981 4681 gra-

511 4705 846 4769 vissimas
875 4706 1035 4770 fidei
1075 4710 1499 4772 tentationes
1540 4707 1943 4788 patiebatur
1981 4717 2072 4786 et,
2119 4723 2283 4770 cum
2318 4709 2654 4788 religioso
2698 4709 2983 4774 cuidam

2616 4840 2686 4894 24
