3679 5414
704 502 814 561 722
1626 502 1678 563 C
1684 520 1884 563 naon.
1926 502 2079 562 soe.
2120 503 2260 576 JES.

700 650 1164 728 spitalitatem
1216 651 1288 712 in
1337 667 1460 713 eos
1509 649 1910 727 exercebat3
1963 658 2033 712 et
2083 666 2244 712 cum
2294 665 2517 730 prope
2566 664 2831 730 pagum
2883 668 3185 715 crucem·

701 756 1080 836 quamdam
1106 756 1446 834 fixissent,
1475 757 1608 819 iter
1630 756 1987 837 quoddam
2011 775 2051 819 a
2075 774 2203 819 suo
2228 772 2416 836 pago
2439 767 2957 837 praepararunt
2979 768 3058 822 ut
3081 777 3167 823 ea

699 863 953 927 deduci
995 872 1256 943 posset,
1310 872 1378 927 et
1428 881 1592 927 cum
1640 864 1863 943 pueri,
1920 863 2158 927 crollis
2208 863 2463 943 ornati,
2516 863 2587 925 in
2632 864 3191 944 supplicationis.

697 971 986 1034 modum
1018 988 1303 1034 crucem
1334 970 1709 1048 deferrent,
1740 970 2274 1033 brasiliensibus
2303 969 2755 1049 sequentibus
2780 980 2849 1033 et
2877 988 3165 1051 respon·

695 1078 1028 1141 dentibus
1059 1079 1130 1141 in
1161 1087 1376 1141 cantu
1406 1077 1693 1140 litaniae
1723 1095 1857 1141 ora
1877 1086 2019 1157 pro
2051 1077 2277 1154 nobis,
2308 1094 2591 1140 crucem
2620 1077 2691 1140 in
2733 1080 2883 1141 solo
2926 1096 3162 1143 erexe-

692 1194 880 1247 runt.
916 1185 1116 1248 Tunc
1147 1185 1436 1264 quidam
1466 1202 1556 1248 ex
1585 1185 1827 1265 pueris
1854 1184 1925 1247 in
1955 1185 2343 1247 vernacula
2372 1184 2687 1264 ipsorum
2716 1186 2958 1264 lingua
3003 1204 3161 1250 coe·

691 1292 795 1371 pit
826 1292 1066 1372 aliqua
1097 1293 1184 1355 de
1213 1293 1551 1356 Passione
1600 1292 1863 1356 Christi
1901 1292 2092 1371 loqui
2132 1308 2294 1354 cum
2333 1291 2699 1371 lacrymiS,
2735 1309 2914 1372 quas
2948 1294 3164 1357 etiam

691 1400 954 1463 nobilis
984 1400 1096 1463 ille
1129 1400 1565 1463 brasiliensis
1595 1399 2020 1474 effundebat,
2055 1408 2124 1462 et
2155 1415 2315 1462 cum
2345 1399 2545 1479 pueri
2574 1414 2761 1478 genu
2792 1399 2975 1462 flexo
2999 1418 3156 1464 cru-

693 1524 850 1570 cem
880 1491 1286 1585 adorarent,
1319 1524 1552 1586 genua
1584 1506 1878 1568 flectens
1907 1515 1976 1568 et
1999 1506 2112 1568 ille
2136 1506 2575 1569 tantumdem
2595 1505 2782 1569 fecit.
2812 1505 3154 1571 Diabolus

690 1624 954 1691 tamen,
975 1623 1051 1677 ut
1073 1622 1430 1676 averteret
1453 1614 1777 1676 homines
1797 1631 1838 1674 a
1864 1613 2101 1676 crucis
2115 1613 2329 1692 cultu,
2348 1613 2776 1694 persuadere
2799 1613 3179 1678 nitebatur

693 1738 820 1801 per
850 1738 1017 1783 suos
1046 1721 1406 1783 ministros
1436 1721 1622 1800 quod
1653 1720 1793 1783 vile
1826 1720 2094 1808 quidet
2117 1719 2673 1783 erubescendum
2702 1729 2888 1783 esset
2911 1720 3014 1783 sic
3035 1738 3153 1800 ge·

691 1845 833 1890 nua
862 1827 1168 1906 flectere,
1204 1836 1272 1890 et
1304 1829 1481 1890 tales
1517 1829 1708 1890 velut
1739 1845 2005 1890 uxores
2034 1844 2192 1890 esse
2232 1827 2787 1890 christianorum
2816 1844 2942 1907 per
2972 1828 3152 1891 deri·

690 1952 847 1998 sum
878 1935 1228 1997 dicebant.
1264 1934 1590 1997 Habebat
1631 1933 1849 1996 filiam
1890 1934 2272 2014 quamdam
2307 1934 2626 2013 graviter
2666 1943 3155 2012 aegrotantem

686 2042 942 2103 nobilis
995 2042 1138 2120 ille,
1195 2058 1411 2121 quam
1462 2041 1756 2104 adduxit
1806 2040 1899 2103 ad
1945 2058 2206 2120 pueros
2254 2049 2330 2103 ut
2380 2042 2678 2103 salute-m
2726 2041 2826 2103 illi
2876 2040 3174 2121 darent,.

687 2165 899 2228 quam
942 2148 1229 2228 quidam
1269 2165 1517 2211 eorum
1564 2147 1699 2210 fide
1750 2147 2041 2228 egregia
2083 2147 2445 2227 praeditus
2486 2147 2840 2227 promisit,
2876 2157 2945 2210 et
2992 2166 3154 2212 cum

684 2254 885 2335 pueri
917 2265 1244 2322 orassent
1275 2253 1690 2333 Dominum,
1724 2262 1885 2333 post
1913 2254 2256 2334 pauculos
2295 2254 2446 2316 dies
2488 2254 2720 2333 puella
2763 2255 3149 2322 convaluit.

685 2360 899 2424 Dedit
929 2363 1032 2423 eis
1062 2361 1281 2424 filium
1311 2363 1708 2440 elegantem
1738 2370 1813 2424 ut
1844 2379 2006 2424 eum
2039 2361 2405 2439 docerent,
2440 2361 2560 2440 qui
2591 2361 2662 2423 in
2693 2360 2807 2424 die
2836 2360 3152 2425 Paschae

683 2467 812 2530 fuit
846 2468 1267 2548 baptizatus

800 2574 952 2637 657,
1050 2574 1512 2639 Delectantur
1568 2576 1776 2638 valde
1833 2577 2107 2639 musica
2171 2574 2625 2637 brasilienses
2653 2622 2668 2652 ,
2735 2592 2875 2654 quo
2937 2574 3148 2639 fiebat

682 2682 897 2746 etiam
928 2691 1003 2745 ut
1032 2682 1360 2747 libentius
1388 2701 1648 2765 pueros
1680 2693 2053 2748 cantantes
2082 2683 2429 2747 audirent.
2476 2681 2653 2746 Cum
2690 2681 2935 2746 hostes
2979 2699 3173 2747 suos.

679 2799 829 2852 tam
858 2792 1084 2853 atroci
1122 2791 1283 2854 odio
1313 2800 1856 2872 prosequantur,
1891 2792 1951 2853 si
1980 2800 2216 2854 tamen
2248 2808 2407 2853 cum
2448 2799 2660 2853 cantu
2683 2799 2803 2853 aut
2826 2808 3000 2854 sono
3025 2791 3146 2854 ali-

645 2914 819 2977 ·quo
850 2898 1121 2961 musico
1151 2899 1242 2961 ad
1274 2916 1519 2961 eorum
1547 2916 1774 2978 pagos
1806 2899 2174 2976 accedunt,
2207 2915 2349 2960 non
2378 2898 2605 2960 solum
2634 2897 2919 2977 impune
2948 2898 3019 2959 id
3041 2896 3143 2960 sa-

677 3005 873 3068 ciunt
903 3006 1027 3068 sed
1060 3006 1457 3069 humaniter
1489 3007 1937 3086 excipiuntur
1965 3014 2034 3068 et
2057 3005 2396 3085 quidquid
2419 3006 2667 3067 volunt
2692 3004 2794 3067 eis
2816 3005 3137 3075 concedi·

677 3121 812 3189 tur;
846 3121 916 3175 et
946 3113 1045 3176 ita
1074 3113 1150 3176 P.
1185 3112 1518 3192 Nobrega
1549 3131 1797 3176 secure
1827 3115 2163 3176 censebat
2193 3130 2402 3193 posse
2440 3119 2726 3174 nostros
2768 3121 3165 3191 penetrare-

676 3219 766 3282 ad
794 3219 1311 3283 mediterranea
1343 3221 1865 3283 brasiliensium
1893 3229 1962 3283 et
1992 3220 2443 3299 evangelium
2471 3219 2574 3282 eis
2603 3219 3040 3299 praedicare,
3077 3221 3141 3283 si

674 3343 835 3395 cum
864 3325 1262 3406 hujusmodi
1295 3337 1508 3391 cantu
1540 3338 1660 3390 aut
1684 3328 1918 3407 aliquo
1940 3344 2203 3406 genere
2225 3327 2655 3389 musicorum
2683 3343 2806 3388 eos
2829 3326 3135 3389 adirent.

672 3431 820 3494 Nec
847 3435 1076 3495 solum
1108 3433 1420 3512 audiunt,
1455 3434 1579 3497 sed
1610 3443 1756 3497 tam
1787 3451 1995 3497 senes
2017 3452 2230 3514 quam
2255 3450 2431 3496 anus
2453 3442 2522 3495 et
2546 3432 2860 3512 quusvis
2884 3435 3165 3497 aetatis

670 3538 1123 3603 brasilienses
1155 3541 1245 3603 ad
1276 3551 1566 3604 cantum
1596 3543 1710 3603 vel
1740 3557 1991 3603 sonum
2022 3539 2338 3603 auditum
2367 3541 2631 3603 saltare
2661 3541 2909 3602 solent.
2959 3539 3141 3605 Cum

670 3646 772 3710 eis
801 3647 1068 3710 veritas
1096 3649 1574 3728 praedicatur,
1611 3666 1770 3710 eam
1800 3657 2233 3727 agnoscunt,
2267 3657 2337 3710 et
2367 3647 2816 3727 deceptiones
2847 3664 3161 3712 suorum.

669 3755 1173 3833 magistrorum
1205 3754 1565 3818 damnant.
1601 3755 2004 3818 Periculum
2034 3756 2253 3817 etiam
2281 3753 2486 3833 huJus
2526 3755 2628 3817 rei
2669 3753 2834 3816 fecit
2878 3752 2956 3816 P.
2999 3752 3159 3816 No»

665 3861 885 3940 brega
917 3880 1078 3925 cum
1107 3863 1347 3942 pueris
1375 3872 1443 3925 et
1473 3879 1686 3924 cruce
1724 3880 1852 3943 per
1889 3863 2234 3943 quosdam
2263 3878 2490 3941 pagos
2521 3862 2962 3924 continenter
2998 3861 3133 3924 dis-

667 3985 959 4031 currens
989 3978 1058 4031 et
1098 3978 1389 4032 cantare
1424 3969 1697 4033 faciens
1740 3970 1827 4040 de
1868 3969 2022 4032 Deo
2067 3978 2137 4032 et
2177 3969 2266 4032 ad
2305 3968 2455 4048 eJus
2493 3968 2772 4031 laudem
2795 4016 2810 4047 ,
2854 3968 2946 4047 ad
2975 3984 3160 4032 eum⁴

664 4075 988 4154 modum,
1037 4093 1177 4156 quo
1216 4093 1345 4138 sua
1384 4076 1484 4138 illi
1523 4076 1898 4139 mendacia
1941 4093 2199 4139 canere
2244 4076 2434 4138 soliti
2479 4085 2713 4154 erant;
2768 4084 2836 4137 et
2886 4075 3135 4139 solitas

662 4182 1027 4245 cantiones
1074 4192 1144 4245 et
1198 4183 1556 4245 orationes
1593 4183 1908 4246 dicentes
1957 4182 2313 4246 adhortati
2351 4191 2513 4244 sunt
2552 4199 2674 4245 eos
2723 4199 2814 4243 ex
2851 4181 3134 4244 nomine

658 4290 992 4370 Episcopi
1024 4300 1102 4354 ut
1131 4308 1206 4353 se
1236 4300 1752 4371 praepararent
1783 4289 1875 4352 ad
1904 4291 2371 4353 christianam
2392 4290 2831 4368 religionem,
2858 4306 3002 4351 non
3030 4297 3133 4350 ta·

661 4415 823 4460 men
852 4396 944 4460 ad
975 4414 1139 4460 eum
1169 4397 1476 4476 modum,
1512 4414 1650 4477 quo
1683 4414 1932 4460 eorum
1970 4407 2333 4478 parenteS,
2367 4397 2486 4477 qui
2523 4406 2798 4459 tantum
2835 4404 2910 4458 ut
2949 4395 3157 4458 acci--

653 4514 902 4585 perent
953 4505 1234 4568 indusia
1274 4504 1644 4567 christiani
1698 4504 1868 4567 facti
1918 4504 2201 4567 fuerunt
2238 4514 2308 4567 et
2350 4505 2533 4591 male
2571 4504 2962 4585 perierunt,
3003 4503 3133 4567 sed

652 4623 944 4693 propter
974 4611 1208 4680 Deum
1239 4621 1308 4675 et
1335 4620 1623 4692 propter
1656 4629 1863 4675 suam
1892 4613 2213 4691 salutem,
2248 4622 2323 4675 ut
2344 4612 2664 4675 fecerant
2687 4611 2923 4691 aliqui,
2951 4627 3151 4691 quos.

656 4719 788 4798 ipsi
817 4719 1283 4782 nominabant
1313 4728 1380 4781 et
1418 4735 1757 4798 prospere
1797 4719 2171 4798 vivebant;
2203 4728 2273 4782 et
2312 4720 2398 4782 de
2437 4720 2667 4798 gloria
2703 4717 3017 4800 paradisi
3054 4727 3145 4781 et
