3679 5414
1541 474 1666 533 Ax.
1712 474 1854 534 1550
2849 476 2916 534 91

573 619 716 682 210.
807 619 1107 700 Aliquos
1129 639 1217 682 ex
1242 621 1650 683 domesticis
1665 618 2068 698 juvenibuS,
2098 620 2273 683 duos
2296 621 2589 699 scilicet,
2623 620 2924 683 Romam

454 726 531 788 P.
597 726 923 807 Baptista
971 727 1387 805 destinavit,
1440 736 1510 789 et
1561 728 1888 807 quamvis
1925 744 2071 790 non
2108 729 2261 790 sine
2314 727 2719 791 difficultate
2768 730 2922 791 reli·

457 851 665 913 quOS,
727 843 1108 914 utcumque
1158 842 1465 914 poterat,
1521 834 1994 912 sustentabat,
2050 844 2118 897 et
2179 835 2461 897 domum
2514 845 2582 897 et
2639 819 2923 897 hortum

457 940 868 1019 quemdam,
904 949 1025 1003 aut
1070 941 1282 1003 situm
1322 941 1555 1020 potius
1585 940 1704 1003 ubi
1746 940 1996 1003 hortus
2036 940 2290 1004 confici
2326 942 2581 1021 potuit,
2626 941 2698 1003 in
2737 958 2922 1002 com-

459 1048 850 1110 modiorem
880 1056 1092 1127 atque
1121 1048 1630 1127 elegantiorem
1659 1047 1962 1110 formam
2001 1048 2275 1128 redegit
2307 1046 2348 1111 ¹.

572 1154 716 1216 211.
806 1154 1201 1246 Insinuavit
1230 1155 1445 1216 etiam
1477 1162 1644 1217 tunc
1682 1154 2081 1235 Episcopus
2116 1156 2330 1218 aliam
2361 1173 2438 1218 se
2478 1156 2765 1219 domum
2805 1157 2924 1218 ha-

458 1261 622 1323 bere
651 1261 991 1339 Billiomi,
1026 1278 1208 1341 quae
1247 1261 1507 1324 civitas
1545 1269 1651 1323 est
1690 1261 2162 1341 Episcopatus
2201 1260 2766 1341 Claramontani,
2806 1263 2926 1324 ubi

457 1369 718 1447 exigua
750 1367 1102 1448 quaedam
1132 1367 1527 1430 Academia
1557 1378 1711 1430 erat
1742 1368 2092 1447 instituta,
2128 1386 2340 1449 quam
2363 1367 2702 1432 Societati
2732 1369 2923 1431 datu-

458 1492 578 1537 rus
606 1485 825 1552 esset,
860 1475 922 1536 si
961 1473 1357 1552 Collegium
1398 1475 1793 1554 parisiense
1835 1475 2059 1538 bonos
2096 1492 2522 1555 progressus
2561 1475 2797 1538 facere
2827 1476 2927 1538 vi·

458 1582 673 1645 deret.
710 1580 1015 1646 Dicebat
1044 1582 1234 1644 enim
1263 1581 1452 1660 quod
1498 1583 1945 1662 praepositus
1986 1581 2284 1661 Collegii
2324 1584 2547 1645 nostri
2590 1583 2925 1662 parisien-

457 1690 557 1750 sis
593 1689 872 1767 aliquos
916 1688 1315 1750 Billiomum
1354 1688 1657 1767 singulis
1698 1689 1908 1751 annis
1938 1690 2217 1751 mittere
2255 1698 2525 1768 posset,
2569 1691 2690 1769 qui
2739 1708 2815 1752 se
2855 1690 2928 1752 in

455 1794 797 1858 docendis
840 1794 1376 1857 humanioribus
1403 1795 1668 1857 litteris
1707 1813 1790 1857 ac
1831 1795 2341 1875 philosophicis
2383 1797 2454 1858 in
2491 1797 2611 1859 illa
2656 1797 2927 1859 Acade·

456 1903 598 1964 mia
644 1910 1093 1977 exercerent,
1136 1911 1205 1963 et
1245 1902 1381 1963 hoc
1420 1919 1625 1963 suum
1669 1899 2098 1964 desiderium
2134 1901 2210 1963 P.
2244 1902 2521 1981 Ignatio
2551 1903 2930 1965 scribi'vo-

458 2010 607 2071 luit.

577 2115 721 2178 212.
813 2115 992 2178 Cum
1020 2133 1109 2177 ex
1140 2115 1458 2195 Collegio
1487 2114 2131 2192 Longobardorum
2169 2114 2245 2177 P.
2288 2115 2609 2196 Baptista
2649 2115 2927 2178 recede·

461 2233 603 2301 ret,
638 2222 923 2301 reliquit
953 2223 1277 2300 bursam,
1306 2240 1526 2302 quam
1555 2222 1655 2284 ibi
1695 2231 2036 2302 tanquam
2075 2222 2557 2300 longobardus
2595 2221 2921 2296 habebat,

459 2338 534 2391 ut
562 2330 762 2409 prius
793 2330 1187 2408 prioratum
1217 2328 1530 2408 ejusdem
1561 2328 1860 2409 Collegii
1888 2330 2291 2409 reliquerat.
2326 2329 2597 2392 Verum
2637 2346 2797 2392 cum
2829 2330 2926 2391 ibi

459 2436 793 2499 adessent
822 2434 960 2497 duo
993 2446 1364 2498 senatores
1392 2453 1435 2497 a
1467 2437 1665 2499 curia
1694 2436 2126 2499 Parlamenti
2157 2437 2358 2499 missi
2387 2436 2477 2498 ad
2510 2436 2926 2499 electionem

457 2544 858 2623 provisoris
879 2543 1397 2619 celebrandam,
1425 2562 1515 2605 ex
1535 2542 1810 2606 duobus
1833 2545 2043 2622 enim,
2064 2545 2183 2623 qui
2206 2543 2340 2605 hoc
2363 2544 2646 2606 nomine
2669 2561 2928 2606 vocan-

459 2660 574 2714 tur
603 2659 673 2714 et
705 2651 892 2713 illius
921 2650 1217 2730 Collegii
1251 2659 1504 2714 curant
1534 2651 1826 2729 habent,
1875 2652 2050 2714 alter
2093 2651 2397 2729 abierat,
2441 2650 2928 2714 bursariorum

457 2757 824 2837 suffragiis
855 2759 1003 2837 ipse
1032 2758 1108 2820 P.
1141 2759 1459 2837 Baptista
1491 2759 1562 2821 in
1600 2759 2053 2838 provisorem
2083 2760 2378 2837 electuS,
2415 2756 2723 2821 officium
2758 2758 2928 2821 illud

459 2866 772 2927 admisit.
800 2864 1137 2927 Poterant
1159 2866 1351 2928 enim
1367 2865 1779 2944 provisores
1802 2874 2008 2928 extra
2040 2864 2432 2944 Collegium
2462 2865 2807 2944 habitare;
2840 2883 2924 2928 ea

458 2989 635 3034 vero
664 2972 1133 3034 commoditas
1162 2981 1231 3034 et
1261 2973 1400 3034 alia
1439 2970 1665 3051 major
1701 2971 2191 3035 bursariorum
2234 2973 2448 3035 trium
2489 2991 2578 3035 ex
2619 2971 2928 3036 Societa-

459 3090 526 3141 te
550 3089 824 3157 nostra,
852 3079 971 3158 qui
993 3080 1089 3141 ibi
1113 3080 1616 3156 versabantur,
1644 3088 1713 3141 et
1733 3096 2060 3142 recessus
2092 3080 2393 3143 aliorum
2428 3081 2926 3150 saecularium,

462 3188 529 3249 in
561 3203 868 3266 quorum
914 3186 1149 3247 locum
1198 3193 1342 3247 tres
1379 3205 1469 3248 ex
1512 3186 1776 3249 nostris
1814 3187 1996 3248 mitti
2039 3195 2397 3265 poterant,
2442 3186 2792 3249 invitabat
2838 3185 2928 3247 ad

459 3303 686 3355 totum
731 3292 1129 3370 Collegium
1179 3289 1522 3354 Societati
1571 3301 1860 3355 nostrae
1910 3293 2468 3371 procurandum,
2523 3293 2711 3371 quod
2752 3292 2930 3354 satis

460 3399 911 3462 commodam
939 3398 1453 3461 habitationem
1486 3409 1554 3461 et
1583 3400 1852 3462 reditus
1882 3401 2450 3479 octingentorum
2479 3399 2626 3461 fere
2652 3398 2927 3461 franco-

461 3525 620 3570 rum
647 3507 976 3569 habebat.
1014 3506 1089 3569 Id
1119 3515 1355 3569 autem
1385 3507 1657 3586 negotii
1682 3524 1826 3569 non
1866 3508 2095 3569 solum
2124 3525 2267 3570 non
2304 3508 2572 3587 placuit
2601 3507 2675 3569 P.
2725 3507 2928 3586 Igna·

459 3615 582 3692 ti0,
618 3612 747 3676 sed
775 3613 1011 3692 potius
1040 3622 1109 3675 et
1140 3613 1667 3692 provisoratum
1694 3631 1850 3676 esse
1872 3614 2408 3694 relinquendum
2439 3631 2482 3675 a
2505 3613 2580 3676 P.
2609 3614 2932 3694 Baptista

459 3721 674 3783 Viola
697 3730 767 3783 et
790 3732 937 3783 tres
966 3730 1251 3782 nostros
1281 3721 1644 3783 bursarios
1672 3720 1833 3782 inde
1865 3721 2311 3783 revocandos
2347 3738 2477 3800 pro
2512 3721 2697 3784 bono
2727 3723 2931 3801 pacis

458 3841 526 3891 et
551 3829 935 3907 religiosae
964 3827 1221 3907 quietis
1252 3827 1553 3905 censuit,
1591 3826 1777 3905 quod
1808 3836 1877 3889 et
1899 3838 2145 3907 postea
2178 3836 2633 3890 consecutum
2665 3837 2771 3890 est
2799 3827 2843 3891 ¹².

579 3935 724 3998 213.
815 3933 1020 4013 Quod
1050 3934 1300 3996 attinet
1325 3932 1415 3995 ad
1445 3934 1836 3996 ministeria
1866 3932 2273 4013 SocietatiS,
2303 3935 2763 3996 concionator
2786 3936 2931 4012 qui·

542 4142 554 4170 ¹
618 4138 891 4192 Polancus,
913 4150 980 4182 ex
1000 4141 1402 4192 commissione,
1420 4141 1565 4185 Patri
1587 4141 1769 4192 Joanni
1793 4139 2063 4194 Baptistae
2087 4138 2266 4193 Viola,
2298 4138 2359 4181 de
2382 4140 2465 4190 iis,
2486 4139 2571 4192 qui
2592 4139 2807 4182 Parisiis
2829 4138 2928 4182 Ro-

457 4223 597 4255 mam
619 4210 761 4254 missi
783 4217 921 4264 sunu
944 4211 1005 4254 de
1029 4212 1252 4267 quodam
1273 4212 1559 4264 Leonardo,
1578 4213 1714 4256 mitti
1736 4212 1953 4256 Romam
1971 4222 2137 4265 posse.
2160 4211 2202 4253 si
2224 4209 2439 4254 Parisiis
2454 4222 2554 4253 non
2570 4212 2697 4253 bene
2715 4211 2924 4264 habeat,

456 4284 591 4327 sicut
613 4288 665 4327 et
683 4284 820 4327 alios
840 4284 926 4338 qui
949 4284 1269 4338 propositum
1297 4284 1525 4328 habeant
1554 4284 1871 4328 Societatem
1900 4283 2245 4337 ingrediendi,
2279 4283 2306 4326 9
2340 4282 2486 4334 Maii;
2511 4282 2673 4325 eidem
2693 4282 2754 4324 de
2776 4281 2935 4326 Petro

461 4355 693 4398 Antonio
713 4354 778 4397 de
800 4353 1082 4409 Seivaticis
1103 4355 1320 4399 Romam
1339 4355 1613 4409 mittendo;
1637 4356 1696 4398 de
1716 4355 1915 4410 rejecto
1936 4354 2131 4407 Joanne
2168 4353 2391 4407 flandro;
2423 4354 2483 4396 de
2515 4353 2805 4407 Bagoniero
2829 4353 2933 4398 fra-

463 4435 562 4473 tre.
585 4438 649 4469 ne
669 4438 725 4470 se
745 4428 798 4470 in
819 4427 931 4481 ejus
946 4424 1170 4480 negotiis
1188 4427 1492 4474 immisceat,
1515 4437 1685 4469 mense
1709 4425 1934 4470 Octobri.

543 4503 565 4530 ²
622 4498 897 4549 Polaticus,
921 4509 988 4541 ex
1007 4499 1402 4551 commissione,
1423 4498 1568 4541 Patri
1603 4498 1786 4549 Joanni
1821 4498 2094 4552 Baptistae
2116 4497 2289 4550 viola,
2327 4497 2387 4541 de
2423 4497 2661 4541 Rectoris
2694 4496 2862 4540 officio
2883 4497 2935 4540 iu

465 4570 931 4624 Longobardorum
960 4569 1206 4623 collegio,
1226 4570 1255 4612 8
1274 4568 1561 4623 Februarii;
1592 4570 1654 4613 de
1676 4570 2004 4614 scholasticis
2018 4603 2029 4624 ,
2051 4576 2106 4614 ut
2129 4571 2219 4614 alii
2240 4570 2291 4613 in
2313 4568 2544 4623 collegio
2565 4569 2932 4624 Longobardo·

461 4653 591 4688 rum.
608 4642 699 4686 alii
721 4641 774 4684 in
795 4640 950 4684 domo
971 4639 1358 4684 claramontani
1381 4647 1774 4694 commorentur,
1793 4641 1820 4684 9
1841 4640 1977 4695 Maii;
2008 4643 2070 4685 de
2101 4641 2563 4695 Longobardorum
2593 4641 2823 4696 collegio
2838 4675 2849 4696 ,
2874 4648 2930 4684 ut

451 4715 650 4768 judicio
671 4719 776 4756 stet
799 4710 1212 4764 Claramontani‚
1236 4722 1408 4754 mense
1429 4711 1655 4756 Octobri.
