3679 5414
1596 483 1723 542 ΑΝ.
1769 483 1909 541 1552
2871 485 2973 545 781

505 631 658 708 bat,
702 638 810 707 ut,
852 629 974 709 qui
1012 629 1333 693 mittendi
1371 637 1606 693 essent
1647 630 1718 692 in
1757 628 2064 707 Indiam,
2107 628 2431 693 homines
2460 638 2718 708 ,essent
2767 633 2995 700 multa

506 736 815 816 experti,
847 744 917 798 et
945 735 1040 799 ad
1067 752 1372 814 magnos
1398 736 1666 798 laboris
1695 736 1874 816 apti,
1908 744 1977 798 et
2009 735 2129 816 qui
2158 753 2321 800 cum
2363 735 2851 801 aedificatione
2891 756 2983 803 ex

507 842 1040 923 probationibus
1068 842 1290 905 variis
1318 842 1801 918 emersissent,
1838 842 2092 922 quibus
2136 845 2431 907 multum
2469 853 2710 924 posset
2753 843 2986 909 Socie-

507 962 621 1013 tas
650 948 1037 1028 confidere,
1072 949 1133 1013 si
1163 949 1281 1030 qui
1312 950 1733 1030 praesertim
1764 967 1855 1011 ex
1885 950 1986 1012 eis
2029 949 2102 1013 in
2132 949 2512 1032 Japonem,
2549 949 2981 1034 Ormuzium,

507 1055 754 1121 Sinam
796 1066 866 1119 et
904 1056 1224 1119 Molucas
1277 1065 1514 1119 essent
1556 1056 1903 1119 mittendi.
1951 1054 2025 1120 Si
2064 1057 2184 1136 qui
2235 1058 2423 1121 enim
2465 1058 2540 1120 in
2589 1059 2841 1122 litteris
2885 1061 2987 1123 in-

507 1165 762 1227 structi
790 1172 1056 1243 essent,
1093 1163 1217 1227 sed
1248 1164 1320 1226 in
1351 1163 1971 1243 persecutionibus
1999 1180 2254 1243 parum
2284 1165 2656 1230 exercitati
2689 1175 2757 1229 et
2789 1166 2861 1230 in
2888 1168 2985 1230 la·

505 1270 795 1334 boribus
834 1286 1087 1351 parum
1126 1271 1432 1350 probati,
1480 1271 1610 1333 hos
1655 1287 1911 1349 parum
1947 1270 2154 1334 utiles
2208 1271 2345 1335 illis
2382 1271 2455 1335 in
2494 1274 2671 1337 locis
2707 1273 2883 1352 fore,
2916 1284 2987 1338 et

507 1394 686 1459 quos
714 1378 829 1440 ille
857 1394 900 1439 a
928 1375 1282 1440 Societate
1323 1375 1609 1455 dimisit,
1652 1394 1743 1439 ex
1783 1377 1921 1440 hoc
1950 1392 2215 1456 genere
2254 1378 2594 1443 hominun
2640 1379 2858 1444 fuisse
2885 1381 2982 1445 di·

509 1484 627 1548 cit.
669 1484 961 1547 Praeter
997 1483 1491 1563 probationem
1537 1484 1609 1546 in
1650 1484 1995 1562 patientia
2045 1502 2130 1547 ac
2182 1484 2426 1548 solidis
2469 1486 2878 1565 virtutibuS,
2912 1488 2985 1552 in

507 1590 781 1673 Japone
811 1591 1271 1670 praesertim,
1307 1589 1431 1654 sed
1475 1590 1633 1653 aliis
1676 1591 1891 1654 etiam
1938 1591 2009 1655 in
2038 1592 2239 1669 lociS‚
2271 1593 2597 1657 doctrina
2623 1595 2993 1674 praeditos

512 1714 668 1760 esse
713 1706 1040 1778 oportere
1083 1697 1331 1761 scribit
1382 1708 1450 1760 et
1495 1698 1613 1777 qui
1663 1698 1734 1760 in
1783 1697 2293 1778 philosophicis
2338 1716 2422 1762 ac
2472 1700 2544 1764 in
2595 1701 2988 1767 dialecticis

511 1804 687 1867 bene
717 1805 1088 1867 exercitati
1119 1814 1387 1884 essent,
1422 1813 1497 1867 ut
1521 1803 1546 1884 j
1557 1821 1953 1884 aponenses
1975 1804 2066 1868 ad
2106 1806 2746 1872 contradictionem
2773 1809 2983 1874 dedu-

513 1929 674 1974 cere
702 1911 1013 1991 possint,
1049 1920 1116 1974 et
1148 1911 1413 1991 aliquid
1440 1910 1527 1974 de
1550 1910 1808 1992 sphera
1839 1921 1908 1974 et
1938 1911 2149 1975 rebus
2172 1913 2262 1976 ad
2286 1915 2748 1993 astrologiam
2776 1917 2984 1996 perti·

508 2018 836 2082 nentibus
857 2026 926 2080 et
949 2021 1346 2082 naturalem
1369 2019 1585 2082 etiam
1605 2018 2127 2099 philosophiam
2150 2028 2217 2082 et
2239 2019 2326 2083 de
2341 2021 2557 2084 rebus
2571 2026 2993 2088 meteorolo·-

509 2124 690 2204 gicis
748 2125 973 2205 scire,
1028 2133 1103 2187 ut
1146 2125 1440 2189 reddere
1487 2135 1776 2205 possent
1827 2126 2177 2220 rationem
2216 2128 2534 2207 pluviae,
2586 2130 2978 2209 grandiniS,

514 2230 892 2310 fulgurum,
946 2240 1386 2314 cometarum
1436 2240 1505 2295 et
1557 2229 1957 2311 hujusmodi
2008 2249 2244 2296 rerum
2295 2235 2744 2315 naturalium,
2800 2254 2991 2317 quae·

510 2337 721 2400 avide
740 2336 1168 2418 japonenses
1198 2339 1444 2403 audire
1475 2340 1722 2402 solent.
1757 2337 1897 2402 Sed
1925 2339 1998 2402 in
2030 2337 2405 2404 Rectorem
2432 2341 2732 2423 Collegii
2766 2352 2977 2423 goen-

510 2447 610 2510 sis
639 2445 990 2509 neminem
1029 2446 1210 2508 mitti
1246 2446 1537 2526 optabat
1568 2444 1643 2508 Ρ.
1677 2445 1737 2507 F
1738 2446 2106 2509 ranciscus
2145 2447 2281 2510 nisi
2308 2448 2508 2527 prius
2538 2448 2837 2514 Romam
2864 2470 2983 2515 ve·

513 2554 758 2632 nisset,
792 2562 862 2616 et
892 2571 935 2616 a
964 2552 1038 2616 P.
1086 2552 1365 2632 Ignatio
1405 2552 1745 2632 probatus
1788 2552 2035 2616 fuisset
2079 2562 2147 2616 et
2189 2555 2608 2633 instructuS,
2653 2566 2721 2620 et
2760 2558 2992 2638 ipsius

510 2661 933 2726 auctoritate
979 2677 1236 2724 munus
1283 2660 1451 2724 illud
1502 2659 1933 2741 susciperet;
1991 2661 2226 2738 aliter,
2281 2672 2489 2743 prout
2542 2665 2979 2745 experientia

513 2769 744 2847 ipsum
779 2768 1150 2846 docuerat,
1183 2785 1326 2830 non
1364 2767 1819 2831 existimabat
1858 2785 2280 2850 quemquam
2320 2770 2391 2832 in
2420 2770 2796 2836 Rectorem
2825 2791 2982 2837 esse

511 2873 1033 2938 admittendum
1079 2891 1171 2937 ex
1219 2875 1330 2937 his
1367 2875 1490 2954 qui
1539 2874 1997 2938 mittebantur
2045 2894 2135 2939 ex
2185 2877 2574 2942 Lusitania.
2629 2880 2848 2943 Immo
2890 2899 2989 2949 ex

508 2980 709 3044 India
741 2981 1103 3059 recedenS,
1141 2980 1275 3044 hoc
1306 2981 1766 3065 constitutum
1799 2980 2000 3045 Goae
2029 2983 2310 3062 reliquit
2348 2995 2424 3048 ut
2464 2987 2696 3050 nullus
2735 2987 2980 3051 admit-

510 3097 775 3151 teretur
822 3087 897 3150 in
944 3096 1308 3167 posterum
1359 3088 1449 3150 ad
1487 3086 1798 3166 collegii
1848 3089 2469 3169 gubernationem,
2525 3092 2659 3155 nisi
2709 3094 2990 3158 litteras.

509 3194 582 3257 P.
628 3194 882 3274 Ignatii
923 3194 1059 3257 hoc
1111 3193 1342 3273 ipsum
1391 3192 1696 3256 officium
1737 3194 2183 3258 conferentes
2225 3196 2668 3262 ostendisset.
2725 3198 2980 3265 Reddit

509 3302 724 3364 etiam
760 3301 1113 3363 rationem
1155 3316 1282 3363 cur
1321 3299 1398 3362 P.
1441 3298 1837 3379 Gasparem
1877 3300 2076 3364 Goae
2115 3303 2408 3383 reliquis
2449 3306 2872 3385 praefecerit
2908 3321 2987 3374 et,

505 3417 656 3472 tota
685 3408 757 3471 in
785 3406 1005 3485 India,
1041 3407 1251 3488 quod,
1279 3407 1571 3486 scilicet,
1605 3406 1669 3468 ei
1693 3408 1995 3470 multum
2018 3408 2424 3487 confideret,
2460 3421 2529 3475 et
2559 3414 2976 3478 nominatim

507 3516 972 3579 humilitatem
995 3524 1204 3596 atque
1235 3514 1709 3578 obedientiam
1732 3514 1805 3576 in
1834 3533 1921 3579 eo
1951 3517 2197 3595 magni
2228 3534 2304 3580 se
2327 3517 2568 3583 facere
2598 3520 2972 3601 significat.

507 3623 836 3704 Aliquem
875 3633 1113 3686 tamen
1143 3641 1187 3685 a
1215 3623 1291 3686 P.
1324 3621 1600 3701 Ignatio
1630 3621 1835 3700 mitti,
1874 3624 2104 3701 magis
2136 3635 2502 3690 versatum
2534 3628 2605 3690 in
2644 3630 2977 3693 constitu·

507 3731 812 3794 tionibus
839 3747 925 3794 ac
956 3729 1225 3810 regulis
1252 3727 1647 3805 SocietatiS,
1676 3730 2088 3810 exoptabat.

625 3837 767 3900 760.
853 3838 1040 3901 Inter
1089 3854 1197 3913 ea,
1253 3853 1434 3917 quae
1484 3845 1904 3916 exaggerat,
1960 3852 2142 3916 quae
2188 3839 2543 3906 difficilem
2586 3853 2655 3907 et
2702 3852 2977 3909 tantum

504 3945 824 4024 probatis
889 3943 1292 4008 hominibus
1350 3942 1893 4007 convenientem
1959 3942 2228 4008 faciant
2289 3948 2699 4013 missionem
2753 3952 2969 4029 illam,

502 4051 925 4131 praesertim
971 4050 1470 4131 japonensem,
1514 4048 1686 4112 illud
1727 4058 1868 4128 est,
1917 4051 2104 4131 quod
2155 4052 2277 4116 diu
2323 4072 2364 4116 a
2406 4055 2625 4119 Missa
2675 4058 2973 4124 dicenda

506 4157 859 4221 abstinere
898 4174 1112 4238 saepe
1153 4166 1511 4237 oporteat,
1560 4174 1721 4219 cum
1767 4160 2174 4222 necessaria
2219 4160 2309 4222 ad
2360 4162 2493 4225 hoc
2546 4164 2973 4230 sacrificium

502 4266 939 4346 comportari
967 4265 1175 4328 facile
1199 4282 1342 4328 non
1370 4265 1664 4345 possint.
1693 4264 2019 4345 Frigora,
2047 4269 2470 4333 tenuitatem
2499 4273 2733 4336 victus
2760 4276 2963 4338 susti·

505 4390 697 4451 nere,
730 4373 933 4436 lectis
956 4389 1226 4448 carere,
1261 4372 1544 4452 quinon
1568 4380 1731 4434 sunt
1760 4372 1832 4434 in
1864 4390 2009 4435 usu·
2024 4391 2111 4436 ea
2141 4374 2211 4437 in
2244 4378 2558 4458 regione,
2592 4383 2970 4461 contemni,

505 4488 574 4541 et
603 4480 1140 4559 persecutiones
1168 4477 1350 4559 pati,
1393 4486 1462 4540 et
1500 4477 1684 4540 inter
1710 4492 2013 4558 magnas
2044 4482 2458 4547 occasiones
2490 4487 2735 4550 ruendi
2766 4486 2982 4554 firmi-
3066 4566 3073 4575 ,

506 4594 616 4648 ter
665 4595 859 4650 stare
907 4604 1052 4649 non
1103 4584 1481 4649 mediocris
1531 4584 1656 4647 sed
1705 4584 2247 4664 probatissimae
2290 4590 2575 4655 virtutis
2625 4611 2803 4673 opus
2841 4606 2969 4661 est.

507 4692 810 4773 Aliquos
863 4692 1174 4758 flandros
1223 4703 1291 4756 et
1350 4706 1736 4770 germanos
1789 4691 2204 4775 SocietatiS,
2260 4699 2589 4777 quamvis
2638 4702 2784 4782 apti
2832 4721 2976 4768 non
