3679 5414
1633 457 1762 517 AN.
1808 458 1942 518 1551
2909 459 3024 517 405

550 606 703 684 bat;
746 615 814 669 et
854 615 930 668 ut
972 623 1306 668 numerus
1346 604 1593 685 augeri
1631 613 1906 685 posset,
1956 604 2375 684 temporalia
2418 604 2731 667 subsidia
2770 623 2812 667 a
2850 604 3014 668 Pro·

553 730 725 793 rege
758 711 1028 793 majora
1060 714 1379 776 curabat.
1413 712 1612 775 Duos
1636 729 1877 775 secum
1897 711 2202 774 habebat
2225 711 2505 789 fratres,
2534 712 2650 792 qui
2674 722 2742 776 et
2766 711 3022 775 domus

555 838 801 884 curam
831 820 1173 882 haberent
1204 829 1272 883 et
1303 820 1432 884 hos
1461 837 1722 901 pueros
1749 820 2011 898 legere,
2045 827 2114 881 et
2143 819 2475 897 scribere,
2507 828 2575 881 et
2611 821 3016 899 grammati-

553 945 714 990 cam
744 927 959 990 etiam
991 927 1335 1007 quosdam
1365 927 1723 993 docerent.
1761 925 2013 1005 Quoad
2041 926 2232 989 vires
2264 926 2334 989 id
2363 925 2718 1005 ferebant,
2756 927 2828 989 in
2858 945 3020 990 con·

552 1034 876 1097 cionibus
907 1033 998 1096 ad
1026 1034 1370 1097 lusitanos
1399 1032 1742 1097 habendis
1783 1042 1853 1096 et
1891 1033 1965 1095 in
2012 1034 2446 1097 catechismo
2488 1033 2863 1114 neophytis
2903 1053 3019 1098 ex·

552 1140 880 1220 plicando
911 1140 1238 1203 assiduus
1267 1140 1429 1219 fuit3
1462 1139 1588 1203 sed
1616 1150 1776 1221 post
1809 1139 2434 1220 quadragesimam
2462 1139 2668 1221 hujus
2708 1141 2875 1203 anni
2905 1141 3018 1204 de·

555 1247 762 1311 bilior
802 1264 958 1310 esse
1002 1248 1233 1327 coepit
1284 1263 1495 1326 quam
1540 1256 1616 1310 ut
1655 1248 1864 1310 solito
1909 1247 2136 1310 labori
2184 1247 2474 1310 ferendo
2512 1265 2645 1327 par
2686 1256 2901 1327 esset;
2948 1256 3019 1310 et

554 1372 717 1417 cum
767 1371 1102 1433 magnam
1152 1354 1300 1417 vim
1337 1354 1707 1432 sanguinis
1744 1372 1835 1416 ex
1872 1364 2159 1434 pectore
2208 1363 2276 1416 et
2325 1371 2510 1417 vena
2559 1364 2805 1435 aperta
2856 1372 3015 1417 evo·

556 1462 878 1539 muisset,
930 1464 1113 1524 male
1166 1461 1546 1524 admodum
1594 1461 1856 1524 habere
1907 1470 1976 1523 et
2027 1464 2376 1542 permulta
2427 1462 2604 1525 tussi
2660 1463 3020 1524 molestari

557 1569 811 1649 coepit.
845 1568 1133 1632 Poterat
1163 1576 1402 1631 tamen
1432 1568 1693 1631 Missae
1721 1566 2153 1632 sacrificium
2191 1569 2550 1632 celebrare
2581 1577 2650 1631 et
2680 1577 2826 1630 tam
2869 1586 3020 1631 cor·

554 1675 784 1755 porali
839 1692 1051 1754 quam
1107 1674 1459 1755 spirituali
1508 1674 1920 1737 necessitati
1969 1675 2350 1737 multorum
2399 1676 2806 1755 providere3
2853 1693 3019 1737 nam

553 1801 679 1864 per
708 1783 1161 1863 interpretem
1190 1783 1315 1861 eiS,
1350 1800 1531 1861 quae
1563 1781 1651 1845 ad
1682 1781 1844 1845 fidei
1875 1783 2212 1846 articulos
2242 1792 2311 1845 et
2340 1792 2637 1863 peccata
2665 1784 3022 1863 pertinent

551 1899 623 1952 et
654 1890 825 1967 alia,
861 1906 1042 1968 quae
1081 1889 1168 1951 ab
1209 1889 1311 1952 eis
1355 1897 1557 1952 erant
1608 1888 2080 1970 addiscenda,
2130 1889 2567 1969 declarabat,
2614 1898 2683 1952 et
2722 1890 2900 1953 ritus
2938 1907 3028 1953 ac

558 2014 792 2060 mores
818 2014 1085 2077 pravos
1107 1996 1474 2076 gentilium
1497 2014 1620 2059 eos
1645 1996 2058 2075 dedocebat,
2088 2006 2157 2059 et
2180 1996 2436 2060 horum
2465 2015 2846 2078 puerorum
2868 2014 3022 2076 pro·

560 2104 788 2167 fectus
816 2104 1150 2184 egregius
1189 2122 1331 2166 non
1375 2103 1710 2183 exiguam
1751 2103 2314 2167 consolationem
2357 2105 2421 2167 ei
2463 2103 2858 2182 adferebat3
2894 2121 3027 2167 nec

557 2213 772 2274 aliam
822 2212 1172 2274 rationem
1214 2212 1575 2275 meliorem
1616 2211 1707 2274 ad
1744 2210 1955 2274 fidem
1996 2228 2080 2273 ac
2135 2210 2546 2291 religionem
2587 2212 2658 2274 in
2695 2211 3030 2290 gentibus

557 2318 692 2381 illis
722 2318 1185 2399 plantandam
1215 2319 1667 2382 existimabat
1705 2336 1920 2399 quam
1961 2316 2365 2397 huJusmodi
2403 2335 2662 2399 pueros
2700 2327 3032 2399 receptos

559 2426 931 2488 instituere
966 2424 1006 2487 ¹.
2069 2408 2072 2411 ’
2534 2434 2543 2443 ·

680 2532 822 2595 484.
911 2532 1129 2594 Venit
1164 2532 1558 2595 Cochinum
1600 2550 1684 2595 eo
1725 2540 2076 2613 tempore,
2132 2550 2270 2614 quo
2313 2530 2387 2595 P.
2434 2532 2744 2594 Morales
2785 2548 2869 2595 eo
2910 2549 3031 2612 ap-

540 2640 868 2728 pulerat,
914 2648 982 2701 et
1012 2638 1196 2701 illius
1249 2655 1333 2700 ac
1377 2637 1453 2700 P.
1498 2638 1849 2701 Herediae
1889 2638 2351 2702 concionibus
2381 2639 2640 2702 auditis
2679 2647 2746 2702 et
2786 2642 3034 2701 mutua

562 2747 1048 2810 consolatione
1080 2764 1241 2808 cum
1270 2746 1381 2808 his
1410 2745 1744 2809 Patribus
1785 2756 2112 2827 accepta,
2159 2746 2553 2810 Caulanum
2594 2747 2823 2809 rediit.
2866 2747 3031 2810 Exi·

562 2854 895 2916 stimabat
926 2854 1040 2916 ille
1080 2853 1345 2916 referre
1386 2854 1766 2933 plurimum
1806 2862 1883 2916 ut
1913 2854 2168 2934 aliquis
2196 2853 2495 2917 Romam
2529 2855 2689 2916 inde
2719 2855 3029 2930 veniret,

560 2968 629 3023 et
658 2961 718 3023 si
748 2962 1190 3024 imbecillitas
1222 2961 1541 3040 corporis
1571 2961 1641 3023 id
1673 2961 1970 3040 tulisset,
2006 2979 2081 3023 se
2112 2961 2431 3024 laborem
2453 2960 2639 3024 hunc
2661 2980 2803 3024 non
2828 2980 3019 3024 recu·

561 3078 882 3132 saturum
914 3068 1226 3147 dicebat,
1263 3068 1589 3148 quamvis
1619 3068 1691 3130 in
1722 3066 1960 3130 Indias
1988 3069 2346 3132 rediturus
2376 3081 2585 3132 esset.
2619 3069 3034 3131 Adventum

561 3174 799 3239 tamen
836 3174 913 3238 P.
954 3174 1321 3238 Francisci
1360 3174 1632 3236 Xavier
1674 3174 1872 3237 initio
1913 3176 2273 3255 sequentis
2312 3177 2479 3238 anni
2518 3177 2590 3237 in
2629 3175 2903 3238 Indiam
2939 3193 3034 3238 ex

556 3282 827 3364 Japone
857 3298 1193 3360 magnam
1222 3281 1807 3362 tranquillitatem
1830 3283 2043 3345 rebus
2072 3281 2448 3346 Societatis
2479 3283 2857 3345 allaturum
2877 3300 3028 3363 spe-

559 3390 785 3452 rabat.
817 3389 1134 3469 Urgebat
1167 3387 1351 3450 idem
1379 3389 1833 3468 patriarchae
1867 3388 2290 3470 Aethiopiae
2332 3389 2770 3468 missionem,
2804 3397 2873 3451 et
2912 3388 3030 3450 ad—

557 3497 888 3560 monebat
918 3505 993 3559 ut
1020 3496 1307 3575 linguae
1339 3496 1668 3559 arabicae
1699 3505 1768 3558 et
1799 3496 2211 3560 chaldaicae
2235 3496 2435 3560 daret
2456 3513 2745 3576 operam
2776 3495 3037 3576 aliquis

557 3622 649 3666 ex
678 3603 811 3681 his,
844 3603 963 3683 qui
993 3602 1064 3665 in
1094 3603 1364 3666 Indiam
1394 3611 1599 3665 erant
1629 3602 1974 3667 mittendi.

811 3923 1400 4004 MELIAPORA,
1449 3923 1709 4003 QUAE
1752 3924 1925 3988 EsT
1966 3924 2060 3988 IN
2104 3923 2789 3988 CHIROMANDEL

685 4136 823 4201 485.
911 4138 988 4201 In
1020 4138 1312 4201 civitate
1341 4137 1467 4202 SAi
1507 4138 1857 4216 Thomae,
1890 4155 2070 4218 quae
2103 4137 2607 4201 Chiromandel
2650 4140 2868 4217 vulgo
2907 4156 3028 4200 vo-

557 4254 785 4326 catur,
817 4245 1327 4326 perseverabat
1355 4244 1433 4308 P.
1467 4244 1871 4326 Cyprianus
1902 4245 1974 4307 in
2004 4245 2494 4308 concionando
2536 4254 2605 4308 et
2647 4245 3032 4309 confessio-

640 4486 655 4516 ¹
716 4484 986 4538 Polancus‚
1011 4497 1077 4527 ex
1097 4496 1247 4538 com„
1264 4484 1476 4529 Nicolao
1497 4483 1832 4538 Lancillotto,
1850 4485 1999 4538 plura
2023 4484 2130 4527 fuse
2153 4490 2204 4528 et
2226 4485 2468 4529 distincte
2491 4487 2553 4529 de
2575 4487 2728 4529 rebus
2750 4485 3033 4529 societatis

556 4557 608 4599 in
628 4555 857 4609 Europa,
880 4556 940 4598 de
962 4555 1197 4608 Jubilaeo
1218 4563 1268 4600 et
1288 4553 1479 4610 gratiis
1511 4567 1543 4599 a
1578 4555 1783 4599 Summo
1820 4554 2068 4598 Pontifice
2104 4555 2353 4600 Societati
2386 4559 2659 4608 concessis,
2695 4559 2710 4599 l
2737 4556 3027 4601 Februarii.

556 4627 704 4670 Hunc
726 4627 862 4670 diem
882 4627 963 4670 his
983 4627 1177 4670 litteris
1196 4629 1432 4682 assignat
1454 4627 1665 4671 Polancl
1688 4626 1981 4680 Rege-stum
2004 4627 2350 4680 litterarum,·
2383 4636 2437 4672 at
2472 4635 2844 4682 trassumptum
2863 4629 2912 4672 in
2935 4628 3030 4673 Co·

556 4700 668 4742 dice
691 4698 889 4753 Goano,
911 4699 973 4742 de
995 4711 1094 4754 quo
1114 4701 1322 4753 saepius
1342 4700 1392 4743 in
1416 4699 1608 4742 Cartas
1628 4700 1694 4742 de
1716 4698 1826 4742 San
1851 4698 2070 4752 Ignacio
2089 4709 2258 4742 sermo
2279 4699 2351 4753 fit,
2373 4701 2532 4744 habet
2551 4701 2689 4743 29.·m
2707 4699 2954 4752 januarii.
