3679 5414
1663 425 1793 483 ΑΝ.
1848 424 1987 483 1552
2951 426 3063 485 495

582 565 797 634 Viola
841 570 1250 633 Ferrariam
1293 571 1552 634 missus
1583 580 1721 651 est,
1769 571 2031 651 partim
2081 571 2690 661 cohortationibus
2733 572 3056 651 privatiS‚

580 678 842 758 partim
892 678 1454 741 confessionibus
1505 678 1808 757 crebris,
1859 679 2117 741 multos
2159 678 2250 740 ad
2293 678 2629 758 pietatem
2677 680 3055 758 promovit;

582 786 819 871 litibus
850 785 1065 848 etiam
1103 786 1507 865 implicatos
1543 803 1629 848 ac
1668 785 2092 849 dissidentes
2135 785 2555 848 dexteritate
2586 803 2670 865 ac
2712 785 3062 850 charitate

577 892 1019 964 conciliavit,

717 1000 850 1063 195.
939 999 1139 1062 Multi
1194 1017 1284 1062 ex
1339 999 1726 1079 nobilibus,
1788 1000 1908 1079 qui
1957 998 2155 1079 prius
2211 1016 2354 1062 non
2399 999 2495 1062 ita
2549 1016 2724 1079 erga
2773 1010 3063 1063 nostros

580 1116 792 1170 erant
841 1105 1109 1186 affecti,
1153 1105 1565 1170 amicissimi
1608 1105 1838 1169 effecti
1888 1116 2084 1186 sunt,
2133 1115 2199 1169 et
2242 1105 2493 1169 favore
2537 1124 2623 1169 ac
2665 1107 2898 1169 studio
2930 1124 3058 1171 suo

583 1223 867 1277 nostros
907 1214 1241 1294 prosequi
1290 1222 1696 1294 coeperunt.
1754 1212 2036 1278 Civium
2087 1222 2326 1277 autem
2378 1216 2669 1292 vulgus,
2723 1214 2939 1276 immo
2992 1224 3062 1278 et

568 1320 848 1402 judaei,
897 1338 1061 1384 cum
1104 1340 1146 1384 a
1189 1321 1454 1384 nostris
1497 1321 1569 1383 in
1612 1320 1760 1384 suis
1804 1320 2330 1384 calamitatibus
2374 1319 2731 1400 praesidia
2762 1338 3050 1401 quaere-

572 1438 737 1492 rent
760 1438 828 1491 et
858 1428 1289 1508 invenirent,
1324 1429 1501 1491 bene
1529 1428 1794 1491 nostris
1828 1428 2337 1492 afficiebantur.

707 1535 841 1598 196.
930 1534 1239 1616 Populus
1276 1536 1494 1599 etiam
1536 1535 1846 1615 vicinuS,
1895 1535 2007 1597 cui
2049 1534 2374 1614 Argenta
2421 1553 2677 1598 nomen
2715 1544 2852 1614 est,
2897 1552 3058 1598 cum

572 1643 993 1707 scholarum
1060 1651 1468 1705 nostrarum
1538 1661 1625 1706 ac
1690 1643 2145 1706 sacerdotum
2212 1640 2524 1705 fructum
2591 1642 3055 1722 audivissent,

572 1749 1047 1828 Collegiolum
1079 1750 1266 1829 apud
1297 1767 1373 1812 se
1402 1749 1672 1812 institui
1713 1749 2121 1829 cupiebant;
2170 1749 2498 1837 quamvis
2529 1749 2662 1811 hoc
2696 1768 2884 1812 anno
2915 1767 3057 1812 non

577 1856 1039 1920 obtinuerint.

711 1963 843 2027 197.
932 1964 1322 2044 Incipiebat
1351 1963 1663 2027 Domina
1705 1963 1934 2026 Maria
1972 1963 2084 2026 del
2123 1964 2325 2046 JeSO‚
2376 1982 2556 2044 quae
2600 1981 2784 2026 uxor
2826 1963 3059 2026 fuerat

588 2071 907 2152 primarii
937 2071 1243 2134 ministri
1272 2072 1495 2135 Ducis
1525 2072 1940 2150 (Factorem
1964 2071 2381 2150 vocabant),
2410 2080 2811 2134 nostrorum
2838 2088 3054 2150 opera

594 2179 697 2241 uti
726 2189 794 2241 et
826 2179 897 2241 in
929 2179 1078 2241 dies
1109 2182 1339 2258 magis
1383 2179 1474 2242 ad
1523 2178 1917 2259 Collegium
1956 2176 2125 2240 illud
2159 2176 2556 2258 juvandum
2594 2172 3051 2256 afficiebatur,
3097 2206 3102 2211 ·

577 2294 652 2347 et
691 2285 920 2365 primo
965 2285 1051 2348 de
1097 2287 1334 2364 legato
1386 2282 1620 2365 aliquo
1652 2285 2113 2369 relinquendo
2147 2285 2406 2362 agebat
2437 2286 2901 2348 ducentorum
2944 2286 3060 2348 vel

576 2400 1062 2456 ‘trecentorum
1092 2401 1479 2471 scutorum;
1512 2393 1659 2471 sed,
1689 2401 2053 2455 crescente
2077 2391 2337 2454 affectu
2361 2401 2429 2455 et
2453 2392 2711 2471 anim0,
2741 2392 3049 2471 domum,

578 2517 793 2579 quam
826 2500 1053 2562 nostri
1084 2499 1595 2563 conductitiam
1624 2499 2078 2578 habitabant,
2114 2516 2348 2562 emere
2376 2500 2641 2562 nostris
2672 2499 3056 2578 constituit,

576 2617 651 2670 et
701 2624 744 2669 a
789 2607 863 2670 P.
911 2608 1191 2686 Ignatio
1230 2625 1356 2687 per
1404 2607 1683 2670 litteras
1732 2608 2121 2687 postulavit
2173 2616 2248 2669 ut
2291 2606 2362 2668 id
2410 2607 2542 2669 sibi
2591 2607 3055 2686 permitteret.

578 2714 761 2779 Cum
802 2725 1041 2778 autem
1080 2733 1169 2778 ex
1211 2715 1496 2792 marito,
1538 2713 1689 2795 jam
1728 2714 2093 2793 defunct0,
2135 2716 2370 2777 nullos
2409 2715 2668 2777 liberos
2711 2715 3056 2794 suscepis-

580 2832 725 2901 set,
756 2821 834 2884 P.
868 2822 1186 2901 Ignatius
1215 2839 1357 2884 non
1387 2822 1617 2885 solum
1648 2821 2041 2900 consensit,
2075 2822 2201 2884 sed
2225 2821 2415 2901 pium
2446 2820 2596 2902 ejus
2619 2821 3061 2902 propositum

578 2928 734 2992 ‘suis
775 2928 1026 2991 litteris
1073 2928 1521 2991 confirmavit
1564 2937 1635 2991 et
1682 2929 1903 2991 auxit.
1952 2927 2134 2990 Nam
2178 2928 2356 2990 situs
2399 2938 2838 3008 opportunus
2880 2936 3057 3006 erat3

588 3037 926 3116 templum
970 3045 1207 3099 autem
1245 3036 1590 3115 vicinum,
1638 3035 1751 3099 cui
1790 3035 1985 3097 Rosa
2025 3050 2419 3112 cognomen
2458 3042 2643 3112 erat,
2691 3044 2760 3097 et
2801 3034 2874 3096 in
2921 3051 3060 3113 quo

588 3125 814 3206 nostri
865 3143 1322 3206 celebrabant
1372 3162 1457 3205 ac
1509 3141 2149 3220 concionabantur,
2207 3160 2249 3204 a
2311 3140 2513 3204 Duce
2574 3141 2872 3204 obtineri
2940 3159 3060 3221 po-

580 3259 768 3314 terat
802 3249 842 3313 ¹.

707 3357 841 3419 198.
928 3357 1016 3420 Et
1045 3357 1183 3435 sie,
1218 3365 1594 3438 postquam
1625 3356 2090 3419 constitutum
2119 3365 2305 3418 esset
2335 3354 2585 3435 pedem
2608 3354 2856 3435 figere,
2894 3372 3051 3417 coe·

581 3463 682 3544 pit
711 3473 780 3527 et
808 3465 966 3544 ipsa
995 3464 1301 3527 Domina
1329 3463 1559 3527 Maria
1587 3465 1967 3544 pecuniam
1996 3481 2087 3526 ex
2123 3463 2269 3526 suis
2307 3463 2650 3525 reditibus
2681 3464 3041 3542 colligere,

577 3588 722 3650 qua
752 3571 1039 3634 tandem
1062 3572 1348 3633 domum
1378 3571 1567 3635 emit.
1604 3570 1700 3633 At
1723 3571 1943 3649 priuS,
1977 3570 2343 3632 collocatis
2372 3570 2444 3632 in
2475 3568 2782 3648 quodam
2812 3586 3050 3631 mona·

583 3679 799 3741 sterio
840 3677 1259 3757 quibusdam
1288 3677 1712 3757 virginibus,
1761 3695 1939 3756 quas
1970 3676 2161 3740 domi
2200 3676 2529 3753 habebat,
2572 3686 2908 3756 coeperat
2940 3694 3055 3739 ex-

583 3803 844 3864 pensas
876 3785 1312 3862 imminuere,
1357 3793 1431 3847 ut
1459 3802 1602 3847 non
1643 3786 1872 3847 solum
1908 3783 2196 3846 domum
2227 3792 2513 3862 emeret,
2549 3782 2672 3845 sed
2717 3792 2785 3846 et
2823 3782 3057 3847 rediti-

584 3889 712 3954 bus
772 3891 1171 3970 Collegium
1218 3892 1528 3970 dotaret;
1584 3900 1651 3953 et
1701 3890 1982 3952 interim
2040 3890 2187 3952 suis
2245 3890 2716 3970 eleemosynis
2775 3900 3057 3953 nostros

584 3998 889 4078 benigne
914 4017 1000 4061 ac
1025 3999 1405 4061 liberaliter
1424 3997 1742 4078 juvabat,
1773 3997 2026 4077 quibus
2056 3997 2340 4059 ducenti
2371 3997 2571 4059 aurei
2594 4016 2636 4059 a
2659 3995 2860 4060 Duce
2883 3997 3057 4060 Her—

581 4107 741 4169 cule
771 4107 1070 4185 singulis
1102 4106 1305 4168 annis
1337 4105 1651 4185 Collegio
1683 4105 1829 4168 dati
1858 4122 2001 4167 non
2032 4103 2488 4166 sufficiebant.

713 4212 846 4275 199.
935 4211 1343 4291 Injunxerat
1392 4211 1468 4275 P.
1524 4211 1845 4290 Ignatius
1883 4211 1958 4274 P.
2016 4210 2401 4274 Paschasio
2453 4220 2528 4273 ut
2580 4220 3057 4274 correctorem

585 4321 850 4382 nostris
888 4320 1153 4382 scholis
1184 4319 1581 4398 adhiberet;
1629 4328 1696 4382 et
1738 4319 1831 4414 ita
1866 4318 2310 4381 sacerdotem
2356 4318 2733 4397 quemdam
2773 4319 3056 4381 invene-

670 4529 684 4559 ¹
746 4526 1015 4578 Polaticus,
1050 4537 1115 4568 ex
1144 4537 1293 4576 com„
1326 4524 1508 4577 Joanni
1532 4524 1828 4576 Pelletario,
1865 4535 1927 4565 ne
1958 4522 2177 4566 Mariam
2206 4522 2495 4567 Frasonam
2517 4524 2597 4566 del
2619 4524 2738 4576 Jeso
2758 4524 3003 4578 impediat
3024 4537 3056 4569 a

585 4598 715 4643 bono
737 4610 891 4653 opere
914 4599 1108 4641 emendi
1132 4598 1338 4642 domum
1359 4596 1588 4649 Colle-gio
1611 4601 1818 4649 aptam3
1843 4601 1895 4638 et
1927 4606 1988 4638 ne
2025 4595 2121 4638 hoc
2159 4596 2361 4639 aestivo
2395 4604 2622 4650 tempore
2646 4602 2763 4650 post
2784 4597 3059 4651 prandium

586 4671 635 4716 ln
659 4671 839 4714 schola
861 4672 1002 4724 legat
1026 4670 1338 4722 nimiumque
1359 4668 1561 4710 laboret
1577 4701 1587 4718 ,
1614 4667 1664 4709 10
1686 4665 2020 4720 Septembris.
