3679 5414
1674 525 1801 583 AN.
1849 525 1987 585 1552
2234 490 2241 495 “
2854 529 2889 562 *
2948 527 3061 585 579

711 669 852 733 381.
941 669 1258 734 Nuncius
1287 671 1744 750 Apostolicus
1771 689 1915 734 non
1939 672 2165 734 solum
2197 673 2347 752 ipse
2369 669 2837 736 Sacramenta
2867 673 3056 737 domi

594 787 879 840 nostrae
910 778 1252 856 sumebat,
1287 778 1412 841 sed
1440 797 1484 840 a
1514 786 1661 840 tota
1701 796 1830 840 sua
1873 778 2163 856 familia,
2198 797 2378 858 quae
2408 779 2582 842 satis
2610 787 2764 842 erat
2794 783 3050 861 ampla,

595 901 755 946 cum
785 884 1050 947 nostris
1080 883 1620 947 Sanctissimum
1648 885 1924 964 Corpus
1959 885 2218 949 Christi
2249 887 2697 965 assumendO,
2731 886 3055 951 Natalem

593 990 878 1054 Domini
906 992 1129 1054 voluit
1159 992 1522 1055 celebrari.
1556 990 1696 1055 Sed
1726 1002 1793 1055 et
1824 992 1944 1054 alii
1974 993 2275 1072 plurimi,
2312 993 2403 1055 ad
2430 993 2565 1056 hoc
2597 994 2828 1073 ipsum
2859 1013 3054 1058 acce·

593 1098 863 1176 denteS,
919 1116 1060 1160 non
1107 1115 1356 1176 parum
1400 1099 1907 1162 consolationis
1952 1117 2081 1161 sua
2120 1098 2513 1180 frequentia
2554 1119 2639 1164 ac
2680 1101 3056 1166 devotione

593 1205 858 1267 nostris
899 1207 1301 1269 attulerunt.
1354 1204 1451 1268 At
1495 1206 1621 1268 vix
1670 1206 1742 1267 in
1783 1206 1940 1268 aliis
1986 1216 2183 1269 tanta
2222 1206 2619 1271 animorum
2664 1209 3055 1280 immutatio

594 1313 750 1374 visa
781 1321 887 1374 est
917 1322 1179 1392 quanta
1210 1314 1281 1375 in
1310 1312 1417 1391 iis,
1452 1313 1570 1393 qui
1601 1314 1669 1375 in
1701 1313 2026 1376 custodia
2055 1313 2336 1392 publica
2360 1314 2877 1396 detinebantur;
2911 1319 3051 1398 qui,

594 1436 754 1481 cum
792 1419 992 1482 initio
1031 1420 1284 1482 surdas
1325 1437 1533 1483 aures
1575 1419 1788 1483 immo
1832 1420 2127 1483 rebelles
2165 1421 2443 1484 animos
2483 1423 2927 1502 praeberent,
2971 1442 3056 1488 ac

592 1525 768 1588 bene
824 1537 1190 1589 monentes
1234 1526 1553 1590 deridere
1612 1544 1696 1589 ac
1747 1535 2200 1590 contemnere
2248 1526 2683 1609 viderentur,
2744 1530 3052 1610 tandem,

595 1635 811 1699 animi
841 1634 1207 1697 ferocitate
1238 1651 1323 1697 ac
1353 1633 1758 1713 pervicacia
1798 1634 2155 1713 deposita,
2200 1635 2443 1697 audire
2472 1645 2782 1716 nostrOS,
2816 1655 3057 1700 amare

595 1753 663 1805 et
694 1744 930 1806 colere
961 1750 1376 1820 coeperunt,
1411 1751 1480 1804 et
1519 1757 1666 1819 eOS,
1705 1741 1819 1819 qui
1852 1739 1941 1802 ad
1974 1741 2287 1821 ipsorum
2319 1743 2875 1806 consolationem
2907 1745 3056 1806 mit·

595 1850 950 1928 tebantur,
986 1849 1342 1911 humiliter
1370 1858 1439 1911 et
1466 1848 1764 1910 libenter
1793 1847 2238 1928 excipiebant
2268 1858 2335 1911 et
2366 1850 2884 1929 auscultabant;
2917 1854 3055 1916 col-

595 1958 816 2020 lectas
863 1957 1077 2019 etiam
1120 1957 1608 2034 eleemosynas
1646 1954 1735 2017 ad
1776 1955 1932 2018 illos
1972 1955 2018 2018 ii
2050 1947 2496 2035 adferebant,
2533 1974 2713 2037 quae
2743 1958 3057 2021 charitas
3138 2003 3141 2004 ν

599 2080 741 2126 non
790 2064 947 2125 illos
997 2065 1226 2125 solum
1278 2061 1403 2124 sed
1452 2070 1788 2124 externos
1839 2060 2280 2140 aedificabat,
2332 2071 2400 2124 et
2449 2063 2722 2126 nobiles
2770 2063 3058 2144 quidam

597 2171 855 2234 multos
886 2187 1162 2247 aure05,
1197 2177 1434 2232 vestes
1458 2178 1526 2230 et
1557 2169 1694 2230 alia
1720 2167 2143 2248 hujusmodi,
2171 2186 2350 2248 quae
2373 2169 2509 2231 illis
2540 2169 3051 2250 dispensarent,

601 2277 994 2354 mittebant;
1027 2286 1096 2339 et
1124 2293 1267 2338 non
1297 2276 1523 2339 solum
1552 2275 1808 2337 animis
1837 2275 1964 2338 sed
1994 2284 2062 2336 et
2093 2277 2509 2356 corporibus
2539 2293 2807 2357 eorum,
2842 2279 2958 2358 qui
2986 2279 3056 2341 in

597 2402 887 2447 carcere
926 2383 1453 2461 detinebantur,
1496 2384 1893 2445 consultum
1931 2391 2077 2459 est,
2121 2391 2190 2444 et
2228 2384 2438 2462 longe
2480 2384 2619 2446 alia
2650 2384 2870 2447 facies
2909 2384 3059 2465 ejus

591 2491 958 2555 custodiae
1009 2491 1330 2570 publicae
1378 2490 1830 2568 cernebatur,
1885 2507 2096 2570 quam
2145 2491 2361 2569 prius.
2419 2490 2795 2554 Orationes
2845 2493 3057 2555 etiam

591 2599 1209 2663 communissimas
1238 2599 1455 2677 aliqui
1491 2614 1785 2677 prorsus
1824 2597 2282 2676 ignorabant3
2316 2599 2591 2661 rosaria
2631 2599 2765 2661 illis
2796 2608 3052 2680 empta,

595 2707 847 2788 quibus
875 2724 1043 2770 suas
1072 2723 1318 2786 preces
1348 2705 1858 2784 persolverent,
1906 2724 2087 2785 quae
2131 2705 2202 2768 in
2239 2724 2370 2769 usu
2410 2705 2758 2787 frequenti
2795 2707 3056 2770 habere

593 2824 1003 2894 coeperunt,
1037 2814 1433 2893 nostrisque
1465 2812 2013 2876 adventantibus
2043 2830 2126 2875 ea
2172 2814 2638 2877 ostendebant
2675 2823 2751 2876 ut
2780 2815 3058 2894 insigne

600 2921 907 3001 pietatis.

715 3027 858 3090 382.
946 3027 1134 3090 Cura
1162 3028 1237 3091 P.
1273 3027 1548 3090 Nicolai
1585 3027 1834 3106 Lanoy
1865 3027 2128 3089 nostris
2171 3045 2312 3090 non
2356 3026 2630 3106 deerat,
2665 3038 2741 3090 ut
2783 3030 3057 3109 quibus-

597 3135 760 3198 dam
791 3135 963 3197 cibis
992 3145 1113 3198 aut
1150 3135 1307 3197 aliis
1347 3133 1674 3197 remediis
1721 3134 1947 3197 nostri
1985 3143 2235 3196 contra
2274 3144 2546 3214 pestem
2587 3143 3055 3212 armarentur;

596 3252 664 3306 et
695 3243 1067 3321 disciplina
1105 3241 1493 3305 domestica
1531 3259 1673 3304 non
1706 3242 1936 3303 minus
1966 3250 2157 3303 recte
2187 3258 2399 3320 quarn
2428 3242 2714 3304 vivente
2744 3241 2817 3303 P.
2855 3242 3057 3305 Clau-

591 3350 711 3412 dio
740 3350 1194 3429 procedebat,
1222 3349 1372 3411 sive
1402 3365 1638 3411 mores
1667 3349 2041 3427 religiosos
2065 3349 2217 3411 sive
2242 3348 2635 3411 studiorum
2665 3349 3059 3429 profectum

595 3466 902 3536 specteS,
936 3467 1011 3520 ut
1043 3472 1358 3518 summae
1389 3454 1814 3517 concordiae
1836 3505 1850 3533 ,
1885 3455 2255 3518 charitatis
2276 3463 2345 3517 et
2376 3454 2814 3518 obedientiae
2844 3456 3055 3536 impe-

593 3573 820 3627 trator
873 3564 1058 3644 apud
1108 3563 1494 3627 Dominum
1542 3564 1692 3643 ipse
1730 3562 1805 3626 P.
1864 3562 2199 3626 Claudius
2244 3563 2495 3625 merito
2546 3563 2739 3625 credi
2787 3572 3049 3644 posset.

593 3670 938 3735 Certatim
989 3672 1203 3735 etiam
1262 3671 1352 3733 ad
1416 3671 1827 3733 discendam
1884 3671 2201 3747 linguam
2256 3671 2743 3748 germanicam
2794 3669 3059 3733 dabant

597 3795 909 3859 operam,
945 3796 1376 3860 magnopere
1407 3778 1726 3842 ecclesiis
1757 3795 1798 3838 a
1828 3777 2314 3839 sacerdotibus
2353 3776 2651 3840 desertis
2691 3779 2762 3840 in
2802 3778 3057 3841 vicinis

596 3887 802 3965 pagis
841 3886 1219 3949 subvenire
1263 3888 1655 3965 cupientes,
1711 3902 2009 3965 quarum
2049 3892 2245 3946 tanta
2288 3884 2634 3948 desolatio
2672 3884 3054 3959 ferebatur,

593 4002 672 4056 ut
700 4012 843 4057 non
869 3996 1095 4057 solum
1127 3994 1216 4057 ad
1240 3994 1823 4057 lutheranismum
1848 3993 1972 4055 sed
1996 3994 2210 4055 etiam
2240 3993 2332 4056 ad
2361 3994 2858 4075 paganismum
2887 3998 3052 4058 mul·

596 4108 832 4163 torum
864 4100 1081 4163 animi
1117 4101 1448 4181 propensi
1479 4101 1913 4177 viderentur;
1948 4109 2016 4163 et
2056 4100 2238 4162 male
2267 4100 2572 4163 habebat
2617 4102 2831 4164 etiam
2861 4104 3056 4165 viros

590 4207 983 4270 catholicos
1005 4206 1192 4287 quod
1213 4208 1344 4270 sub
1368 4208 1716 4271 catholico
1740 4206 2058 4287 principe
2082 4208 2206 4269 vix
2222 4205 2493 4269 decima
2518 4225 2687 4287 pars
2710 4209 3055 4272 catholice

593 4314 858 4376 sentire
888 4316 1102 4378 etiam
1131 4325 1298 4379 tunc
1328 4316 1842 4378 inveniebatur.

712 4418 854 4482 383.
943 4422 1116 4485 Erat
1139 4430 1375 4485 tamen
1405 4423 1587 4485 inter
1628 4423 1805 4486 alios
1855 4422 2196 4502 magister
2231 4423 2542 4505 Jacobus
2580 4424 3051 4498 AldenarduS,

595 4526 681 4589 de
711 4544 851 4606 quo
883 4531 1209 4609 superius
1240 4538 1478 4593 actum
1507 4541 1638 4609 est,
1672 4532 1791 4611 qui
1820 4530 2162 4609 gravibus
2192 4531 2695 4594 tentationibus
2724 4540 2884 4612 post
2914 4532 3053 4594 obi·

592 4643 742 4697 tum
772 4635 847 4699 P.
884 4635 1163 4700 Claudii
1190 4639 1590 4717 oppugnari
1627 4638 1861 4718 coepit
1900 4648 1968 4701 et
2008 4638 2098 4700 ad
2129 4655 2296 4700 suos
2325 4646 2658 4717 parentes
2689 4641 3052 4703 consolan-

587 4745 719 4806 dos
745 4743 836 4806 ad
865 4742 1271 4808 inferiorem
1299 4744 1759 4808 Germaniam
1788 4745 2020 4808 redire
2044 4745 2329 4808 omnino
2355 4745 2660 4826 volebat,
2688 4746 3054 4811 immemor
