3679 5414
1590 428 1716 486 ΑΝ.
1764 426 1896 487 1551
2043 437 2048 443 ’
2070 480 2071 483 ,
2864 427 2977 486 367

505 588 722 652 usque
754 572 846 635 ad
869 571 1122 635 horam
1151 573 1431 654 prandii
1454 573 1603 654 jam
1632 573 2113 636 imminentem
2136 573 2301 635 huic
2322 573 2698 653 piolabori
2730 572 2974 653 dabat·,

501 690 569 742 et
600 679 981 760 aliquando
1012 680 1137 742 vix
1168 679 1344 743 duas
1375 680 1590 743 horas
1620 680 2036 759 dormierat,
2072 689 2141 743 et
2164 678 2311 759 jam
2341 679 2742 760 adportam
2785 697 2977 744 com-

500 786 738 866 plures
784 794 860 849 ut
902 804 1150 849 eorum
1199 786 1610 851 audirentur
1659 787 2144 851 confessiones
2194 788 2727 866 exspectabant.
2769 787 2976 851 Multi

502 902 737 955 autem
777 902 846 957 et
887 911 964 956 se
1004 902 1071 957 et
1110 895 1301 957 bona
1342 912 1472 957 sua
1510 895 1803 958 arbitrio
1841 903 2248 958 nostrorum
2288 894 2572 956 omnino
2613 894 2970 957 submitte-

498 999 692 1078 bant,
716 999 891 1063 nihil
915 1000 1105 1064 aliud
1130 1019 1344 1082 quam
1367 1002 1558 1082 quod
1588 1001 1981 1082 injunctum
2008 1001 2182 1082 ipsis
2210 1010 2397 1064 esset
2421 1000 2697 1063 facturi.
2728 1000 2977 1081 Aliqui

500 1107 764 1186 clerici,
799 1108 916 1188 qui
946 1108 1017 1170 in
1048 1109 1521 1172 concubinatu
1550 1110 1832 1191 publico
1865 1116 2096 1187 erant,
2133 1125 2293 1172 cum
2321 1124 2584 1187 magna
2614 1109 2970 1188 poeniten-

501 1215 644 1277 tiae
675 1214 1192 1294 significatione
1223 1216 1658 1279 concubinas
1680 1216 2139 1296 reliquerunt.
2167 1215 2703 1279 concurrebant
2734 1224 2972 1277 autem

501 1321 910 1386 sacerdotes
940 1322 1032 1385 ad
1061 1339 1192 1386 sua
1221 1322 1433 1386 dubia
1462 1323 1726 1386 nostris
1754 1321 2246 1403 proponenda,
2283 1330 2351 1385 et
2389 1339 2633 1385 eorum
2677 1321 2976 1385 consilio

502 1427 714 1507 dirigi
743 1429 816 1491 in
846 1429 1173 1492 omnibus
1202 1429 1602 1511 cupiebant.
1635 1428 1892 1493 Mulier
1930 1429 2306 1511 quaedam,
2352 1447 2564 1510 quae,
2610 1446 2771 1491 cum
2811 1447 2973 1491 con·

493 1535 748 1616 jugata
776 1546 986 1616 esset,
1014 1536 1202 1618 apud
1231 1538 1449 1601 alium
1476 1555 1690 1618 quam
1720 1555 1925 1601 suum
1953 1538 2290 1600 maritum
2317 1537 2627 1614 vivebat,
2661 1536 2828 1599 licet
2857 1536 2975 1598 ille

501 1642 718 1704 etiam
757 1642 1179 1723 conjugatus
1231 1653 1449 1719 esset,
1493 1652 1563 1706 et
1601 1662 1846 1708 amore
1897 1654 2150 1725 captus
2188 1652 2528 1723 tanquam
2568 1642 2856 1706 ductam
2899 1643 2973 1705 in

503 1766 803 1813 uxorem
832 1766 908 1812 se
933 1751 1115 1813 velle
1138 1751 1442 1814 retinere
1463 1750 1785 1831 fingeret,
1813 1760 2240 1832 compuncta
2262 1749 2715 1812 nihilominus
2741 1750 2858 1812 illa
2883 1749 2977 1812 ab

499 1874 588 1919 eo
617 1857 934 1935 recessit;
962 1865 1031 1920 et
1061 1876 1221 1921 cum
1251 1859 1392 1921 alia
1417 1858 1788 1939 quaedam,
1811 1858 1887 1921 in
1916 1858 2129 1921 simili
2154 1866 2451 1937 peccato
2473 1873 2794 1933 manens,
2823 1857 2969 1919 nul-

502 1963 587 2025 lis
618 1962 1233 2028 exhortationibus
1261 1966 1350 2028 ab
1380 1966 1613 2028 amico
1655 1965 1975 2045 separari
2014 1972 2289 2044 posset,
2332 1964 2474 2026 alia
2512 1963 2792 2026 ratione
2831 1962 2972 2026 Do·

502 2070 736 2133 minus
767 2070 960 2134 illam
987 2073 1374 2152 separavit;
1408 2090 1572 2135 nam
1602 2073 1715 2135 ille
1745 2072 1928 2153 ipse,
1964 2071 2390 2152 apud'quem
2417 2071 2778 2148 haerebat,
2814 2087 2976 2133 eam

508 2175 834 2241 occidere
863 2179 1111 2241 volens
1140 2178 1574 2255 vulneravit,
1608 2189 1678 2241 et
1709 2179 1809 2242 ita
1852 2178 1941 2241 ad
1982 2195 2058 2241 se
2097 2194 2391 2241 reversa
2430 2185 2499 2239 et
2535 2177 2977 2257 punitionem

508 2283 642 2347 Dei
672 2301 1073 2363 agnoscens
1100 2286 1427 2366 resipuit;
1471 2304 1654 2368 quae
1693 2303 1808 2349 res
1846 2287 2185 2367 populum
2213 2285 2426 2347 etiam
2456 2284 2706 2348 terruit
2746 2286 2825 2348 et'
2856 2285 2974 2347 ob·

507 2391 1025 2470 sequentiorem
1072 2402 1478 2456 nostrorum
1532 2392 2126 2470 admonitionibus
2163 2391 2349 2455 fecit.
2399 2390 2818 2470 Quindecim
2856 2390 2970 2454 de·

509 2515 702 2561 mum
729 2507 851 2562 aut
880 2499 1241 2563 sexdecim
1270 2499 1621 2580 homineS,
1654 2509 1732 2562 ut
1759 2498 2106 2580 *ejusmodi
2144 2506 2440 2579 peccata
2483 2498 2763 2579 publica
2795 2498 2974 2561 vita-

510 2614 774 2684 rentur,
808 2622 899 2668 ex
929 2606 1185 2686 oppido
1217 2606 1489 2670 dimissi
1519 2616 1713 2686 sunt;
1747 2606 1868 2669 alii
1900 2606 1972 2668 in
2014 2622 2278 2668 uxores
2320 2622 2489 2668 suas
2533 2605 2973 2668 concubinas

511 2711 883 2775 duxerunt.
920 2711 1098 2776 Cum
1128 2723 1368 2778 autem
1395 2722 1685 2795 propter
1724 2700 2257 2776 matrimonium
2298 2711 2654 2793 quoddam
2692 2712 2969 2792 gravis-

509 2818 687 2881 sima
717 2819 1057 2882 scandala
1100 2829 1569 2883 consecutura
1607 2820 2039 2899 viderentur,
2088 2818 2284 2900 quia,
2332 2837 2496 2882 cum
2540 2835 2843 2899 sponsus
2883 2818 2978 2882 ad

509 2926 814 3005 puellam
845 2926 1239 2990 ducendam
1270 2928 1382 2990 die
1422 2927 1865 3008 praescripto
1910 2944 2073 2990 cum
2110 2943 2375 3006 magna
2414 2926 2974 3004 consanguineo·

510 3048 666 3094 rum
707 3040 776 3095 et
825 3032 1215 3096 amicorum
1265 3035 1474 3097 turba
1523 3034 1818 3113 veniret,
1873 3041 1944 3096 et
1980 3041 2185 3113 pater
2230 3032 2535 3111 virginis
2574 3033 2861 3095 obviam
2907 3033 2977 3095 ei

509 3137 741 3202 sactus
770 3138 1204 3218 significaret
1230 3157 1345 3204 res
1376 3149 1667 3221 paratas
1696 3158 1841 3203 non
1881 3157 2040 3205 esse
2075 3139 2167 3203 ad
2196 3139 2513 3219 nuptias,
2548 3143 2854 3219 sponsus
2883 3139 2977 3202 ad

513 3242 840 3325 injuriam
872 3246 943 3309 id
994 3264 1197 3310 suam
1226 3247 1495 3310 factum
1523 3264 1678 3310 esse
1719 3247 2227 3326 interpretatus
2266 3255 2403 3325 est;
2437 3253 2506 3308 et
2554 3245 2981 3308 convocatis

511 3353 1058 3433 consanguineis
1088 3363 1157 3417 et
1185 3355 1470 3435 amiciS,
1512 3343 1978 3418 constitutum
2006 3362 2113 3415 est
2141 3353 2325 3416 inter
2353 3369 2478 3415 eos
2507 3361 2583 3414 ut
2614 3351 2832 3414 armis
2875 3352 2975 3414 in·

504 3456 764 3538 juriam
807 3461 1338 3525 ulciscerentur.
1394 3459 1575 3524 Cum
1625 3469 1864 3524 autem
1914 3459 2427 3538 consanguinei
2476 3459 2777 3537 virginis
2827 3456 2981 3537 ejns

512 3567 728 3646 patri,
784 3568 904 3647 qui
940 3568 1324 3648 primarius
1363 3569 1579 3654 etiam
1617 3576 1802 3646 erat,
1847 3567 2250 3647 frequentes
2287 3565 2655 3644 adessent,
2712 3582 2979 3644 magna

513 3674 951 3737 concertatio
1001 3684 1069 3737 et
1117 3674 1516 3755 periculosa
1566 3673 2035 3755 impendebat.
2080 3672 2234 3735 Hoc
2274 3690 2435 3735 cum
2483 3670 2559 3734 P.
2609 3671 2982 3735 Cornelius

515 3779 1002 3859 intellexisset,
1036 3797 1299 3860 magno
1331 3799 1503 3844 sane
1534 3781 1775 3843 labore
1806 3797 1968 3842 cum
1997 3779 2088 3842 ad
2117 3797 2193 3841 se
2222 3776 2421 3857 rejici
2450 3778 2586 3841 hoc
2614 3779 2980 3857 negotium

517 3886 994 3968 impetrasset,
1049 3888 1316 3967 omnia,
1359 3887 1513 3950 Deo
1547 3886 1878 3967 J'uvante,
1935 3895 2316 3965 antequam
2345 3885 2435 3947 ab
2474 3902 2557 3947 eo
2586 3885 2976 3966 recederet,

516 3994 945 4074 composuit3
976 4003 1054 4058 ut
1083 4002 1231 4058 tam
1261 4012 1562 4076 sponsus
1595 4011 1809 4075 quam
1837 4008 2103 4072 sponsa
2125 3999 2192 4054 et
2217 3991 2534 4072 ipsorum
2557 3992 2981 4071 consangui-

513 4100 629 4163 nei
688 4117 852 4164 cum
912 4118 1175 4181 magna
1229 4101 1715 4165 consolatione
1771 4099 1966 4162 velut
2019 4107 2389 4180 parentem
2446 4100 2765 4161 omnium
2818 4115 2984 4163 eum

514 4207 1030 4285 existimarent3
1067 4217 1137 4272 et
1165 4216 1450 4289 praeter
1478 4208 1640 4290 odia
1672 4215 1741 4270 et
1770 4205 2165 4270 discordias
2195 4205 2531 4284 evitatas,
2564 4204 2702 4267 hoc
2742 4191 2982 4268 matri·

514 4315 751 4377 monio
800 4314 948 4378 fere
996 4316 1294 4379 tercenti
1341 4315 1663 4378 homines
1711 4314 1892 4377 inter
1941 4331 2019 4377 se
2070 4312 2493 4376 dissidentes
2542 4321 2788 4374 mutuo
2846 4308 2986 4376 sibi

516 4421 822 4486 invicem
848 4423 1288 4486 reconciliati
1315 4430 1508 4502 sunt,
1544 4438 1845 4502 quorum
1876 4420 2092 4501 aliqui
2132 4418 2439 4482 offensas
2481 4418 2976 4498 gravissimaS,

516 4529 635 4591 ubi
667 4537 737 4591 et
765 4546 978 4592 casus
1007 4531 1256 4594 mortis
1284 4529 1685 4593 inciderant
1705 4578 1720 4607 ,
1755 4526 2270 4592 condonarunt.

596 4636 736 4700 413.
823 4636 1011 4700 Inter
1040 4637 1171 4700 hos
1201 4637 1339 4700 duo
1379 4635 1639 4700 fratres
1677 4644 1916 4715 erant;
1948 4634 2096 4715 qui,
2147 4631 2334 4713 quod
2377 4641 2614 4695 essent
2659 4631 2984 4713 primarii
