3679 5414
737 461 846 519 514
1672 463 1928 524 Canon.
1970 462 2124 524 Soc,
2174 465 2315 538 Jsss.

858 605 999 670 244.
1085 608 1358 672 Verum
1386 627 1526 689 quo
1553 609 1827 689 gratior
1850 609 1964 672 ille
1991 609 2123 673 fuit
2152 619 2221 673 et
2247 610 2695 689 fructuosior,
2729 628 2814 673 eo
2844 614 3225 677 molestius

740 712 890 793 ejus
929 714 1321 780 discessum
1357 717 1724 781 Perusiam
1768 726 1838 780 et
1876 717 2178 781 Romam
2216 734 2470 780 versus
2517 718 2908 781 Florentini
2951 721 3207 784 sensis-

739 830 916 901 sent,
951 824 1014 886 si
1042 822 1117 886 P.
1151 825 1462 906 Jacobus
1489 825 1778 905 Laynez
1806 824 2306 904 provincialis,
2338 824 2823 906 optatissimus
2851 826 2940 888 ab
2986 828 3217 890 omni-f

734 929 888 1008 buS,
921 929 1356 995 Florentiam
1382 950 1528 996 non
1555 933 1890 1013 venisset,
1927 930 2125 1012 cujus
2165 931 2516 995 adventus
2554 931 2872 996 Ducibus
2911 942 2981 996 et
3017 935 3209 1013 urbi,

734 1053 880 1100 non
910 1039 1142 1100 solum
1169 1040 1454 1119 nostriS,
1489 1040 1998 1103 consolationis
2027 1040 2324 1103 multum
2355 1040 2607 1102 attulit.
2651 1038 2717 1102 Is
2745 1040 3123 1104 lectionem
3159 1060 3203 1105 a

732 1142 808 1206 P.
843 1143 1216 1223 Alphonso
1248 1144 1660 1210 Salmerone
1692 1156 2021 1226 coeptam
2049 1147 2153 1210 sic
2176 1155 2597 1227 prosecutus
2620 1154 2747 1225 est,
2775 1155 2852 1208 ut
2875 1148 3201 1225 spiritum

735 1268 822 1314 ac
851 1251 1275 1331 sapientiam
1305 1263 1374 1316 et
1405 1252 1792 1316 efficaciam
1822 1254 2075 1316 merito
2107 1252 2539 1316 admirantes
2578 1253 2893 1316 dicerent
2932 1254 3201 1318 audito-

733 1376 848 1421 res
900 1377 942 1421 a
988 1355 1465 1439 quadraginta
1500 1361 1707 1423 annis
1747 1361 2323 1424 concionatorem
2358 1361 2627 1423 nullum
2663 1360 3064 1424 Florentiae
3098 1363 3199 1425 vi-

735 1480 892 1528 sum
944 1482 1101 1528 esse
1152 1483 1362 1545 quem
1411 1484 1576 1530 cum
1611 1467 1722 1530 his
1760 1466 2092 1531 Patribus
2130 1465 2507 1530 Societatis
2536 1477 3054 1547 compararent.
3110 1470 3199 1533 Et

730 1571 1007 1635 fructus
1037 1591 1182 1635 non
1227 1573 1587 1636 dissimilis
1626 1574 1789 1637 huic
1828 1573 2192 1637 hominum
2234 1572 2704 1637 satisfactioni
2742 1576 3198 1654 exspectaba-

731 1685 868 1741 tur.
919 1677 1263 1759 Magnum
1312 1681 1526 1743 etiam
1575 1682 1812 1743 lumen
1864 1681 2076 1744 rebus
2125 1679 2421 1759 Collegii
2468 1680 2790 1743 debiliter
2847 1681 3217 1746 inchoatis.

729 1787 1032 1849 attulere
1067 1784 1108 1850 ¹.

848 1893 990 1957 245.
1081 1894 1385 1958 Nostrae
1424 1894 1712 1957 scholae
1741 1904 1903 1974 post
1932 1895 2315 1957 adventum
2346 1893 2421 1957 P.
2457 1895 2743 1975 Laynez
2770 1913 2915 1958 non
2943 1913 3192 1976 parum

726 2002 1203 2083 profecerunt.
1238 2001 1419 2065 Cum
1448 2001 1636 2064 enim
1664 2002 1736 2064 in
1775 2019 2049 2065 summo
2080 2003 2340 2082 templo
2379 2003 2510 2064 sub
2540 2002 2848 2066 medium
2890 2002 3192 2067 Novem·

728 2110 879 2172 bris
930 2110 1456 2190 promulgasset
1496 2109 1678 2171 inter
1719 2108 2286 2172 concionandum
2338 2109 2529 2188 quod
2579 2110 2902 2190 sequenti
2953 2110 3065 2174 die
3121 2112 3193 2174 in

728 2216 1046 2296 Collegio
1073 2225 1316 2279 nostro
1340 2233 1470 2295 pro
1493 2216 1888 2278 studiorum
1910 2216 2377 2279 renovatione
2398 2224 2543 2279 tres
2566 2215 2934 2280 habendae
2959 2228 3192 2281 essent

728 2323 1112 2403 oratione5‚
1147 2322 1308 2386 inde
1339 2323 1716 2385 occasione
1739 2331 2047 2403 arrepta,
2081 2322 2319 2385 multis
2349 2332 2419 2385 et
2448 2324 2791 2403 appositis
2819 2324 3057 2386 verbis
3083 2342 3191 2388 ra·

729 2431 1020 2510 tionem,
1077 2447 1216 2510 qua
1269 2447 1401 2492 nos
1450 2430 1712 2492 utimur
1764 2431 1836 2492 in
1885 2430 2317 2493 instituenda
2358 2429 2727 2509 juventute
2774 2430 3208 2509 declaravit,

730 2537 1113 2616 quantique
1155 2535 1419 2600 referat
1461 2546 1538 2600 ut
1574 2534 1906 2616 juvenilis
1946 2546 2145 2599 aetas
2184 2535 2275 2598 ad
2316 2554 2827 2618 quemcumque
2877 2537 3190 2601 habitum

729 2660 1002 2723 sequax
1050 2642 1230 2706 bene
1280 2642 1640 2706 formetur.
1694 2642 1830 2705 Die
1871 2653 2107 2727 autem
2153 2643 2558 2723 constitute,
2601 2653 2746 2707 tres
2789 2662 2879 2707 ex
2927 2647 3190 2710 nostris

726 2752 1313 2831 praeceptoribus
1361 2768 1530 2814 suas
1579 2750 1939 2814 orationes
1988 2751 2410 2831 habuerunt,
2464 2752 2694 2831 prima
2741 2752 2827 2815 de
2875 2753 3203 2832 virtutiS,

726 2856 1041 2920 secunda
1084 2857 1172 2920 de
1208 2875 1548 2920 romanae
1578 2858 1864 2937 linguae
1894 2856 2218 2920 laudibus
2248 2858 2536 2937 agebat,
2570 2858 2779 2922 tertia
2808 2867 3181 2940 utrumque

725 2962 1302 3044 conjungendum
1347 2964 1669 3029 docebat.
1721 2962 1838 3027 Sic
1888 2971 2123 3026 autem
2178 2964 2613 3027 auditoribus
2655 2967 3075 3045 placuerunt
3115 2977 3191 3031 ut

720 3071 979 3151 dignas
1029 3089 1154 3135 eas
1196 3071 1765 3152 frequentissimo
1803 3071 2343 3134 florentinorum
2388 3080 2745 3135 conventu
2785 3084 3178 3138 censerent.

719 3177 969 3258 Coepit
1002 3196 1086 3240 eo
1117 3186 1433 3257 tempore
1464 3176 1540 3240 Ρ.
1575 3176 1986 3240 Ludovicus
2014 3177 2352 3241 Isocratis
2378 3179 2827 3259 paraenesim
2855 3178 3189 3261 interpre-

719 3286 859 3348 tari
901 3294 970 3348 et
1021 3285 1269 3348 diebus
1320 3285 1692 3347 dominicis
1746 3300 2091 3364 graecum
2138 3285 2608 3364 Evangelium
2656 3284 2902 3349 Sancti
2949 3285 3188 3350 Lucae

720 3392 1145 3473 exponebat.
1179 3391 1259 3454 In
1287 3391 1576 3472 reliquis
1607 3391 1782 3454 ordo
1809 3389 1956 3471 jam
1987 3391 2152 3454 alibi
2175 3392 2406 3454 dictus
2428 3392 2820 3456 tenebatur.
2857 3393 3186 3473 Augeba-

717 3509 833 3562 tur
854 3516 1071 3579 porro
1097 3498 1691 3562 scholasticorum
1707 3515 2043 3561 numerus
2066 3506 2135 3560 et
2156 3498 2425 3561 nobiles
2447 3517 2589 3562 non
2613 3500 2822 3578 pauci
2846 3501 3185 3564 accedere

718 3607 903 3669 inter
926 3606 1105 3669 alios
1128 3615 1546 3686 coeperunt3
1574 3615 1640 3668 et
1664 3606 1737 3667 in
1758 3605 2015 3668 litteris
2039 3622 2124 3669 ac
2146 3606 2406 3685 pietate
2429 3613 2505 3667 ut
2526 3623 2952 3686 progressus
2973 3625 3205 3687 pares.

714 3713 1033 3776 facerent
1065 3712 1471 3775 curabatur.
1515 3711 1844 3775 Addebat
1873 3710 1949 3774 Ρ.
1982 3711 2273 3791 Laynez
2310 3721 2567 3775 octavo
2608 3730 2883 3793 quoque
2923 3714 3034 3778 die
3068 3732 3184 3779 ex-

716 3819 1190 3883 hortationem
1214 3820 1307 3882 ad
1329 3818 1796 3882 scholasticos
1818 3828 1888 3881 et
1909 3819 2391 3881 saluberrimis
2407 3821 2808 3900 praeceptis
2830 3821 2922 3883 ad
2936 3838 3185 3885 veram

717 3927 1142 4006 sapientiam
1164 3944 1288 3990 eos
1317 3926 1730 4003 instruebat.
1763 3925 2005 4006 Aliqui
2032 3942 2124 3988 ex
2152 3925 2262 3989 his
2292 3926 2383 3989 ad
2411 3924 2839 3991 Societatem
2869 3928 3182 3992 animum

717 4033 1164 4115 adjiciebant,
1197 4050 1381 4097 unus
1407 4043 1644 4096 autem
1674 4051 1922 4097 eorum
1960 4032 2261 4097 Romam
2291 4050 2365 4095 se
2398 4033 2692 4097 contulit
2730 4043 2807 4097 ut
2836 4036 2908 4098 in
2946 4034 3180 4099 Socie-

715 4149 937 4205 tatem
974 4124 1488 4219 admitteretur,
1522 4139 1641 4220 qui
1685 4141 1870 4203 inter
1906 4139 2405 4219 scholastiCOS,
2452 4141 2571 4220 qui
2615 4142 2879 4204 nostris
2919 4140 3183 4205 dabant

718 4265 1036 4329 operam,
1101 4248 1464 4328 ingenium
1521 4246 1611 4309 ad
1668 4246 1944 4309 litteras
2002 4256 2070 4310 et
2125 4246 2458 4327 pietatem
2512 4247 2724 4324 valde
2778 4249 3180 4329 appositum

716 4355 1142 4419 ostenderat.
1179 4355 1359 4419 Cum
1382 4363 1621 4418 autem
1652 4354 2270 4417 commendatitias
2290 4354 2563 4417 litteras
2593 4355 2657 4417 ei
2689 4355 2859 4419 dare
2888 4355 2965 4419 Ρ.
2999 4357 3177 4437 Lay-

794 4563 812 4595 ¹
871 4562 1152 4614 Poiancus‚
1176 4571 1243 4604 ex
1262 4572 1414 4614 com„
1433 4559 1580 4604 Patri
1600 4558 1810 4616 Laynez
1825 4591 1836 4613 ,
1858 4559 1921 4602 de
1943 4560 2093 4603 modo
2107 4592 2118 4614 ,
2140 4570 2291 4614 quem
2310 4559 2362 4603 in
2380 4559 2654 4603 visitandis
2675 4572 2743 4603 ex
2759 4559 2927 4605 officio
2948 4561 3195 4605 domibus
3240 4608 3247 4615 ,

711 4638 878 4687 tenet,
912 4640 964 4677 et
1000 4634 1062 4677 de
1097 4632 1432 4676 admittendis
1464 4638 1514 4675 et
1549 4631 1874 4687 rejiciendis,
1908 4637 1959 4674 et
1993 4642 2055 4674 ne
2100 4630 2401 4675 Ferrariam
2435 4629 2700 4675 Florentia
2735 4639 2847 4687 eat,
2882 4633 2973 4677 sed
3005 4632 3194 4687 potina

715 4706 949 4749 Genuam
971 4711 1061 4749 ant
1088 4703 1378 4758 Perusiam,
1398 4704 1419 4746 1
1443 4701 1699 4747 Octobris.
