3679 5414
1708 499 1833 555 ΑΝ.
1883 498 2014 557 1551
2650 519 2662 531 ·
2981 502 3090 561 237

617 639 811 714 bant,
845 640 916 702 in
944 641 1263 720 Collegio
1284 644 1777 722 panormitano
1803 644 2164 707 constituti
2196 642 2397 707 erant
2416 693 2430 721 ,
2464 662 2643 724 quos
2666 643 2741 708 P.
2774 645 3085 728 Jacobus

613 745 907 825 Laynez
956 747 1052 810 ibi
1102 749 1486 828 reliquerat
1536 758 1634 828 ut,
1690 749 2056 813 arabicam
2108 751 2426 830 linguam
2474 752 2871 831 retinendO,
2928 755 3085 818 usui

614 852 841 915 nostri
870 870 1027 916 esse
1056 864 1346 935 possent
1377 855 1468 919 ad
1508 857 1975 937 interpretum
2018 858 2508 937 ministerium,
2564 859 2625 921 si
2677 858 2958 939 quando
3010 861 3080 923 in

618 958 941 1023 Africam
968 961 1443 1042 mitterentur;
1476 963 1601 1027 sed
1630 982 1752 1026 eos
1783 982 1943 1027 cum
1975 966 2113 1027 alio
2145 965 2620 1045 adolescente,
2657 966 2779 1044 qui
2807 967 3086 1031 servitii

620 1083 839 1129 causa
867 1067 943 1130 in
978 1067 1294 1147 Collegio
1332 1072 1723 1147 tenebatur,
1772 1089 1814 1133 a
1853 1070 1928 1134 P.
1973 1071 2210 1135 Natali
2248 1080 2453 1134 extra
2497 1072 3079 1152 Collegium'con-

614 1174 842 1237 stituti
871 1183 1059 1239 sunt.

740 1281 873 1345 161.
962 1282 1138 1346 Cum
1155 1284 1289 1346 hoc
1302 1293 1638 1365 tempore,
1667 1286 1935 1348 scilicet
1956 1287 2141 1368 Julio
2158 1303 2420 1363 mense,
2446 1287 2827 1350 accedente
2852 1289 3081 1353 classe

572 1453 577 1460 ,
613 1388 1031 1467 Turcarum,
1064 1389 1282 1454 filium
1310 1409 1515 1455 suum
1543 1392 1601 1455 F
1605 1394 2074 1457 erdinandum
2101 1394 2188 1456 de
2219 1393 2427 1472 Vega
2465 1391 2762 1456 Pro-rex
2792 1395 2864 1457 in
2895 1395 3077 1459 Afri-

613 1512 775 1558 cam
804 1513 965 1559 cum
994 1497 1294 1561 militum
1324 1499 1679 1578 praesidio
1708 1509 1776 1562 et
1808 1500 1966 1563 aliis
1996 1500 2098 1562 'ad
2137 1499 2617 1563 defensionem
2656 1503 3079 1565 necessariis

611 1601 945 1683 mitteret,
978 1621 1142 1667 nam
1182 1622 1267 1667 eo
1307 1607 1559 1670 classis
1587 1606 1925 1687 impetum
1964 1607 2170 1670 suum
2208 1624 2647 1670 conversura
2676 1608 3074 1687 videbatur,

612 1708 686 1771 P.
730 1708 1006 1773 Natalis
1044 1712 1297 1791 spiritu
1336 1712 1505 1791 Dei,
1549 1722 1623 1776 ut
1663 1714 1995 1792 creditur,
2030 1724 2451 1787 commotuS,
2494 1714 2656 1793 quia
2685 1715 2901 1778 etiam
2929 1717 3079 1779 su-is

615 1818 867 1881 litteris
895 1817 971 1880 P.
1005 1818 1324 1897 Ignatius
1354 1821 1980 1884 commendaverat
2003 1829 2081 1883 ut
2109 1819 2434 1898 Pro-regi
2464 1820 2536 1883 in
2559 1821 2812 1900 quibus
2838 1832 3076 1902 posset

532 1984 539 1992 .
610 1924 1155 2004 gratificaretur,
1209 1944 1500 2007 operam
1551 1944 1754 1990 suam
1815 1926 2140 2006 Pro-regi
2190 1926 2472 2005 obtulit,
2527 1927 2588 1989 si
2637 1928 3078 1992 existimaret

610 2030 946 2111 expedire
976 2041 1053 2095 ut
1081 2051 1244 2096 cum
1273 2034 1493 2113 ipsius
1520 2034 1663 2096 filio
1693 2045 1759 2097 et
1789 2033 2197 2097 triremibus
2230 2034 2298 2096 in
2323 2032 2645 2096 Africam
2673 2035 3071 2115 navigaret,

610 2146 686 2200 ut
715 2137 1107 2202 ministeria
1135 2138 1513 2203 Societatis
1544 2149 1916 2217 consueta,
1966 2152 2116 2203 tam
2162 2141 2236 2203 in
2284 2140 2634 2220 spirituali
2679 2141 3074 2205 animarum

609 2246 877 2307 auxilio
906 2263 1121 2325 quam
1150 2247 1223 2309 in
1266 2248 1792 2326 aegrotantium
1832 2246 2320 2310 sublevatione
2360 2256 2749 2310 exerceret.
2800 2247 3075 2312 Placuit

609 2352 744 2414 hoc
766 2370 1199 2434 magnopere
1224 2353 1544 2434 Pro-regi
1569 2363 1637 2417 et
1659 2365 1733 2417 ut
1763 2372 1839 2416 se
1865 2355 2294 2434 accingeret,
2328 2363 2534 2417 nocte
2564 2355 2882 2434 sequenti
2911 2373 3076 2420 cum

608 2458 1034 2538 triremibuS,
1089 2460 1160 2523 id
1205 2469 1310 2523 est
1349 2462 1699 2541 vigesima
1741 2462 2042 2541 septima
2072 2461 2184 2523 die
2224 2460 2438 2542 Junii,
2471 2461 2916 2542 profecturus
2957 2464 3073 2526 ad·

606 2568 899 2629 monuit.

735 2672 865 2737 162.
953 2674 1351 2756 Adjunctus
1380 2685 1487 2740 est
1524 2676 1599 2739 P.
1645 2675 1882 2739 Natali
1921 2677 2158 2740 socius
2195 2676 2538 2755 Magister
2577 2675 2911 2753 IsidoruS,
2958 2677 3074 2758 qui

610 2780 1131 2863 philosophiam
1169 2784 1241 2846 in
1277 2783 1592 2863 Collegio
1632 2784 2073 2847 Messanensi
2117 2784 2447 2858 docebat,
2489 2793 2559 2846 et
2607 2785 2682 2847 in
2712 2785 3072 2864 praedica·

610 2888 824 2963 tione,
858 2898 926 2951 et
956 2889 1322 2970 colloquiis
1360 2891 1852 2969 familiaribus,
1895 2900 1964 2954 et
2006 2891 2162 2954 aliis
2191 2892 2262 2954 in
2306 2891 2519 2953 rebus
2557 2891 2748 2954 utilis
2795 2891 3089 2956 futurus

610 2994 1005 3075 videbatur3
1033 3014 1194 3060 cum
1222 2998 1556 3061 militibus
1586 2998 1772 3061 enim
1801 2997 1952 3077 ejus
1979 2998 2320 3060 talentum
2350 2997 2739 3077 perutiliter
2767 2999 3074 3079 expendi

611 3101 894 3165 solitum
934 3104 1159 3166 nostri
1202 3105 1476 3184 experti
1518 3114 1749 3183 erant;
1804 3104 2081 3185 optavit
2124 3113 2361 3167 autem
2403 3120 2837 3183 magnopere
2886 3104 3073 3168 idem

558 3224 563 3229 ·
610 3208 917 3272 Isidorus
940 3209 1123 3273 hanc
1152 3211 1660 3291 profectionem
1687 3220 1757 3274 et
1787 3228 2050 3290 magna
2081 3229 2242 3274 cum
2272 3208 2739 3273 sollicitudine
2769 3226 2927 3272 eam
2957 3211 3070 3273 ob-

607 3315 937 3394 tinuerat;
971 3318 1217 3397 paucis
1247 3328 1411 3381 ante
1441 3319 1685 3382 diebus
1716 3319 1830 3382 ille
1855 3316 2140 3397 jubilaei
2168 3317 2500 3398 gratiam,
2533 3317 2926 3396 praemissa
2955 3333 3072 3396 ge-

608 3423 832 3486 nerali
873 3423 1348 3503 confessione,
1393 3426 1829 3503 lucraverat,
1879 3434 1950 3488 et
1989 3443 2080 3487 ex
2117 3441 2202 3487 eo
2240 3432 2558 3503 tempore
2609 3439 2770 3485 cum
2811 3439 3073 3502 magna

610 3529 827 3593 animi
857 3531 1090 3610 quiete
1119 3540 1188 3594 et
1218 3533 1702 3596 consolatione
1733 3549 1861 3594 suo
1887 3530 2115 3594 officio
2138 3530 2586 3609 fungebatur.
2614 3528 2814 3593 Dixit
2837 3538 3075 3592 autem

607 3637 969 3715 recedens,
1002 3655 1172 3700 vere
1203 3639 1483 3718 quidem
1513 3639 1638 3701 sed
1667 3656 1810 3701 non
1842 3639 2242 3717 intelligens
2272 3636 2554 3699 divinae
2584 3636 3072 3716 providentiae

605 3742 1169 3824 dispositionem,
1215 3764 1293 3809 se
1331 3746 1619 3809 omnino
1659 3746 1882 3809 vitam
1921 3753 2384 3821 mutaturum,
2435 3742 2739 3806 addens:
2789 3744 3073 3822 quando

606 3867 717 3912 me
767 3850 1125 3931 videbitis,
1172 3861 1399 3916 totum
1435 3854 1875 3933 spiritualem
1913 3851 2277 3930 videbitis;
2326 3850 2516 3931 quod
2554 3849 2693 3912 alio
2738 3850 2946 3915 modo
2987 3868 3072 3913 ac

606 3957 757 4037 ipse
787 3958 1148 4036 cogitabat
1175 3960 1432 4023 evenit.
1467 3958 1649 4022 Nam
1676 3960 1843 4038 quia
1876 3960 1947 4021 in
1986 3958 2405 4038 quibusdam
2436 3956 2667 4019 minus
2696 3955 3070 4037 spirituali·

608 4073 714 4126 ter
744 4082 957 4145 quam
986 4067 1358 4148 oportebat
1385 4085 1463 4130 se
1485 4065 1864 4146 aliquando
1893 4064 2255 4145 gessisset,
2290 4064 2361 4126 id
2389 4062 2872 4143 pollicebatur.
2908 4062 3071 4129 Pro-

607 4169 838 4234 fectus
892 4183 1129 4237 autem
1185 4183 1293 4237 est
1347 4191 1509 4237 cum
1558 4173 1636 4236 P.
1688 4172 1958 4251 Natali,
2013 4172 2363 4251 gravique
2412 4178 2831 4249 tempestate
2888 4180 3068 4248 orta,

605 4286 861 4356 quarta
890 4280 1003 4342 die
1030 4280 1197 4362 Julii
1218 4329 1232 4355 ,
1264 4297 1355 4343 ex
1383 4279 1785 4359 quindecim
1811 4278 2218 4342 triremibus
2249 4285 2410 4340 octo
2442 4275 2854 4339 submersae
2881 4285 3070 4356 sunt;

606 4400 769 4448 cum
808 4386 995 4449 enim
1038 4395 1203 4450 ante
1245 4388 1476 4450 lucem
1516 4387 1831 4450 excitata
1870 4385 2119 4448 fuisset
2159 4391 2582 4464 tempestaS,
2629 4380 2822 4461 duas,
2856 4382 3074 4445 horas

605 4499 805 4554 tanta
833 4500 987 4555 erat
1024 4493 1421 4557 obscuritas
1459 4501 1534 4556 ut
1573 4510 1755 4557 unus
1793 4492 2042 4571 alium,
2086 4491 2250 4553 licet
2287 4489 2497 4552 valde
2538 4487 2882 4566 vicinum,
2930 4506 3071 4552 non

610 4598 902 4663 videret.
935 4601 1124 4663 Inter
1153 4601 1333 4663 alias
1356 4600 1688 4669 ‚triremes
1716 4597 2107 4676 Praetoria,
2142 4597 2215 4677 in
2245 4613 2386 4677 qua
2415 4595 2646 4659 nostri
2686 4596 3070 4659 versaban-

606 4714 743 4783 tur,
776 4706 905 4769 sub
942 4706 1250 4769 Domino
1288 4707 1602 4770 Antonio
1642 4705 1895 4782 Doria,
1939 4704 2178 4786 periit,
2225 4709 2303 4803 εξ
2330 4701 2479 4765 fere
2518 4702 2708 4764 mille
2749 4701 3078 4773 homines-
