3679 5414
687 468 800 531 ³02
1441 474 1446 479 ’
1607 472 1861 533 Canon.
1904 471 2057 533 Soc.
2098 474 2237 547 Jsss.

685 635 843 681 rum
870 616 1268 698 Philippum
1304 633 1432 698 per
1469 618 1743 681 litteras
1786 618 2161 681 certiorem
2199 618 2488 682 fecerat.
2532 618 2900 698 Quaedam
2936 619 3151 681 etiam

683 725 821 807 ipsi
850 724 1266 805 Imperatori
1296 726 1825 805 supplicaverat
1854 725 1927 788 in
1954 725 2329 789 Societatis
2358 735 2426 789 et
2466 726 2767 789 aliorum
2802 726 3143 789 favorem.

688 831 1076 912 Respondit
1114 831 1535 911 Imperator,
1570 849 1731 895 cum
1760 841 1948 895 esset
1977 832 2377 912 Augustae,
2414 833 2525 896 die
2556 834 2832 896 decima
2868 833 3104 896 Martii
3130 830 3151 862 ¹

687 938 892 1018 hujus
937 940 1107 1002 anni
1153 938 1337 1019 1551,
1383 941 1659 1019 gratias
1698 957 1922 1020 agens
1965 940 2154 1020 quod
2196 941 2294 1003 illi
2337 941 2929 1004 communicasset
2965 941 3150 1003 hanc

683 1047 908 1109 animi
922 1047 1033 1109 sui
1055 1046 1632 1110 deliberationem
1657 1048 1851 1110 circa
1874 1048 2274 1126 ingressum
2287 1046 2662 1110 Societatis
2683 1048 2873 1130 Jesu,
2900 1056 2970 1110 et
2991 1064 3151 1111 eam

688 1153 897 1216 valde
947 1154 1277 1234 probavit
1312 1162 1381 1217 et
1419 1153 1839 1234 suffragium
1878 1154 2278 1218 orationum
2327 1163 2397 1217 et
2434 1172 2832 1233 sacrorum,
2877 1154 3064 1235 quod
3108 1172 3152 1218 a

687 1259 888 1323 Duce
908 1259 1335 1324 offerebatur
1359 1262 1603 1341 magni
1625 1278 1702 1324 se
1723 1261 1961 1324 facere
1983 1261 2436 1340 significavit3
2463 1270 2532 1324 et
2555 1262 2720 1341 quia
2743 1261 3150 1325 facultatem

686 1368 975 1447 petebat
1024 1369 1113 1431 ab
1156 1385 1242 1431 eo
1284 1368 1449 1431 Dux
1489 1370 1579 1432 ad
1620 1369 2148 1448 exsequendum
2187 1368 2378 1450 quod
2415 1378 2813 1449 supererat,
2855 1386 3014 1431 eam
3053 1369 3152 1431 illi

688 1476 1113 1555 perlibenter
1145 1476 1530 1563 concessit,
1566 1494 1652 1539 ac
1683 1461 1937 1539 domus
1974 1485 2042 1539 et
2079 1477 2385 1539 filiorum
2423 1475 2575 1556 ejus
2613 1493 2690 1539 se
2738 1476 3154 1540 memoriam

691 1582 1094 1645 habiturum
1134 1601 1218 1645 ac
1262 1581 1510 1645 favore
1549 1592 2112 1663 prosecuturum,
2158 1591 2370 1663 prout
2417 1583 2639 1663 ipsius
2688 1591 2756 1645 et
2803 1581 3153 1645 Ducissae

689 1690 940 1752 merita
982 1690 1383 1769 exigebant.
1433 1689 1614 1769 Quia
1654 1709 1828 1754 vero
1882 1691 2370 1769 postulaverat
2412 1699 2488 1753 ut
2538 1690 2823 1770 quidam
2887 1688 3154 1752 reditus

687 1797 876 1860 mille
902 1806 971 1860 et
1001 1797 1465 1860 ducentorum
1494 1797 1935 1876 ducatorum,
1963 1816 2139 1877 quos
2163 1798 2253 1860 ad
2275 1797 2499 1860 vitam
2521 1796 2742 1860 Ducis
2766 1798 3155 1876 Imperator

689 1904 1103 1981 donaverat,
1125 1896 1216 1967 a‘d
1239 1906 1542 1985 quinque
1559 1922 1785 1967 annos
1799 1914 1959 1984 post
1974 1905 2484 1985 professionem
2499 1920 2913 1985 expressam
2931 1921 3015 1966 ac
3032 1921 3151 1983 pu·

693 2012 951 2075 blicam
980 2022 1220 2091 posset
1249 2013 1615 2092 percipere
1644 2012 1737 2075 ad
1756 2012 1914 2092 pios
1938 2012 2285 2092 quosdam
2309 2029 2500 2089 usuS,
2529 2012 2598 2074 id
2623 2012 2838 2074 etiam
2859 2010 3155 2073 libenter

688 2119 1068 2198 concessit,
1103 2129 1173 2183 et
1203 2114 1474 2183 litteras
1513 2120 1750 2198 regias
1787 2118 1941 2199 ejus
1970 2119 2450 2182 concessionis
2479 2118 2688 2182 dedit.
2726 2117 3154 2181 Societatem

687 2237 926 2290 autem
952 2226 1122 2308 Jesu
1149 2244 1224 2289 se
1253 2226 1501 2289 favore
1542 2236 2116 2307 prosecuturum,
2179 2235 2328 2289 tum
2378 2226 2565 2306 quod
2615 2225 2707 2288 ad
2755 2225 2889 2288 Dei
2937 2225 3152 2287 hono-

690 2352 841 2397 rem
890 2334 961 2397 id
1011 2343 1231 2413 esset,
1276 2342 1425 2396 tum
1465 2334 1537 2395 in
1575 2334 1885 2412 gratiam
1940 2334 2163 2413 ipsius
2212 2333 2434 2396 Ducis
2475 2333 2763 2413 recepit.
2818 2330 3156 2411 Princeps

691 2442 906 2505 etiam
937 2441 1335 2521 PhilippuS,
1370 2440 1491 2521 qui
1519 2441 1890 2519 Augustae
1932 2459 2094 2503 cum
2135 2449 2336 2521 patre
2382 2458 2509 2503 suo
2554 2441 2801 2503 eodem
2838 2448 3155 2517 tempore

696 2548 1143 2623 versabatur,
1176 2548 1323 2610 suis
1352 2547 1604 2611 litteris
1634 2548 1709 2610 21
1742 2547 2113 2611 Februarii
2142 2547 2325 2610 datis
2353 2547 2606 2628 probat
2646 2546 2867 2610 Ducis
2907 2546 3156 2609 delibe-

696 2655 1047 2719 rationem
1095 2665 1172 2718 ut
1221 2656 1312 2719 ad
1362 2654 1497 2718 Dei
1547 2654 1852 2735 gloriam
1902 2654 2247 2734 futuram,
2298 2663 2367 2718 et
2415 2654 2688 2734 gratias
2741 2654 2954 2717 etiam
3007 2652 3157 2733 agit

699 2762 884 2844 quod
916 2781 1079 2826 cum
1108 2780 1192 2826 eo
1221 2763 1583 2843 negotium
1612 2763 1747 2825 hoc
1780 2763 2390 2825 communicasset.
2422 2761 2654 2840 Ratio,
2682 2779 2863 2843 quae
2886 2760 3160 2824 Ducem

700 2871 924 2934 movit
965 2870 1056 2934 ad
1103 2870 1373 2933 reditus
1421 2870 1576 2933 illos
1629 2870 1702 2932 in
1740 2869 2047 2950 quinque
2098 2882 2327 2932 annos
2377 2879 2750 2950 sequentes
2796 2869 3153 2948 postulan-

694 2976 849 3056 dos,
883 2979 1002 3040 illa
1051 2978 1213 3057 fuit,
1268 2987 1344 3040 ut
1395 2978 1531 3040 hoc
1581 2977 1881 3041 subsidii
1928 2977 2243 3057 Collegio
2296 2995 2594 3040 romano
2651 2977 2883 3055 daret3
2939 2984 3008 3038 et
3059 2975 3156 3038 ita

695 3085 953 3164 eidem,
988 3085 1153 3148 dum
1182 3093 1460 3165 poterat
1489 3085 1863 3165 disponere
1895 3085 1980 3147 de
2009 3084 2222 3147 rebus
2264 3085 2446 3163 suiS,
2494 3083 2563 3147 id
2608 3092 2742 3160 est,
2778 3091 3159 3163 antequam

697 3194 1096 3274 exspiraret
1154 3201 1430 3272 tempus
1487 3192 2118 3255 administrationis
2182 3192 2529 3262 bonorum
2559 3190 3056 3272 temporalium
3114 3206 3157 3250 a

695 3299 915 3363 Paulo
955 3299 1048 3363 ΠΙ
1084 3316 1537 3378 concessum,
1571 3300 1982 3379 applicavit.
2017 3298 2213 3362 Haec
2253 3307 2489 3362 autem
2518 3315 2720 3361 mens
2750 3297 2972 3360 Ducis
3001 3304 3155 3359 erat

693 3415 770 3470 ut
797 3406 1068 3470 reditus
1096 3424 1187 3469 ex
1215 3406 1327 3469 his
1356 3423 1483 3469 sex
1513 3406 1821 3469 millibus
1852 3406 2275 3469 ducatorum
2304 3414 2725 3483 emerentur,
2759 3404 2878 3485 qui
2921 3401 3152 3467 aedifi-

695 3513 968 3576 candae
1016 3513 1359 3576 ecclesiae
1408 3521 1477 3575 et
1529 3512 1780 3575 deinde
1830 3511 2145 3592 Collegio
2188 3511 2505 3593 juvando
2557 3512 3150 3592 impenderentur,

694 3636 857 3683 cum
886 3628 1124 3682 tamen
1153 3620 1392 3683 omnia
1429 3618 1505 3682 P.
1540 3618 1796 3698 Ignatii
1825 3619 2120 3682 arbitrio
2148 3619 2575 3698 relinqueret
2606 3626 2674 3682 et
2703 3618 3156 3681 scholastico·

694 3744 854 3790 rum
902 3726 1201 3806 Collegii
1248 3727 1528 3790 romani
1573 3743 1908 3789 numerus
1948 3734 2016 3788 et
2054 3734 2374 3804 sumptus
2417 3734 2821 3789 crescerent
2859 3725 2932 3787 in
2983 3725 3155 3804 dieS,

696 3834 930 3897 visum
961 3843 1067 3897 est
1097 3834 1325 3897 eidem
1365 3832 1442 3896 P.
1484 3834 1785 3913 Ignati0‚
1828 3841 2038 3914 prout
2076 3833 2705 3914 recuperabantur,
2753 3833 2845 3895 ad
2885 3840 3153 3896 susten-

696 3941 1039 4003 tationem
1086 3940 1494 4004 eorumdem
1544 3939 2021 4020 collegialium
2067 3941 2253 4003 hanc
2301 3939 2761 4019 pecuniarum
2810 3955 3159 4002 summam

694 4063 851 4110 esse
881 4047 1466 4125 convertendam,
1502 4056 1569 4110 et
1599 4047 1699 4109 ita
1728 4045 2054 4110 effectum
2081 4055 2190 4110 est
2218 4045 2264 4104 ¹.

811 4154 952 4218 275.
1044 4154 1287 4217 Mense
1314 4153 1503 4217 Maio
1534 4153 1702 4217 Dux
1730 4153 2053 4218 Gandiae
2070 4200 2084 4229 ,
2129 4152 2442 4232 acceptis
2483 4152 2573 4218 ab
2597 4153 3030 4233 Imperatore
3051 4151 3155 4215 lit-

776 4433 793 4465 ¹
853 4430 1144 4475 Februarii.
1165 4431 1299 4475 Vide
1324 4437 1430 4475 not.
1461 4442 1566 4486 seq.

773 4503 796 4535 ¹
850 4502 1085 4547 Litteras
1105 4502 1263 4546 Ducis
1284 4501 1516 4546 Gandiae
1538 4502 1846 4557 Imperatori
1878 4503 2031 4547 datas
2063 4501 2256 4546 Romae
2288 4502 2341 4545 15
2368 4500 2629 4555 januarss,
2662 4507 2718 4545 et
2738 4500 3073 4556 Imperatoris
3093 4501 3159 4545 ad

697 4574 908 4629 Ducem,
946 4576 1233 4630 Augustae,
1270 4574 1322 4617 12
1354 4573 1652 4629 Februarii,
1689 4575 1852 4618 habes
1885 4576 1937 4619 in
1973 4574 2309 4629 Cinnruzcos,
2357 4572 2489 4617 Vitia
2524 4574 2591 4617 de
2626 4573 2737 4617 San
2771 4572 3061 4617 Francis-co
3093 4573 3159 4616 de

694 4639 890 4700 Βὸήα,
910 4648 944 4690 1.
965 4656 1021 4690 ιιι
1036 4678 1048 4701 ,
1071 4656 1185 4700 cap:
1207 4645 1261 4688 12
1278 4651 1330 4689 et
1352 4645 1426 4699 18,
1447 4645 1533 4689 ubi
1553 4656 1647 4700 per
1667 4655 1900 4690 errorem
1933 4645 2089 4689 datae
2118 4645 2365 4689 dicuntur
2390 4641 2738 4700 Imperatoris·
2758 4644 2967 4689 litterae
2987 4654 3161 4688 menae

698 4716 963 4769 Jauuario.
