3679 5414
736 453 853 512 >170
1674 452 1929 537 §mom
1971 452 2123 513 Soc.
2164 453 2304 526 Jsss.

871 598 965 661 14.
1049 597 1278 661 Roma
1307 614 1482 677 ergo
1512 597 1812 677 profecti
1842 599 1996 678 ipsa
2034 598 2280 677 vigilia
2318 598 2770 662 Pentecostes
2800 599 3213 678 Augubium

745 713 1250 786 pervenerunt,
1296 706 1413 768 vel
1458 706 1692 785 potius
1741 706 1813 768 in
1863 706 2373 769 monasterium
2425 706 2777 786 quoddam
2817 707 2954 770 tria
2990 708 3209 771 millia

746 830 1083 893 passuum
1108 813 1440 892 Augubio
1464 812 1734 875 distans
1758 812 2057 891 (Vivum
2079 812 2389 893 vocant),
2416 814 2535 877 ubi
2557 812 2956 877 Cardinalis
2984 823 3211 877 aesta·

746 930 889 983 tem
918 929 1300 983 exacturus
1329 927 1515 998 erat3
1549 927 1656 982 est
1685 919 1872 982 enim
1903 921 2105 983 locus
2133 929 2203 983 et
2233 921 2647 984 commodus
2674 929 2744 983 et
2773 938 3113 985 amoenus
3140 933 3210 985 et

746 1028 933 1090 aeris
963 1029 1281 1107 apprime
1303 1027 1631 1105 salubris,
1657 1036 1727 1089 et
1750 1027 1910 1090 urbi
1932 1036 2081 1090 tam
2101 1027 2382 1091 vicinus
2403 1036 2479 1090 ut
2508 1029 2581 1090 in
2603 1028 2850 1091 eadem
2875 1028 3210 1109 quodam-

746 1135 955 1198 modo
983 1134 1311 1214 resideat,
1345 1135 1465 1214 qui
1494 1135 1612 1197 illo
1644 1135 1715 1197 in
1739 1135 2174 1199 monasterio
2197 1145 2548 1198 versatur.
2575 1134 2743 1198 Tria
2767 1137 3210 1215 potissimum

745 1242 984 1305 munia
1035 1242 1435 1305 Cardinalis
1484 1241 1560 1304 P.
1604 1240 2000 1305 Salmeroni
2039 1241 2361 1323 injunxit.
2407 1241 2718 1305 Primum
2754 1251 2909 1305 erat
2949 1254 3026 1306 ut
3063 1252 3215 1306 tam

743 1349 1128 1413 canonicos
1159 1349 1587 1412 cathedralis
1616 1350 1962 1412 ecclesiae
1991 1367 2206 1429 quam
2243 1350 2419 1412 alios
2457 1351 2652 1412 viros
2689 1351 3214 1413 ecclesiasticos

742 1468 814 1520 et
842 1458 1239 1520 institueret
1266 1464 1336 1519 et
1366 1456 1457 1519 ad
1485 1474 1593 1535 ea,
1621 1473 1804 1536 quae
1841 1457 2153 1537 ipsorum
2183 1457 2435 1519 decent
2464 1465 2749 1536 statum,
2777 1457 3206 1537 hortaretur;

744 1567 1045 1628 alterum
1073 1573 1152 1626 ut
1179 1564 1252 1626 in
1279 1563 1692 1626 monialium
1722 1564 2195 1641 monasteriis,
2223 1582 2405 1645 quae
2433 1565 2786 1645 Episcopo
2819 1564 3206 1645 subjacent,

743 1671 832 1734 de
872 1673 1084 1735 rebus
1124 1672 1236 1734 his
1273 1671 1815 1735 concionaretur
1856 1687 2038 1752 quae
2080 1671 2172 1733 ad
2211 1672 2608 1734 institutum
2646 1672 2965 1751 ipsarum
2999 1671 3209 1735 facie-

743 1780 946 1859 bant;
987 1780 1272 1842 tertium
1310 1788 1465 1842 erat
1503 1788 1579 1841 ut
1624 1777 1813 1841 domi
1855 1779 2167 1859 quotidie
2205 1779 2587 1840 lectionem
2624 1796 2840 1841 unam
2879 1778 2966 1841 D.
3010 1777 3210 1841 Pauli

744 1889 1218 1967 praelegeret,
1285 1886 1485 1967 cujus
1556 1888 1706 1967 ipse
1785 1886 2186 1951 Cardinalis
2254 1894 2324 1949 et
2392 1886 2579 1950 bona
2659 1903 2828 1966 pars
2900 1886 3211 1949 familiae

745 1996 881 2075 ipsi
919 1994 1276 2081 auditores
1316 2004 1539 2057 erant.
1584 1995 1845 2074 Aliqua
1882 1994 2095 2057 etiam
2134 1993 2469 2074 privatim
2512 2011 2674 2056 cum
2712 1993 2960 2056 eodem
2999 1992 3210 2056 Patre

749 2101 1149 2165 Cardinalis
1188 2101 1619 2181 conserebat,
1662 2111 1732 2164 et
1771 2101 2102 2181 quamdiu
2143 2102 2240 2165 ibi
2281 2101 2541 2165 mansit
2579 2100 2653 2163 P.
2701 2098 3095 2179 Salmeron,
3139 2100 3209 2163 id

748 2217 878 2289 est,
912 2227 1133 2289 usque
1163 2208 1255 2271 ad
1284 2208 1539 2272 festum
1568 2207 1657 2270 D.
1690 2209 2009 2292 JoanniS,
2044 2226 2208 2271 cum
2244 2226 2386 2271 non
2415 2207 2841 2288 poenitendo
2869 2207 3103 2270 fructu
3137 2208 3206 2270 in

746 2316 857 2378 his
888 2316 1472 2395 occupationibus
1503 2324 1831 2378 versatus
1862 2324 1989 2377 est.
2025 2316 2118 2379 Ut
2150 2323 2385 2378 autem
2416 2315 2627 2377 avelli
2655 2323 2895 2392 posset
2918 2314 3210 2377 suavius

746 2439 789 2483 a
821 2421 1200 2501 Cardinali,
1234 2422 1349 2484 cui
1377 2422 1830 2501 gratissimus
1859 2431 2034 2501 erat,
2069 2422 2349 2484 curavit
2376 2420 2454 2483 P.
2488 2420 2806 2499 Ignatius
2831 2430 2906 2483 ut
2935 2421 3213 2484 litterae

700 2560 705 2564 ·
748 2536 818 2590 et
850 2528 939 2590 ad
970 2529 1198 2607 ipsum
1228 2528 1677 2591 Cardinalem
1707 2528 2011 2591 Sanctae
2041 2528 2290 2592 Crucis
2313 2537 2382 2591 et
2412 2527 2503 2589 ad
2533 2527 2608 2590 P.
2636 2525 3007 2590 Salmeron
3037 2528 3204 2590 scri-

751 2634 1104 2714 berentur,
1139 2635 1390 2714 quibus
1418 2636 1700 2698 nomine
1731 2633 2000 2698 Summi
2030 2634 2393 2698 Pontificis
2423 2633 2921 2715 injungebatur
2952 2644 3027 2697 ut
3059 2635 3207 2696 Tri—

746 2742 1035 2805 dentum
1080 2760 1331 2805 versus
1379 2744 1606 2823 primo
1656 2761 1934 2823 quoque
1973 2753 2290 2823 tempore
2329 2743 2538 2806 simul
2576 2761 2737 2806 cum
2785 2743 2860 2806 P.
2920 2742 3207 2824 Laynez

747 2849 1337 2929 proficisceretur.
1370 2850 1612 2930 Itaque
1651 2849 2071 2928 CardinaliS,
2103 2849 2269 2913 dato
2301 2850 2401 2912 illi
2436 2850 2722 2929 viatiCO,
2758 2859 2828 2913 et
2865 2867 2991 2930 per
3028 2850 3205 2912 litte—

744 2975 863 3020 ras
892 2957 1167 3036 gratias
1195 2973 1418 3036 agens
1446 2955 1522 3019 P.
1557 2955 1858 3036 IgnatiO,
1893 2964 2215 3019 amanter
2243 2974 2404 3019 eum
2432 2957 2694 3019 dimisit
2728 2956 2767 3020 ¹.

870 3064 962 3126 15.
1052 3064 1393 3142 Magnum
1429 3064 1539 3126 sui
1588 3063 2015 3126 desiderium
2053 3062 2128 3125 P.
2173 3061 2540 3126 Salmeron
2570 3061 2865 3143 Neapoli
2907 3064 3200 3143 relique-

745 3178 888 3249 rat;
921 3169 1071 3250 ejus
1104 3170 1289 3232 enim
1319 3169 1672 3247 doctrina,
1706 3179 1781 3232 ut
1817 3170 2073 3232 litteris
2114 3169 2428 3249 ipsorum
2459 3179 2763 3249 constat,
2799 3171 2902 3233 sic
2935 3170 3207 3246 civitati

744 3276 1253 3357 Neapolitanae
1302 3278 1688 3356 placuerat,
1731 3286 1807 3339 ut
1857 3277 1981 3339 vix
2023 3277 2238 3340 alium
2288 3276 2567 3340 avidius
2605 3286 2675 3339 et
2715 3278 3048 3340 attentius
3089 3277 3208 3339 illa

744 3383 1065 3447 audierit.
1099 3383 1257 3447 Non
1287 3393 1392 3446 est
1435 3393 1673 3447 tamen
1701 3394 1990 3464 propter
2030 3384 2179 3464 ejus
2216 3402 2578 3447 recessum
2615 3386 2946 3448 tractatio
2990 3383 3075 3446 de
3108 3384 3206 3445 in·

745 3489 1097 3554 stituendo
1129 3489 1447 3570 Collegio
1486 3492 1769 3569 omissa,
1813 3500 1883 3554 et
1922 3491 2061 3553 duo
2117 3492 2427 3570 catalogi
2467 3492 2556 3554 ab
2601 3492 2849 3555 amicis
2897 3489 3203 3554 confecti

744 3606 928 3677 sunt,
962 3599 1035 3661 in
1065 3615 1364 3678 quorum
1396 3600 1618 3661 altero
1661 3596 2024 3678 Pro-regis
2054 3607 2124 3662 et
2167 3598 2539 3661 illustrium
2578 3598 3042 3661 Dominorum
3086 3614 3209 3659 no·

746 3705 958 3784 mina,
1002 3705 1075 3767 in
1123 3707 1349 3768 altero
1388 3705 1818 3784 reliquorum
1860 3705 2200 3768 nobilium
2239 3713 2308 3767 et
2348 3705 2799 3786 copiosorum
2844 3705 3210 3767 hominum

748 3812 1014 3890 scripta
1043 3821 1268 3891 erant,
1301 3820 1379 3875 ut
1407 3812 1892 3892 unusquisque
1923 3812 2090 3891 quid
2117 3811 2318 3875 daret
2347 3811 2439 3874 ad
2468 3814 2603 3875 hoc
2633 3829 2811 3892 opus
2840 3811 3201 3874 instituen—

749 3919 820 3981 di
850 3919 1146 3998 Collegii
1176 3936 1389 3982 manu
1418 3935 1548 3982 sua
1578 3917 1984 3997 adnotarem
2017 3928 2086 3982 et
2117 3937 2275 3983 cum
2298 3919 2465 3982 Dux
2494 3919 2761 3982 Montis
2789 3919 3048 3982 Leonis
3068 3919 3206 3999 pri·

748 4043 903 4088 mus
927 4027 1333 4106 catalogum
1357 4025 1667 4105 priorem
1690 4025 2249 4105 subscripsisset,
2276 4025 2600 4106 Pro-regi
2629 4026 2879 4090 obtulit
2900 4025 3201 4088 subscri·

742 4133 1070 4212 bendum,
1098 4133 1218 4213 qui
1238 4133 1507 4213 aliquot
1530 4141 1869 4196 centenos
1892 4150 2152 4195 aureos
2164 4149 2325 4195 cum
2340 4133 2741 4212 scripsisset
2757 4150 2832 4195 se
2849 4132 3203 4206 daturum,

744 4240 863 4302 alii
907 4240 1119 4302 etiam
1169 4247 1544 4318 magnates
1589 4240 1822 4317 ipsum
1866 4239 2090 4302 secuti
2134 4247 2315 4302 sunt.
2349 4237 2488 4303 Sed
2528 4240 2600 4301 in
2636 4239 2948 4303 secundo
2991 4238 3205 4300 etiam

824 4481 842 4513 Ι
899 4479 1133 4534 Ignatius
1154 4476 1457 4532 Salmeroni,
1483 4477 1678 4523 Summi
1701 4478 1965 4522 Pontificis
1984 4480 2307 4524 voluntatem
2343 4491 2455 4523 esse
2489 4486 2547 4524 ut
2582 4480 2648 4523 ad
2684 4479 2966 4523 Concilium
2989 4483 3092 4531 eat,
3115 4477 3206 4520 sed

741 4552 885 4607 prius
904 4562 1055 4605 quam
1077 4550 1378 4594 Tridentum
1399 4550 1775 4605 proficiscatur,
1798 4557 2037 4605 oportere
2057 4557 2113 4595 ut
2145 4550 2256 4595 sive
2290 4562 2383 4606 per
2415 4550 2746 4596 cardinalem
2782 4551 3002 4594 Sanctae
3025 4548 3208 4593 Crucis

738 4624 851 4667 sive
870 4634 964 4677 per
984 4621 1226 4667 Masfeum
1246 4622 1439 4666 certior
1458 4622 1520 4665 de
1543 4621 1622 4676 iis,
1652 4633 1784 4675 quae
1808 4620 2044 4666 Tridenti
2069 4634 2226 4677 agere
2252 4622 2361 4677 ipse
2388 4628 2440 4666 et
2460 4622 2671 4680 ια’-ια
2704 4623 2978 4674 debebunt,
3011 4620 3117 4674 fiat,
3153 4620 3208 4662 13

738 4693 893 4748 Junii.
