3679 5414
727 464 835 519 440
1650 460 1903 519 Canon.
1947 461 2100 519 Soc.
2142 460 2283 532 με.

732 610 841 671 vis
863 607 1175 687 juveniS,
1218 618 1287 669 et
1316 607 1407 669 ad
1437 606 1668 669 nullos
1705 623 1955 668 sacros
1984 605 2270 669 ordines
2298 616 2697 686 promotus,
2741 615 2812 669 et
2850 607 2922 668 in
2960 607 3194 669 lectio-

729 715 936 778 nibus
978 732 1148 777 suae
1192 714 1478 776 scholae
1509 724 1933 792 occupatus,
1977 713 2111 776 hoc
2152 712 2380 775 officio
2420 714 2921 791 concionandi,
2964 714 3196 791 primo

728 822 1009 901 quidem
1038 820 1110 883 in
1139 819 1590 884 monasteriis
1618 823 1733 883 vel
1762 821 1921 883 aliis
1951 821 2149 897 lociS,
2184 819 2433 883 deinde
2463 820 2537 883 in
2560 820 2951 884 cathedrali
2975 822 3192 883 eccle-

727 930 835 990 sia
864 928 1149 990 functus
1178 936 1315 1006 est,
1352 927 1470 991 ubi
1501 926 1678 989 duas
1708 927 1954 990 habuit
1985 928 2368 990 conciones
2407 928 2495 990 ab
2525 927 2680 1008 ipso
2713 927 3006 991 Vicario
3035 928 3192 1008 Epi-

727 1037 925 1115 scopi
964 1036 1336 1113 invitatuS,
1382 1035 1500 1114 qui
1548 1051 1709 1097 cum
1747 1035 1945 1115 prius
1984 1034 2348 1098 Cardinali
2388 1033 2696 1098 Sanctae
2736 1035 2985 1098 Crucis
3026 1035 3193 1097 scri-

728 1144 985 1223 psisset
1016 1142 1287 1222 reliqua
1315 1141 1493 1204 bene
1532 1139 1824 1219 habere,
1875 1140 1999 1204 sed
2047 1142 2627 1204 concionatorem
2670 1160 2858 1204 novo
2898 1142 3198 1221 collegio

727 1251 1007 1327 deesse,
1039 1260 1416 1328 postquam
1447 1249 1865 1311 concionem
1893 1249 2196 1328 primam
2238 1249 2771 1327 magistratibus
2809 1249 3192 1328 praesenti-

728 1359 859 1420 bus
887 1367 956 1420 et
984 1356 1337 1419 nobilibus
1367 1354 1517 1434 ejus
1546 1356 1740 1418 urbis
1776 1355 2055 1418 civibus
2093 1355 2412 1419 habitam
2449 1356 2753 1435 audivit,
2801 1373 3003 1418 suam
3041 1373 3190 1417 sen·

728 1464 1023 1527 tentiam
1064 1464 1169 1526 sic
1207 1463 1509 1526 mutavit
1546 1472 1622 1525 ut
1657 1463 1916 1545 Joanm'
1955 1462 2318 1541 Baptistae
2358 1465 2898 1541 congratulatus
2929 1462 3046 1537 sit,
3077 1464 3195 1541 qui

730 1572 1338 1651 exspectationem
1376 1579 1445 1633 et
1495 1579 1801 1633 aetatem
1851 1579 2288 1650 superasset,
2333 1580 2402 1633 et
2445 1570 2675 1633 eidem
2716 1570 3079 1634 Cardinali
3119 1587 3195 1631 se

727 1679 1035 1741 scribere
1060 1680 1241 1741 velle
1263 1678 1440 1741 dixit
1461 1678 1638 1741 satis
1662 1678 1748 1740 de
1771 1678 2278 1741 concionatore
2306 1687 2759 1757 prospectum
2781 1695 2957 1756 esse,
2987 1677 3192 1756 quasi

731 1787 1062 1866 scrupulo
1094 1794 1326 1848 tactus
1355 1785 1543 1866 quod
1573 1785 1644 1847 in
1674 1784 1993 1864 Collegio
2023 1785 2599 1848 concionatorem
2625 1802 2768 1847 non
2797 1802 2951 1848 esse
2998 1784 3201 1863 prius

730 1894 1153 1973 scripsisset.
1201 1890 1368 1955 Post
1407 1892 1794 1955 secundam
1832 1903 2069 1955 autem
2118 1892 2533 1954 concionem
2574 1892 2889 1970 religiosi
2930 1891 3203 1954 ordinis

731 2017 1102 2063 servorum
1132 1999 1394 2062 Beatae
1424 2000 1694 2062 Mariae
1725 2000 1963 2061 multis
1992 1999 2321 2078 precibus
2362 2009 2705 2077 rogarunt
2738 2009 2811 2060 ut
2840 1998 3026 2061 idem
3055 1998 3200 2060 Ma-

731 2107 955 2183 gister
984 2107 1303 2184 Baptista
1334 2108 1898 2183 concionaretur,
1933 2117 2002 2167 et
2041 2106 2204 2185 quia
2244 2123 2489 2168 eorum
2528 2107 2866 2184 templum
2895 2123 3197 2168 commo·

732 2212 889 2275 dius
919 2222 1093 2293 erat,
1130 2224 1202 2275 ut
1234 2213 1306 2275 in
1334 2213 1566 2276 medio
1595 2212 1793 2275 urbis
1822 2213 2066 2290 situm,
2107 2213 2561 2292 impetratum
2591 2223 2698 2274 est
2728 2230 2770 2274 a
2799 2211 3093 2274 Vicario
3124 2224 3197 2274 ut

734 2319 827 2383 ibi
859 2337 1022 2383 cum
1050 2320 1237 2382 bona
1268 2321 1488 2399 ipsius
1511 2320 1721 2382 venia
1744 2318 2300 2399 praedicaretur;
2333 2331 2401 2382 et
2427 2320 2522 2382 ita
2554 2318 2924 2382 dominicis
2954 2318 3201 2382 diebus

732 2445 897 2490 cum
917 2444 1181 2506 magna
1206 2427 1610 2490 auditorum
1636 2426 2035 2506 frequentia
2057 2426 2415 2489 ferventer
2444 2436 2513 2489 et
2534 2428 2755 2490 multa
2778 2444 2938 2489 cum
2967 2426 3201 2505 gratia

734 2536 1197 2597 concionatus
1235 2544 1363 2597 est.
1400 2533 1682 2597 Accidit
1722 2543 1959 2597 autem
2000 2542 2075 2596 ut
2115 2534 2608 2612 processiones
2646 2535 2761 2595 vel
2799 2550 3097 2612 pompas
3127 2533 3201 2595 in

732 2640 1075 2704 honorem
1106 2638 1548 2704 Sanctissimi
1578 2639 2022 2704 Sacramenti
2063 2639 2554 2703 Eucharistiae
2584 2641 2927 2703 celebrari
2957 2641 3205 2703 solitas

732 2751 951 2812 semel
980 2759 1049 2812 et
1080 2750 1336 2812 iterum
1364 2767 1507 2812 non
1536 2750 1867 2828 angustia
1898 2749 2168 2828 templi,
2224 2748 2410 2827 quod
2457 2764 2796 2827 magnum
2849 2757 3037 2825 erat,
3079 2748 3204 2813 sed

733 2865 1023 2937 propter
1053 2857 1333 2920 turbam
1362 2857 1764 2919 auditorum
1794 2856 2388 2919 confertissimam
2417 2872 2702 2918 cessare
2740 2873 3032 2918 necesse
3059 2855 3199 2917 fue·

732 2963 844 3042 rit;
878 2972 948 3026 et
977 2964 1074 3026 ita
1102 2962 1194 3025 ad
1224 2964 1457 3042 ipsum
1478 2965 1725 3041 altare,
1752 2964 2017 3026 omissa
2045 2963 2523 3042 processione,
2558 2963 2825 3040 Pange
2847 2960 3112 3040 le'ngua
3134 2971 3204 3025 et

730 3071 848 3132 alii
898 3070 1145 3150 hymni
1193 3070 1478 3133 fuerunt
1523 3070 1903 3132 decantati.
1957 3069 2182 3132 Paces
2229 3069 2411 3132 inter
2456 3068 2877 3132 dissidentes
2928 3069 3207 3149 aliquos

732 3186 1066 3251 tentatae,
1108 3176 1265 3240 Deo
1295 3176 1623 3257 propitiO,
1655 3175 1955 3239 feliciter
1985 3185 2146 3238 sunt
2186 3177 2642 3255 compositae.
2678 3175 2977 3238 Circiter
3009 3176 3205 3254 quin-

731 3284 1075 3363 quaginta
1117 3283 1468 3346 foeminas
1498 3282 1985 3362 spiritualibus
2022 3282 2654 3344 exercitationibus
2684 3281 2958 3344 deditas
2987 3281 3202 3345 Pater

732 3389 1067 3453 Albertus
1128 3390 1593 3453 confessionis
1654 3408 1740 3452 ac
1800 3389 2319 3452 communionis
2378 3390 2843 3452 sacramentis
2904 3390 3208 3468 singulis

736 3497 1097 3560 mensibus
1146 3497 1508 3560 reficiebat
1557 3507 1625 3560 et
1676 3496 2289 3560 exhortationibus
2340 3496 2431 3558 ad
2479 3498 3087 3576 perseverantiam
3136 3506 3206 3559 et

736 3614 1195 3682 augmentum
1222 3603 1583 3666 incitabat.
1615 3602 1730 3665 Ad
1752 3603 2151 3666 custodiam
2174 3603 2531 3683 publicam
2554 3604 2893 3683 optabant
2923 3604 3205 3682 quidem

736 3711 962 3774 nostri
983 3728 1059 3774 se
1085 3710 1431 3784 conferre;
1462 3711 1589 3774 sed
1612 3710 1914 3773 difficilis
1941 3709 2323 3773 admodum
2349 3711 2440 3773 ad
2463 3727 2584 3772 eos
2601 3710 2921 3773 homines
2947 3712 3201 3785 adituS,

737 3817 1013 3881 facilior
1044 3819 1116 3881 in
1144 3828 1507 3898 posterum
1547 3819 1991 3898 sperabatur.

860 3925 959 3987 71.
1049 3925 1496 3988 Existimatio
1520 3934 1932 3987 nostrorum
1948 3925 2020 3987 in
2043 3925 2212 3987 urbe
2231 3924 2497 4004 optima
2520 3934 2695 4001 erat;
2723 3921 2974 4003 majori
2997 3939 3208 4001 quam

736 4033 1127 4095 voluissent
1156 4033 1425 4095 honore
1457 4031 1974 4109 afficiebantur;
2005 4031 2501 4110 religiosorum
2539 4030 2972 4094 monasteria
3001 4029 3209 4092 officii

736 4139 973 4217 gratia
1006 4140 1390 4202 invisentes
1429 4154 1691 4216 magna
1722 4138 1811 4200 ab
1845 4138 2016 4218 ipsis
2055 4138 2403 4201 charitate
2442 4136 2995 4217 excipiebantur.
3031 4136 3210 4199 Cum

736 4255 975 4310 autem
1013 4246 1285 4309 ordinis
1314 4245 1664 4307 minorum
1704 4246 2214 4308 monasterium
2252 4244 2558 4323 adirent,
2603 4261 2744 4306 non
2786 4244 3046 4322 exiguo
3088 4261 3207 4323 pu-

738 4353 909 4415 dore
957 4352 1258 4415 suffundi
1300 4352 1719 4431 debuerunt,
1765 4369 1928 4414 cum
1962 4351 2226 4431 janitor
2264 4359 2542 4430 portam
2571 4350 2835 4413 nostris
2873 4349 3207 4430 pulsanti-

736 4458 867 4521 bus
897 4459 1186 4522 diceret:
1220 4476 1442 4521 vosne
1470 4458 1644 4521 estis
1674 4458 1923 4521 Patres
1955 4458 2083 4537 illi,
2118 4474 2419 4537 quorum
2449 4474 2668 4537 opera
2696 4466 2842 4520 tam
2875 4457 3204 4537 copiosus

739 4564 1011 4628 fructus
1040 4566 1113 4628 in
1143 4566 1431 4628 civitate
1459 4565 1827 4644 provenit?
1868 4564 1955 4627 Et
1994 4582 2155 4628 cum
2195 4565 2421 4627 nostri
2459 4581 2536 4627 se
2577 4574 2819 4627 mutuo
2853 4564 3209 4626 intuentes

742 4671 1019 4734 irrideri
1051 4691 1125 4734 se
1157 4682 1507 4749 putarent,
1545 4670 1655 4735 ille
1686 4681 1939 4750 coepta
1963 4673 2064 4734 sic
2093 4672 2675 4751 prosequebatur,
2703 4680 2777 4734 ut
2807 4671 2992 4733 serio
3023 4680 3091 4733 et
3114 4688 3209 4733 ex
