3679 5414
727 458 843 520 356
1656 457 1912 519 Canos.
1954 457 2107 518 Soc.
2148 458 2289 532 Jsss.

852 605 992 668 392.
1082 604 1547 684 Collegiolum
1602 605 2131 667 Barcinonense
2179 588 2306 685 per
2363 603 2748 667 adventum
2803 601 2879 666 P.
2942 600 3200 666 Strada

730 712 930 775 initio
959 711 1166 792 hujus
1195 712 1361 775 anni
1387 713 1693 775 lacertos
1723 730 2019 776 movere
2059 720 2425 792 coeperat;
2458 711 2584 774 sed
2627 727 2789 774 cum
2827 719 2990 792 post
3030 728 3198 791 pau-

732 837 979 882 corum
1010 820 1283 883 dierum
1315 820 1699 883 conciones
1729 812 1906 883 satis
1935 827 2365 883 commotam
2391 818 2754 882 civitatem
2778 818 3196 898 reliquisset,

729 926 1378 1005 Caesaraugustam
1409 934 1480 989 et
1515 927 1767 990 deinde
1796 927 2107 1006 BurgoS,
2142 934 2219 989 ut
2249 926 2577 1006 superius
2615 925 2878 988 dictum
2916 935 3051 1003 est,
3087 908 3213 987 ille⁵

727 1034 1042 1114 perrexit
1073 1044 1142 1097 et
1182 1034 1393 1114 pauci
1444 1031 1903 1114 SacerdoteS,
1937 1035 2058 1114 qui
2094 1034 2540 1096 Barcinonae
2579 1033 3081 1112 versabantur,
3128 1034 3199 1095 in

726 1141 1088 1204 consuetis
1139 1142 1723 1222 occupationibus
1773 1159 2053 1221 eorum,
2085 1141 2204 1220 qui
2235 1140 2326 1203 ad
2355 1138 2875 1203 confessionem
2916 1148 2985 1202 et
3015 1157 3197 1203 com·

725 1249 1135 1311 munionem
1189 1249 1439 1312 crebro
1490 1249 1959 1328 accedebant,
2014 1249 2565 1329 occupabantur.
2618 1246 2711 1309 Hi
2768 1256 3004 1310 autem
3047 1256 3194 1313 tam

724 1356 931 1418 multi
959 1363 1191 1435 erant,
1239 1365 1316 1418 ut
1346 1356 1592 1419 diebus
1633 1356 2036 1435 dominiciS,
2078 1373 2240 1418 cum
2274 1372 2419 1419 non
2455 1362 2746 1435 possent
2784 1354 3008 1417 nostri
3050 1363 3196 1418 tam

725 1462 965 1525 multis
994 1462 1436 1542 satisfacere,
1482 1463 1756 1542 aliquos
1795 1464 2013 1526 etiam
2055 1472 2388 1525 externos
2434 1461 2846 1525 sacerdotes
2885 1462 2959 1524 in
3003 1462 3193 1524 auxi·

725 1569 899 1631 lium
926 1568 1362 1634 adhiberent.
1398 1570 1762 1634 Exercitia
1791 1570 2007 1633 etiam
2044 1569 2440 1650 spiritualia
2486 1568 2907 1648 quibusdam
2944 1585 3192 1648 propo-

723 1676 1010 1753 nebant,
1044 1685 1111 1740 et
1142 1678 1467 1757 quamvis
1495 1678 1762 1740 nullum
1791 1678 2369 1740 concionatorem
2397 1693 2527 1738 nec
2558 1675 2813 1738 litteris
2844 1675 3193 1754 insignem

729 1781 817 1844 de
846 1781 1198 1847 Societate
1225 1801 1443 1864 penes
1473 1801 1548 1847 se
1577 1785 1950 1863 haberent,
1983 1801 2127 1847 non
2147 1783 2299 1846 sine
2323 1782 2556 1846 fructu
2578 1781 3021 1845 Barcinonae
3038 1798 3191 1844 ver·

725 1890 1071 1952 sabantur
1099 1900 1167 1954 et
1196 1890 1446 1954 litteris
1475 1890 1701 1954 Roma
1729 1891 1966 1954 missis
1995 1889 2298 1953 animari
2326 1906 2401 1952 se
2430 1888 2639 1951 valde
2670 1898 2738 1951 et
2769 1887 3188 1951 consolatio·

727 1997 842 2059 nis
870 1997 1164 2059 multum
1187 1998 1511 2077 accipere
1534 1997 1950 2074 sentiebant,
1978 2013 2155 2077 quas
2179 2005 2247 2059 et
2270 1996 2520 2059 amicis
2543 1995 3184 2059 communicabant.

727 2102 1074 2167 Miserunt
1123 2104 1575 2167 nihilominus
1630 2104 1705 2167 P.
1762 2104 2194 2168 Provinciali
2245 2103 2514 2166 socium
2563 2101 2955 2165 Antonium
3005 2100 3188 2179 Gou,

725 2228 1031 2291 magnae
1063 2211 1493 2289 integritatis
1521 2212 1778 2274 virum.
1814 2209 2277 2274 Admiserunt
2306 2210 2522 2273 etiam
2546 2210 2618 2273 in
2641 2207 3068 2273 Societatem
3086 2207 3190 2288 Ju-

625 2388 628 2391 ,
723 2306 984 2381 'venem
1040 2316 1512 2381 Catalaunum
1551 2318 1623 2380 in
1666 2318 2112 2398 philosophia
2161 2326 2559 2394 versatum,
2606 2315 2894 2378 Petrum
2932 2313 3186 2378 Dome·
3261 2378 3270 2387 ,

727 2425 912 2487 nech
940 2425 1245 2504 nomine,
1282 2443 1489 2505 quem
1519 2424 1872 2488 Antonius
1903 2423 2063 2488 Gou
2093 2425 2184 2488 ad
2205 2408 2727 2488 Provincialem
2751 2441 2836 2486 ac
2859 2421 2934 2486 P.
2970 2422 3192 2485 Fran·

726 2531 995 2594 ciscum
1024 2532 1360 2610 Borgiam
1389 2532 1462 2595 in
1490 2531 1949 2596 Cantabriam
1986 2531 2296 2594 deduxit.
2340 2530 2484 2595 Alii
2526 2531 2740 2594 etiam
2773 2528 3073 2609 juvenes
3118 2530 3190 2592 in

727 2635 1153 2700 Societatem
1202 2638 1476 2701 admitti
1515 2639 1770 2702 ibidem
1809 2640 2172 2720 petebant,
2215 2639 2399 2702 inter
2437 2655 2613 2719 quos
2650 2637 2962 2720 Joannes
3006 2635 3183 2699 Cors

728 2761 890 2807 cum
919 2745 1084 2824 illis,
1126 2763 1304 2825 quos
1340 2748 1553 2827 paulo
1592 2747 1919 2827 superius
1957 2746 2213 2809 missos
2254 2764 2296 2809 a
2338 2746 2414 2809 P.
2458 2745 2895 2825 Hieronymo
2927 2736 3181 2808 Dome-

726 2851 909 2914 nech
938 2851 1267 2932 diximuS,
1295 2853 1367 2915 in
1388 2853 1663 2917 Italiam
1687 2870 1849 2916 cum
1871 2855 2099 2916 classe
2122 2852 2587 2916 Maximiliani
2611 2852 2830 2915 venit.
2857 2849 3038 2913 Toto
3064 2867 3185 2913 au·

725 2967 870 3022 tem
897 2959 1033 3032 hoc
1062 2968 1375 3039 tempore
1402 2961 1475 3023 in
1503 2960 1838 3041 operibus
1867 2959 2089 3022 variis
2117 2960 2403 3041 pietatis
2433 2957 2759 3039 occupati
2787 2958 2940 3021 sine
2969 2956 3178 3020 domo

724 3066 1014 3147 propria
1044 3066 1274 3130 adhuc
1302 3067 1745 3131 Barcinonae
1776 3067 2002 3130 nostri
2028 3066 2434 3130 residebant
2470 3065 2510 3129 ¹.

1027 3358 1156 3423 DE
1199 3359 1497 3425 REBUS
1539 3358 2272 3425 PORTUGALLIAE
2313 3360 2434 3425 ET
2476 3359 2602 3423 AF
2603 3358 2886 3424 RICAE

846 3599 989 3662 393.
1076 3598 1347 3663 Aberat
1395 3600 1595 3663 initio
1653 3598 1862 3680 huJus
1903 3602 2070 3664 anni
2109 3599 2186 3662 P.
2229 3599 2475 3664 Simon
2517 3600 3018 3680 Provincialis,
3066 3601 3186 3681 qui

725 3706 1028 3771 Romam
1082 3716 1398 3771 venerat.
1460 3707 1614 3771 Rex
1663 3717 1901 3771 tamen
1958 3707 2434 3787 Portugalliae
2493 3706 2883 3770 Februario
2941 3725 3183 3771 mense

723 3813 802 3880 P.
823 3814 1099 3894 Ignatio
1115 3815 1499 3893 scripserat
1522 3831 1598 3876 se
1622 3815 1858 3893 aliqua
1875 3815 2160 3893 negotia
2185 3832 2345 3877 cum
2361 3814 2611 3877 eodem
2635 3813 2957 3876 conferre
2980 3816 3182 3892 velle;

725 3921 911 3983 unde
939 3921 1243 4000 rogabat
1270 3930 1347 3983 ut
1376 3919 1603 4000 primo
1633 3938 1911 4001 quoque
1941 3929 2256 4000 tempore
2286 3921 2693 4000 expeditum
2724 3921 2812 3983 ab
2838 3921 2971 3999 his,
3007 3937 3188 4001 quae

727 4026 993 4090 Romae
1023 4026 1398 4090 tractanda
1429 4037 1662 4106 erant,
1691 4026 1762 4089 in
1786 4026 2298 4106 Portugalliam
2329 4028 2742 4091 remitteret.
2777 4026 3188 4090 Postulabat

810 4268 827 4301 ¹
883 4268 1068 4321 joanni
1089 4268 1150 4311 de
1173 4266 1411 4319 Queralt,
1435 4270 1752 4320 trassumpta
1774 4271 1827 4308 et
1850 4265 2070 4320 epistola
2087 4298 2097 4315 ,
2131 4265 2193 4308 de
2224 4266 2408 4320 quibus
2437 4277 2595 4320 supra
2617 4268 2710 4311 sub
2731 4277 2867 4310 num.
2887 4265 2985 4309 330.
3008 4265 3190 4309 Polan·

724 4351 840 4388 cus.
861 4350 926 4382 ex
947 4341 1347 4390 commissione,
1367 4336 1550 4389 Joanni
1572 4336 1940 4381 Bonavemura
1962 4337 2022 4380 de
2045 4336 2299 4390 Gualves,
2322 4337 2383 4380 de
2406 4336 2551 4381 Petri
2580 4338 2875 4382 Domenech
2898 4338 3116 4391 negotiis
3137 4342 3188 4380 et

724 4410 1083 4455 barcinonensi
1107 4408 1353 4462 Collegio.
1378 4407 1428 4450 15
1445 4406 1637 4460 Martii;
1659 4408 1793 4451 idem
1813 4406 1843 4459 J
1847 4407 1998 4451 oanni
2020 4407 2081 4450 de
2104 4407 2319 4459 Queralt
2336 4414 2393 4451 ut
2408 4408 2633 4452 medicos
2653 4409 2888 4452 consulat
2911 4416 3188 4462 antequam

726 4481 938 4525 Petrum
958 4481 1116 4525 Rie'ra
1137 4480 1202 4524 ad
1223 4479 1427 4522 Galliae
1451 4478 1643 4534 Regem
1664 4481 1859 4531 mittat,
1882 4486 1935 4523 et
1963 4481 2005 4523 sl
2039 4491 2165 4533 quos
2194 4479 2387 4523 habeat
2421 4480 2486 4523 ad
2523 4482 2804 4525 domestica
2824 4481 2997 4525 munia
3017 4480 3188 4534 potius

727 4553 884 4608 quam
903 4552 966 4596 ad
989 4553 1281 4595 litterarum
1300 4549 1475 4593 studia
1496 4557 1663 4604 aptos,
1685 4562 1774 4594 eos
1796 4549 2011 4594 Romam
2031 4550 2312 4595 mittendos
2344 4557 2506 4606 curet,
2542 4553 2586 4595 si
2622 4558 2797 4596 tamen
2816 4558 2869 4596 et
2889 4551 3187 4596 valetudine

727 4625 861 4667 bona
881 4630 932 4667 et
948 4624 1161 4667 honesta
1177 4619 1408 4674 corporis
1424 4621 1792 4674 compositione
1807 4632 1898 4664 seu
1915 4622 2224 4675 apparentia
2238 4623 2343 4665 sint
2358 4623 2599 4676 praediti,
2618 4625 2638 4666 1
2655 4624 2682 4676 J
2687 4623 2853 4668 ulii.—
2864 4622 3012 4667 Cone.
3028 4622 3188 4665 etiam

728 4696 919 4739 Carras
940 4694 1006 4738 de
1027 4694 1136 4736 San
1159 4692 1396 4745 Ignacio,
1415 4697 1454 4734 t.
1475 4701 1546 4745 xv,
1566 4702 1688 4746 pag.
1710 4693 1805 4746 222,
1828 4699 1934 4736 not.
1955 4693 1995 4744 2,
2019 4698 2072 4735 et
2094 4701 2132 4737 t.
2148 4704 2197 4744 v,
2218 4704 2337 4747 pag.
2354 4693 2422 4747 40,
2445 4703 2549 4738 not.
2573 4696 2636 4739 10.
