3679 5414
688 423 807 485 458
1629 422 1884 483 Canon.
1937 422 2089 483 soe.
2131 425 2271 497 JEs.

696 570 936 650 inviti,
974 570 1111 633 alio
1142 586 1218 632 se
1249 570 1573 633 conferre
1604 579 2054 649 cogerentur.
2105 569 2493 634 Generales
2533 572 2746 634 etiam
2786 572 3168 636 consessio·

701 697 832 742 nes
864 696 1024 741 cum
1064 678 1374 741 maxima
1414 679 1923 758 poenitentium
1961 679 2261 742 utilitate
2304 680 2376 741 in
2414 679 2666 742 eodem
2702 681 2962 760 templo
3006 689 3170 744 sunt

704 783 1025 865 auditae,
1061 795 1131 848 et
1168 786 1469 865 singulis
1497 786 1744 848 diebus
1772 785 1972 848 festis
2000 786 2216 866 aliqui
2246 795 2408 866 post
2439 785 2953 850 confessionem
2982 805 3168 852 corn-

698 892 1191 972 municabant3
1246 893 1295 955 ii
1344 901 1610 970 autem,
1659 893 1818 955 aliis
1866 892 1958 955 ad
2006 892 2330 956 eumdem
2379 892 2686 956 fructum
2736 895 3053 957 invitatis
3101 904 3170 958 et

698 1017 944 1062 secum
976 1000 1331 1080 adductiS,
1366 1017 1547 1079 quae
1579 1017 1621 1061 a
1651 998 1959 1063 Domino
1989 999 2123 1079 ipsi
2154 1009 2609 1080 acceperant,
2645 1002 3171 1065 communicare

698 1109 1049 1170 curabant
1080 1117 1149 1171 et
1182 1108 1613 1171 obtinebant.
3093 1120 3096 1123 ’

832 1214 965 1278 100.
1052 1214 1193 1279 Sed
1235 1216 1307 1278 in
1348 1218 1606 1296 templo
1657 1215 1872 1278 etiam
1923 1215 2448 1279 Conversarum
2492 1216 2741 1279 eadem
2783 1216 3170 1279 ministeria

702 1322 1230 1386 confessionum
1287 1331 1354 1386 et
1406 1324 1828 1385 concionum
1880 1323 2419 1401 exercebantur,
2475 1340 2637 1386 cum
2693 1333 2981 1404 propter
3030 1324 3173 1387 loci

702 1430 1281 1493 commoditatem
1312 1431 1510 1492 multi
1541 1448 1624 1493 eo
1656 1431 2101 1509 accederent,
2135 1430 2374 1510 plures
2404 1430 2619 1494 etiam
2666 1447 2879 1510 quam
2919 1430 3009 1493 ad
3049 1447 3170 1493 no-

698 1547 930 1600 strum
961 1539 1298 1617 templum
1329 1535 1372 1597 ¹.

830 1643 965 1706 101.
1054 1644 1168 1707 Ad
1198 1644 1546 1724 hospitale
1576 1643 1982 1723 frequenter
2008 1645 2238 1708 nostri
2281 1644 2745 1724 accedebant,
2780 1653 2848 1708 et
2880 1660 3171 1707 curave·

704 1762 868 1815 runt
924 1760 999 1815 ut
1056 1752 1353 1830 singulis
1409 1751 1872 1815 hebdomadis
1925 1761 2086 1832 post
2144 1751 2665 1814 confessionem
2728 1751 3173 1831 perciperent

702 1858 1227 1923 Eucharistiam
1255 1878 1398 1922 non
1437 1860 1714 1939 aegroti
1753 1861 1982 1923 solum
2020 1859 2145 1922 sed
2187 1860 2400 1922 etiam
2443 1859 2869 1922 xenodochii
2902 1858 3173 1939 praefe-

706 1976 866 2030 ctus
896 1976 964 2030 et
994 1967 1145 2047 ejus
1172 1968 1463 2046 familia,
1498 1985 1678 2046 quae
1707 1968 2099 2030 ministerio
2128 1984 2522 2047 pauperum
2560 1967 2887 2029 vacabat.
2934 1965 3174 2045 Aliqui

709 2076 922 2138 etiam
948 2092 1037 2138 ex
1057 2075 1397 2139 fratribus
1427 2075 1673 2138 diebus
1705 2075 2079 2139 dominicis
2111 2074 2201 2137 ad
2233 2074 2790 2138 consolationem
2819 2083 2887 2137 et
2918 2074 3174 2136 instru-

702 2183 1016 2246 ctionem
1047 2183 1457 2246 eorumdem
1501 2182 1881 2245 conciones
1930 2182 2024 2244 ibi
2061 2180 2438 2245 habebant.
2482 2181 2759 2245 Inventi
2798 2189 2961 2243 sunt
2991 2180 3176 2243 inter

706 2291 889 2353 alios
918 2290 1137 2370 aliqui
1167 2290 1239 2352 in
1283 2299 1742 2368 peccatorum
1779 2289 2288 2352 consuetudine
2331 2287 2853 2368 quodammodo
2894 2285 3171 2367 sepulti,

704 2399 831 2478 qui
861 2398 1099 2460 multis
1131 2406 1293 2459 ante
1324 2396 1529 2459 annis
1557 2414 1687 2458 nec
1718 2395 2025 2460 confessi
2052 2404 2350 2476 peccata
2380 2396 2660 2459 fuerant
2689 2412 2819 2457 nec
2864 2394 3049 2458 serio
3089 2393 3177 2456 de

708 2505 922 2568 rebus
947 2505 1038 2567 ad
1062 2504 1340 2567 animae
1364 2506 1661 2567 salutem
1683 2504 2199 2584 pertinentibus
2222 2503 2739 2583 cogitaverant;
2766 2502 2885 2581 qui
2906 2510 3175 2564 nostro·

708 2629 869 2675 rum
901 2612 1354 2674 sacerdotum
1383 2628 1598 2704 opera
1636 2629 1763 2691 per
1807 2610 2322 2674 confessionem
2361 2629 2404 2672 a
2446 2602 2876 2690 gravissimo
2916 2609 3180 2672 anima·

710 2737 875 2783 rum
903 2720 1150 2783 morbo
1179 2720 1435 2799 sanati,
1464 2738 1626 2783 cum
1648 2720 1960 2783 maximo
1990 2719 2181 2783 vita'e
2211 2728 2617 2782 transactae
2647 2719 2888 2781 dolore
2917 2733 3183 2780 novam

712 2826 1103 2890 secundum
1160 2826 1390 2889 Deum
1448 2828 1669 2889 vitam
1729 2844 1946 2906 agere
2010 2835 2508 2907 proponerent.
2572 2825 2874 2905 Quidam
2946 2833 3184 2887 autem

712 2951 983 3012 eorum,
1018 2934 1227 3012 gravi
1255 2936 1549 2997 vulnere
1578 2936 1836 3012 laesuS,
1870 2935 2169 2996 libenter
2198 2933 2525 3013 injuriam
2558 2932 2992 2995 adversariis
3021 2946 3182 2993 con-

712 3042 1036 3121 donavit;
1071 3042 1250 3104 alius
1280 3042 1581 3104 infectus
1610 3041 1889 3104 haeresi
1921 3041 2166 3121 (quiin
2210 3041 2433 3104 oculis
2470 3040 2780 3121 propriis
2819 3039 2994 3102 satis
3031 3044 3185 3100 erat

712 3149 1028 3229 sapiens)
1063 3149 1164 3212 sic
1196 3167 1411 3229 opera
1443 3147 1810 3228 cujusdam
1841 3149 2094 3211 horum
2125 3147 2438 3226 Patrum,
2473 3147 2546 3211 in
2575 3145 2774 3226 cujus
2804 3162 3057 3209 manus
3085 3144 3184 3206 in-

711 3257 1026 3337 ciderat,
1084 3257 1175 3319 ad
1217 3245 1549 3320 tenebras
1586 3273 1878 3318 suorum
1927 3272 2250 3318 errorum
2290 3254 2828 3334 cognoscendas
2863 3253 2996 3317 fuit
3038 3251 3190 3314 illu·

718 3373 1023 3443 stratuS,
1078 3373 1153 3426 ut
1204 3373 1476 3426 tantam
1526 3369 1728 3425 suam
1780 3361 2198 3424 caecitatem
2249 3362 2778 3441 obstupesceret
2807 3369 2875 3423 et
2904 3359 3190 3423 Patrem

716 3471 916 3534 willum
947 3488 1117 3534 suae
1147 3471 1395 3533 salutis
1426 3478 1790 3532 auctorem
1817 3477 1979 3548 post
2016 3467 2247 3531 Deum
2286 3477 2740 3547 agnosceret,
2782 3484 2868 3530 ac
2907 3466 3190 3529 demum

722 3596 849 3658 per
878 3578 1428 3656 confessionem,
1464 3575 1757 3656 abjectis
1796 3575 2243 3655 opinionibus
2280 3574 2509 3654 falsiS,
2552 3575 2706 3638 Deo
2746 3572 3191 3637 reconciliari

714 3687 1056 3749 studeret.

849 3792 984 3855 102.
1072 3791 1151 3855 In
1181 3791 1503 3856 custodia
1532 3791 1816 3871 publica
1849 3790 1966 3870 qui
1996 3790 2436 3868 tenebantur,
2468 3805 2731 3868 magno
2771 3787 2985 3850 etiam
3029 3802 3193 3849 cum

722 3900 961 3963 fructu
990 3918 1032 3962 a
1071 3900 1335 3962 nostris
1374 3897 1888 3976 invisebantur,
1933 3914 2109 3977 quos
2150 3896 2240 3958 ad
2278 3903 2574 3976 peccata
2616 3893 3080 3973 relinquenda
3121 3901 3193 3955 et

724 4008 1079 4088 patienter
1102 4024 1303 4069 suam
1326 4006 1687 4068 miseriam
1710 4004 2102 4082 ferendam,
2127 4020 2312 4066 unus
2334 4021 2424 4066 ex
2446 4001 2778 4066 Patribus
2801 4010 2909 4064 est
2942 4001 3194 4064 adhor-

724 4123 947 4193 tatuS‚
984 4124 1051 4177 et
1083 4114 1333 4177 deinde
1361 4129 1650 4192 panem,
1687 4129 1898 4191 quem
1927 4127 2169 4174 secum
2201 4111 2558 4189 intulerat,
2592 4108 3043 4190 pauperibuS,
3077 4106 3197 4187 qui

728 4222 913 4285 inter
942 4239 1066 4284 eos
1095 4229 1329 4299 erant,
1379 4219 1762 4282 dividebat.
1800 4217 2066 4283 Omnes
2095 4217 2166 4279 hi
2199 4200 2285 4280 de
2314 4217 2631 4296 peccatis
2662 4215 2970 4280 confessi
3007 4222 3193 4292 sunt,

813 4532 831 4565 ¹
888 4532 1166 4585 Polancus,
1189 4543 1255 4574 ex
1284 4542 1434 4584 com„
1455 4530 1669 4575 Caesari
1690 4530 1888 4583 Helmi,
1920 4541 1981 4572 ne
2016 4540 2071 4572 se
2105 4529 2316 4572 nimium
2350 4528 2590 4582 occupari
2622 4528 2757 4571 sinat
2779 4526 3128 4570 concionando
3147 4529 3200 4568 et

732 4605 1078 4648 consessiones
1098 4604 1350 4647 audiendo
1370 4604 1679 4657 praesertim
1700 4603 1904 4656 piarum
1925 4600 2277 4665 foeminarum,
2310 4600 2354 4643 si
2388 4601 2436 4643 id
2473 4600 2623 4643 cedat
2646 4600 2696 4642 in
2719 4598 3084 4642 detrimentum
3105 4603 3197 4642 aut

730 4675 1029 4719 scholarum
1049 4673 1143 4719 autr
1160 4676 1394 4728 aliorum,
1416 4675 1502 4729 qui
1521 4676 1636 4728 plus
1656 4679 1951 4717 nostrorum
1972 4683 2129 4726 opera
2152 4672 2442 4726 indigeant.
2470 4671 2520 4714 15
2540 4670 2795 4714 Octobris.
