3679 5414
1627 491 1753 549 AN.
1800 492 1938 550 1552
2895 490 3005 551 577

537 639 628 700 ad
662 636 975 699 infirmos
1006 635 1425 698 accederent
1453 636 1762 715 nullique
1792 635 1901 698 sui
1930 637 2211 716 copiam
2254 636 2719 716 denegarent,
2769 640 3002 718 parati

536 762 812 823 semper
844 753 913 806 et
941 744 1246 823 expositi
1277 744 1368 806 ad
1400 743 1878 823 dispensanda
1909 743 2274 822 quibusvis
2318 746 2533 808 etiam
2575 756 2773 825 peste
2812 748 2998 810 labo·

539 852 860 915 rantibus
909 857 1384 918 sacramenta.
1438 851 1612 914 Cum
1663 859 1904 913 autem
1954 851 2200 914 diebus
2249 853 2532 915 veneris
2584 871 2673 915 ex
2713 854 2999 917 decreto

538 961 738 1038 regio
770 959 860 1022 ad
882 958 1320 1039 precandum
1348 959 1421 1021 in
1443 963 1725 1020 ‘summo
1759 960 2021 1038 templo
2052 960 2435 1022 convenire
2466 960 2833 1039 deberent,
2868 963 3002 1024 soli

537 1067 683 1129 sere
717 1066 946 1129 nostri
986 1083 1077 1128 ex
1117 1074 1268 1128 tota
1308 1065 1794 1128 Universitate
1833 1074 1902 1127 et
1943 1066 2132 1127 clero
2163 1066 2657 1145 cernebantur,
2693 1069 2812 1147 qui
2840 1086 3003 1132 cum
3038 1135 3041 1136 γ

538 1190 801 1253 magna
843 1172 1334 1235 aedificatione
1377 1182 1446 1234 et
1486 1172 1971 1234 consolatione
2011 1173 2358 1235 bonorum
2396 1173 2488 1235 ibi
2529 1173 2997 1255 continenter,

535 1282 698 1343 licet
730 1298 855 1359 per
883 1281 1082 1343 vices
1112 1279 1497 1357 distributi,
1534 1289 1843 1342 orarent.

655 1388 796 1450 377.
884 1387 1060 1450 Cum
1100 1387 1352 1450 inclusi
1391 1388 1463 1449 in
1506 1387 1914 1450 carceribus
1954 1387 2151 1466 prius
2199 1405 2364 1450 raro
2404 1388 2495 1450 ad
2535 1389 3002 1453 confessionis

537 1495 1077 1559 Sacramentum
1108 1495 1547 1573 accederent,
1577 1493 1725 1573 jam
1756 1494 2040 1574 saepius
2062 1494 2138 1557 P.
2168 1494 2454 1558 Canisio
2486 1495 2822 1560 confitere
2844 1497 3002 1560 coe-

537 1612 812 1683 perunt.
848 1602 1028 1666 Cum
1057 1612 1292 1665 autem
1323 1620 1412 1664 ex
1441 1602 1743 1664 vinculis
1783 1602 2070 1681 quidam
2112 1602 2203 1664 ad
2242 1604 2662 1682 supplicium
2702 1605 3001 1668 adduce-

535 1720 753 1789 retur,
780 1709 992 1773 Pater
1023 1710 1123 1771 illi
1152 1709 1331 1771 fidus
1361 1709 1682 1772 hortator
1705 1718 1774 1771 et
1796 1710 2212 1771 consolator
2235 1709 2479 1787 adfuit,
2506 1720 2575 1772 et
2598 1712 2699 1773 sic
2731 1710 3002 1791 adjuvit

535 1817 1114 1882 hominem-illum
1144 1817 1229 1879 in*
1253 1816 1533 1896 publico
1574 1816 1991 1878 morientem
2032 1825 2109 1879 ut
2152 1817 2497 1895 spectanti
2535 1817 2840 1898 undique
2883 1837 3000 1900 po·

535 1929 699 2007 pulo
729 1924 1201 1988 aedificationi
1233 1940 1536 2003 magnae
1567 1923 1802 1986 fuerit.
1836 1924 1947 1987 Ex
1977 1923 2426 1987 monasteriis
2466 1925 2823 2004 virginum
2862 1927 3000 1991 duo

538 2034 922 2114 praecipua
951 2032 1277 2095 eumdem
1306 2031 1380 2094 P.
1417 2030 1780 2094 Canisium
1810 2030 2270 2094 adsciverunt
2298 2042 2366 2094 et
2394 2032 2467 2094 in
2495 2042 2773 2112 patrem
2802 2035 3001 2115 spiri-

536 2143 798 2204 tualem
825 2158 911 2202 ac
943 2140 1457 2203 confessarium
1499 2141 1947 2219 postularunt
1978 2148 2048 2200 et
2079 2137 2169 2200 ad
2201 2148 2478 2219 tempus
2523 2140 2996 2221 obtinuerunt3

537 2249 1112 2312 concionatorem
1161 2257 1398 2310 tamen
1448 2247 1772 2309 eumdem
1811 2264 1900 2308 ne
1944 2245 2287 2308 haberent
2324 2255 2611 2309 senatus
2660 2249 2732 2310 in
2782 2266 3001 2312 causa

536 2357 695 2435 fuit,
731 2358 851 2437 qui
880 2356 972 2418 ad
999 2355 1241 2434 populi
1283 2354 1685 2432 utilitatem,
1733 2364 1807 2416 ut
1848 2354 2172 2433 superius
2215 2353 2555 2434 diximuS,
2599 2355 2670 2418 in
2714 2355 2802 2419 D.
2849 2354 2999 2421 Ste-

535 2466 754 2545 phani
782 2466 1044 2544 templo
1077 2473 1152 2527 ut
1184 2463 1726 2525 concionaretur
1757 2453 2189 2542 impetravit.

656 2572 798 2634 378.
884 2572 1019 2635 Die
1050 2580 1298 2633 sancto
1330 2569 1603 2633 Natalis
1631 2570 1919 2633 Domini
1944 2589 2105 2633 cum
2138 2582 2300 2635 ante
2323 2574 2551 2638 lucem
2581 2572 2765 2636 idem
2789 2570 3000 2635 Pater

541 2679 868 2744 Canisius
897 2679 1156 2742 Missae
1185 2678 1610 2741 sacrificium
1641 2678 2036 2756 obtulisset,
2072 2679 2143 2742 in
2174 2697 2313 2760 quo
2343 2682 2601 2744 multos
2629 2681 2996 2761 utriusque

540 2804 754 2850 sexus
778 2786 1381 2850 communicantes
1409 2785 1729 2848 homines
1759 2786 2025 2864 habuit,
2061 2788 2304 2851 statim
2341 2804 2673 2866 egressus
2711 2789 2996 2867 temp10,

543 2911 829 2957 currum
880 2904 1315 2973 spectantem
1355 2893 1621 2955 invenit
1671 2902 1745 2954 ut
1783 2892 1856 2954 in
1895 2910 2163 2972 pagum
2206 2894 2602 2973 quemdam,
2652 2894 2745 2956 ibi
2784 2896 2997 2956 etiam

542 3000 969 3063 sacrificium
1012 3000 1271 3063 Missae
1316 3000 1682 3062 oblaturus
1714 3009 1780 3061 et
1820 3000 2371 3062 concionaturus
2420 3018 2576 3062 sese
2619 3000 2995 3077 conferret;

541 3126 702 3171 cum
724 3108 910 3170 enim
932 3107 1173 3169 multis
1195 3116 1358 3169 ante
1382 3106 1741 3168 mensibus
1762 3107 2033 3168 nullum
2057 3106 2153 3168 ibi
2176 3114 2534 3185 pastorem
2559 3107 2994 3184 habuissent,

539 3217 745 3278 enixe
775 3224 1214 3294 rogaverant
1242 3222 1319 3276 ut
1349 3215 1654 3293 aliquem
1682 3230 1773 3275 ex
1802 3214 2071 3275 nostris
2110 3214 2337 3275 sacris
2381 3213 2517 3276 illis
2556 3213 2800 3276 diebus
2838 3216 2996 3278 loco

536 3324 842 3403 pastoris
872 3322 1236 3385 haberent.
1280 3322 1402 3384 Illo
1446 3337 1618 3399 ergo
1659 3321 1730 3382 in
1769 3321 1927 3382 loco
1969 3328 2288 3383 amanter
2335 3330 2672 3400 exceptus
2709 3331 2778 3385 et
2805 3340 2995 3386 rece-

537 3440 700 3510 ptus
721 3446 1057 3509 magnam
1085 3445 1389 3491 messem
1418 3428 1782 3508 comperit,
1817 3427 2075 3507 partim
2114 3428 2182 3489 in
2222 3428 2597 3491 visitandis
2640 3440 2708 3493 et
2749 3447 2994 3519 conso-

535 3537 766 3599 landis
795 3537 1112 3614 infirmis,
1149 3552 1448 3615 quorum
1485 3535 1697 3596 etiam
1728 3534 2209 3597 confessiones
2241 3535 2485 3597 audire
2526 3545 2594 3598 et
2638 3536 2997 3599 dominico

538 3644 852 3723 Corpore
883 3643 1404 3706 communicato
1435 3659 1761 3704 recreare
1791 3642 2104 3719 curavit,
2140 3642 2396 3721 partim
2427 3643 2499 3704 in
2546 3643 2867 3706 docenda
2892 3644 2995 3724 ju·

536 3760 845 3829 ventute,
874 3768 1085 3830 quam
1111 3751 1182 3812 in
1205 3751 1465 3828 templo
1496 3748 1905 3827 collegerat,
1932 3749 2189 3826 partim
2220 3748 2293 3810 in
2320 3750 2607 3813 rusticis
2637 3751 2772 3812 illis
2804 3750 2993 3830 adju·
3024 3796 3025 3799 ,

536 3859 814 3936 vandiS,
841 3876 1018 3937 quos
1046 3857 1389 3919 concione
1435 3855 1843 3935 quotidiana
1883 3854 1973 3917 ad
2012 3856 2349 3934 pietatem
2387 3858 2897 3937 exhortabatur
2927 3868 2996 3921 et

541 3966 952 4029 instruebat.
987 3965 1175 4027 Inter
1205 3974 1488 4027 caetera
1509 3963 1791 4025 domum
1825 3962 2203 4042 quamdam
2222 3964 2611 4044 ingressuS,
2633 3983 2872 4029 senem
2904 3967 2996 4029 ibi

538 4074 974 4152 decrepitum
996 4071 1143 4151 jam
1165 4070 1730 4149 nonagenarium
1753 4070 2042 4148 invenit,
2071 4071 2189 4149 qui
2213 4072 2552 4152 lacrymis
2580 4081 2649 4135 et
2677 4073 2998 4152 gestibus

536 4179 944 4242 declarabat
993 4178 1169 4240 satis
1207 4194 1418 4256 quam
1468 4177 1600 4257 ipsi
1637 4186 1848 4255 grata
1886 4176 2118 4239 Patris
2155 4181 2557 4258 praesentia
2591 4179 2874 4258 suisset,
2909 4181 3000 4243 de

537 4285 736 4365 cujus
763 4302 979 4346 manu
1009 4294 1246 4364 posset
1276 4299 1560 4346 sacram
1587 4286 1919 4364 synaxim
1961 4284 2343 4364 suscipere.
2384 4286 2671 4349 Diutius
2712 4287 3000 4366 quidem

537 4394 700 4455 illuc
730 4408 944 4472 quam
974 4399 1324 4453 statuerat
1367 4392 1795 4454 commorari
1833 4392 2093 4454 debuit.
2136 4392 2404 4456 Abiens
2444 4402 2681 4457 autem
2719 4395 2844 4456 vix
2874 4412 2997 4458 eos

537 4516 991 4579 compescere
1029 4497 1256 4578 potuit
1293 4506 1370 4560 ut
1415 4515 1709 4560 munera
1748 4508 1817 4561 et
1848 4500 2243 4579 pecuniam,
2277 4517 2457 4580 quae
2488 4499 2881 4563 offerebant
2911 4519 2998 4564 ac

537 4606 1067 4687 promittebant,
1103 4605 1236 4668 sibi
1258 4605 1664 4668 retinerent.

654 4714 795 4776 379.
882 4713 1073 4776 Idem
1102 4711 1313 4775 Pater
1344 4711 1432 4774 ab
1462 4710 1739 4774 afflictis
1780 4722 1850 4774 et
1887 4713 2279 4794 desperatis
2325 4714 2845 4794 quodammodo
2877 4716 2997 4777 ho·

2644 4844 2711 4901 37
