3679 5414
1602 446 1726 505 ΑΝ.
1775 446 1909 505 1551
2875 444 2976 507 411

506 598 581 653 et
609 589 873 653 madidi
917 589 1008 653 ad
1048 591 1355 670 hospitia
1399 592 1929 670 pervenienteS,
1977 593 2241 655 nullam
2283 591 2379 654 ibi
2421 593 2978 655 consolationem

511 698 987 761 inveniebant.
1024 696 1284 779 Saepe,
1319 715 1482 762 cum
1510 699 1907 761 sarcinulas
1938 715 2105 762 suas
2135 699 2447 762 humeris
2490 700 2801 780 propriis
2843 700 2973 764 fer-

512 813 698 883 rent,
734 823 861 886 per
890 807 1095 868 nives
1125 815 1195 868 et
1224 806 1529 896 glaciem
1561 806 1978 886 incedendO,
2014 806 2383 885 cadebant,
2427 816 2496 869 et
2526 808 2850 869 cruribus
2881 809 2979 870 in·

515 912 699 975 fiatis
721 961 735 990 ,
768 922 837 976 et
866 912 1141 992 injuriis
1172 931 1257 976 ac
1287 914 1657 993 vituperiis
1684 914 1905 993 pleni,
1949 932 2094 977 non
2123 915 2274 977 sine
2304 914 2688 995 patientiae
2718 923 2786 976 et
2817 915 2976 977 cha·

514 1020 746 1083 ritatis
776 1019 1011 1082 fructu
1042 1028 1111 1082 et
1141 1020 1491 1099 aliquibus
1521 1020 1615 1083 ad
1644 1021 1910 1084 Christi
1938 1020 2148 1084 fidem
2179 1022 2569 1098 conversis,
2595 1020 2979 1083 Firandum

509 1128 643 1189 sub
672 1126 983 1189 medium
1022 1143 1337 1189 mensem
1381 1126 1714 1190 Martium
1753 1127 2042 1191 tandem
2090 1129 2450 1208 appulere.
2495 1126 2775 1189 Etcum
2815 1144 2978 1189 con-

514 1234 856 1296 stituisset
885 1232 1157 1297 Xavier
1188 1235 1260 1296 in
1288 1250 1589 1313 regnum
1618 1236 1733 1297 vel
1759 1234 2099 1298 ditionem
2122 1233 2696 1314 Amanguchiam
2720 1252 2796 1296 se
2820 1252 2979 1297 con·

516 1341 733 1419 ferre,
768 1357 949 1419 quae
980 1356 1201 1419 regno
1246 1340 1596 1404 Castellae
1628 1359 1771 1403 non
1800 1342 2032 1404 minor
2061 1340 2454 1420 videbatur,
2489 1342 2736 1403 relicto
2767 1340 2982 1402 etiam

516 1457 686 1510 tunc
717 1447 1009 1510 Firandi
1055 1447 1132 1510 Ρ.
1179 1448 1459 1527 Cosm0,
1495 1459 1572 1511 ut
1618 1449 2000 1511 instrueret
2030 1450 2290 1512 multos
2332 1447 2810 1527 ChristianOS,
2862 1447 2983 1527 qui

508 1556 608 1618 ad
636 1555 998 1618 Ecclesiae
1027 1571 1322 1633 gregem
1347 1554 1631 1617 adducti
1662 1564 1896 1634 erant,
1927 1555 2501 1634 Amanguchium
2525 1572 2685 1618 curn
2712 1556 2986 1637 Joanne

516 1660 574 1723 F
578 1663 931 1724 ernandez
960 1661 1273 1724 secundo
1305 1678 1381 1724 se
1413 1662 1730 1741 contulit,
1766 1671 1834 1724 et
1865 1680 2105 1726 secum
2140 1662 2296 1725 tulit
2329 1662 2601 1725 litteras
2627 1662 2986 1741 Pro-regis

514 1767 756 1830 Indiae
787 1777 855 1830 et
886 1768 1217 1848 Episcopi
1250 1768 1554 1832 Goensis
1584 1768 1676 1831 ad
1700 1770 1955 1832 ducem
1983 1769 2562 1847 Amanguchium
2591 1787 2753 1837 cum
2781 1768 2984 1832 donis

520 1874 968 1955 quibusdam,
1002 1892 1183 1956 quae
1213 1874 1310 1937 illi
1341 1876 1413 1937 in
1443 1876 1796 1939 amicitiae
1827 1876 2112 1955 signum
2145 1877 2535 1939 mittebant.

635 1981 779 2044 500.
867 1982 1129 2060 Magna
1161 1982 1304 2044 dux
1333 1982 1447 2044 ille
1487 1983 1756 2045 laetitia
1797 1982 2091 2045 affectus
2130 1992 2237 2045 est
2280 1992 2428 2045 tam
2471 1983 2724 2045 litteris
2770 1999 2982 2061 quam

519 2089 724 2152 donis
776 2089 1120 2169 acceptis;
1171 2106 1338 2151 nam
1388 2089 1551 2151 licet
1599 2089 1914 2169 pretiosa
1953 2089 2073 2151 illa
2115 2108 2258 2152 non
2306 2097 2543 2167 erant,
2596 2090 2761 2169 quia
2812 2107 2979 2151 nun-

521 2211 736 2275 quam
767 2197 840 2258 in
866 2197 1138 2278 Japone
1173 2196 1401 2259 simile
1442 2197 1827 2276 quidquam
1858 2198 2093 2260 visum
2132 2197 2394 2274 fuerat,
2434 2196 2843 2275 gratissima
2888 2196 2985 2258 illi

523 2302 837 2382 fuerunt3
873 2314 940 2365 et
969 2304 1189 2366 multa
1220 2304 1482 2366 nostris
1512 2304 1882 2393 offerebat,
1919 2304 2043 2366 sed
2074 2322 2205 2367 nec
2236 2322 2519 2384 aurum,
2565 2322 2694 2366 nec
2735 2320 2984 2382 argen-

521 2418 690 2489 tum,
724 2428 856 2472 nec
888 2410 1271 2490 quidquam
1303 2411 1515 2491 aliud,
1551 2410 1740 2490 quod
1771 2411 2161 2489 obtulisset,
2196 2410 2272 2473 P.
2307 2410 2739 2473 Franciscus
2769 2410 2983 2474 adrni-

514 2517 611 2579 sit
632 2565 648 2595 ,
681 2526 782 2596 et,
817 2517 878 2579 si
905 2518 1216 2596 gratiam
1247 2519 1556 2597 aliquam
1586 2526 1707 2580 aut
1735 2516 2155 2581 beneficium
2188 2518 2363 2596 ipsis
2393 2517 2716 2580 conferre
2745 2519 2983 2595 vellet,

520 2623 805 2702 rogavit
835 2634 911 2688 ut
941 2625 1126 2688 hanc
1155 2627 1380 2689 solam
1411 2625 1796 2705 conferret,
1830 2627 2124 2705 scilicet,
2160 2625 2571 2688 facultatem
2601 2624 2735 2687 Dei
2756 2627 2988 2704 legem

521 2732 593 2794 in
623 2733 887 2796 ditione
920 2733 1139 2814 ipsius
1169 2733 1632 2814 praedicandi
1673 2743 1743 2797 et
1778 2742 1855 2797 ut
1883 2734 2320 2814 permitteret
2352 2750 2508 2812 θος,
2543 2734 2664 2813 qui
2694 2734 2982 2812 vellent,

521 2856 680 2902 eam
743 2839 1152 2917 admittere;
1200 2839 1386 2920 quod
1446 2841 1559 2903 ille
1616 2849 1938 2903 amanter
1988 2859 2072 2903 ac
2126 2841 2657 2920 perhumaniter
2704 2858 2987 2903 conces·

514 2947 634 3026 sit,
670 2956 738 3010 et
767 2948 1178 3010 facultatem
1207 2947 1392 3010 hanc
1423 2948 1763 3027 scriptam
1792 2948 1865 3010 in
1897 2948 2153 3010 tabulis
2183 2947 2374 3010 dedit
2404 2957 2473 3010 et
2510 2964 2638 3028 per
2679 2948 2989 3027 compita

524 3055 806 3117 viarum
852 3055 1040 3131 affigi
1073 3055 1314 3135 jussit,
1351 3055 1601 3134 quibus
1630 3055 2081 3134 significabat
2109 3055 2301 3135 quod
2343 3055 2416 3117 in
2468 3073 2553 3117 ea
2594 3054 2880 3117 civitate
2923 3063 2991 3117 et

524 3161 788 3224 ditione
820 3179 981 3240 sua,
1016 3162 1133 3241 qui
1165 3163 1375 3225 vellet
1405 3161 1541 3224 Dei
1572 3163 1803 3240 legem
1831 3163 2226 3242 suscipere,
2263 3163 2332 3224 id
2361 3162 2579 3224 libere
2610 3171 2850 3242 posset
2893 3160 2989 3223 fa·

520 3284 724 3344 cere,
772 3267 1096 3348 quodque
1132 3277 1417 3347 gratum
1458 3270 1591 3348 ipsi
1631 3278 1786 3332 erat
1821 3278 1900 3332 ut
1937 3287 2023 3332 ea
2062 3268 2199 3331 Dei
2240 3271 2355 3331 lex
2395 3268 2988 3331 manifestaretur.

526 3374 830 3455 Injunxit
880 3378 1095 3439 etiam
1144 3376 1442 3440 subditis
1493 3387 1568 3439 ut
1619 3377 1793 3439 nihil
1856 3376 2223 3440 molestiae
2274 3376 2535 3439 nostris
2589 3375 2992 3438 conferrent

528 3483 712 3546 hanc
743 3482 878 3546 Dei
909 3484 1138 3561 legem
1167 3484 1762 3562 praedicantibus,

642 3590 785 3652 501.
872 3589 1085 3653 Dedit
1132 3591 1344 3654 etiam
1397 3590 1907 3654 monasterium
1957 3590 2315 3669 quoddam
2364 3589 2455 3651 ad
2505 3589 2802 3669 Collegii
2847 3606 2988 3651 mo-

525 3698 692 3761 dum
723 3708 798 3761 ut
828 3697 923 3761 ibi
952 3698 1176 3760 nostri
1208 3715 1494 3761 manere
1525 3714 1610 3760 ac
1642 3697 1900 3761 docere
1926 3706 2250 3777 possent3
2284 3705 2353 3760 et
2382 3705 2682 3759 evocato
2707 3715 2797 3759 ex
2820 3697 2992 3758 urbe

526 3805 836 3868 Firando
868 3805 943 3869 P.
971 3805 1229 3868 Cosmo
1258 3805 1635 3883 TurrianO,
1670 3804 1948 3867 firmam
1977 3805 2162 3867 hanc
2205 3804 2494 3867 domum
2523 3804 2746 3867 nostri
2779 3804 2849 3866 in
2878 3802 2989 3883 Ja-

525 3930 709 3993 pone
768 3913 1030 3976 habere
1087 3921 1495 3992 coeperunt.
1558 3911 1737 3975 Cum
1794 3920 2033 3974 autem
2098 3912 2195 3975 ibi
2262 3911 2583 3974 habitare
2641 3911 2993 3992 coepisset

526 4019 602 4082 Ρ.
636 4020 1132 4098 FransciscuS,
1168 4020 1368 4082 multi
1400 4017 1490 4081 ad
1520 4017 1669 4097 ejus
1698 4017 2304 4098 praedicationem
2337 4018 2763 4082 audiendam
2796 4035 2992 4080 acce·

489 4203 493 4208 ,
525 4127 808 4206 debant,
846 4126 1172 4207 quamvis
1203 4126 1513 4207 quotidie
1536 4126 1645 4188 bis
1675 4144 1760 4188 eo
1793 4143 2084 4189 munere
2108 4125 2544 4205 fungeretur3
2581 4125 2995 4187 concionem

525 4241 766 4296 autem
793 4234 1218 4312 sequebatur
1248 4251 1525 4314 semper
1567 4233 1973 4313 disputati0‚
2018 4250 2199 4312 quae
2243 4232 2653 4313 aliquandiu
2693 4231 2996 4294 durabat

528 4357 660 4402 nec
701 4358 956 4420 parum
998 4350 1280 4404 nostros
1333 4341 1750 4421 occupabat.
1806 4341 2273 4404 Confluebant
2312 4339 2403 4402 ad
2441 4339 2573 4401 has
2617 4338 2997 4401 conciones

533 4448 734 4510 multi
764 4448 972 4511 bonzi
1002 4456 1070 4511 et
1099 4449 1368 4511 bonzae
1400 4449 1552 4529 (qui
1582 4466 1711 4528 pro
1741 4447 2097 4526 religiosis
2137 4465 2221 4510 ac
2261 4447 2578 4527 patribus
2619 4444 2994 4525 spirituali-

531 4555 664 4618 bus
694 4556 796 4617 illi
822 4556 1018 4635 genti
1048 4556 1279 4633 sunt),
1315 4557 1515 4619 multi
1542 4556 1758 4618 etiam
1787 4555 2059 4618 nobiles
2084 4562 2152 4616 et
2182 4554 2455 4634 plebeii,
2484 4553 2662 4616 adeo
2692 4561 2798 4628 ut,
2834 4567 2994 4614 cum

531 4663 740 4740 plena
770 4662 1019 4725 domus
1049 4674 1257 4741 esset,
1291 4681 1434 4726 non
1473 4672 1712 4726 tamen
1754 4680 1878 4726 eos
1909 4679 2166 4743 capere
2195 4670 2455 4741 posset.
2499 4659 2853 4723 Plurimae
2895 4659 2993 4721 in-
