3679 5414
705 482 808 541 106
1381 527 1386 531 -
1653 483 1906 544 Cimon.
1952 483 2104 543 Soc.
2147 456 2287 557 Jsss.

821 629 961 691 253.
1051 630 1207 693 Hoc
1248 648 1434 692 anno
1484 632 1740 709 nostri,
1779 632 1898 711 qui
1944 620 2420 693 Salmanticae
2458 630 2956 707 versabantur,
2990 633 3167 694 mul-

700 748 934 800 torum
960 737 1443 800 consessiones
1467 737 1888 817 (augebatur
1913 737 2099 800 enim
2123 726 2458 800 numerus
2477 738 2548 799 in
2573 737 2744 813 dies)
2770 737 3168 817 audierunt3

701 855 770 907 et
802 846 960 907 aliis
992 846 1173 908 alios
1205 846 1700 923 invitantibuS,
1733 844 2067 925 frequens
2092 844 2471 907 admodum
2495 845 3168 909 communicantium

699 969 1041 1014 numerus
1071 952 1261 1014 domi
1290 961 1576 1015 nostrae
1599 962 1784 1031 erat;
1819 953 2147 1032 quamvis
2172 952 2435 1033 aliquid
2460 951 2939 1031 impedimenti
2960 953 3167 1016 inter-

703 1060 977 1122 dictum
1010 1060 1355 1137 attulerit,
1399 1078 1538 1139 quo
1579 1068 1935 1138 cessante,
1979 1060 2341 1122 turmatim
2383 1060 2581 1121 multi
2623 1060 3169 1138 conveniebant;

699 1174 769 1228 et
799 1175 1081 1245 praeter
1111 1184 1263 1241 eOS,
1304 1167 1422 1246 qui
1454 1166 1703 1229 crebro
1729 1165 2266 1245 confitebantur,
2304 1167 2374 1228 in
2404 1166 2602 1228 festis
2626 1166 3169 1229 solemnioribus

698 1274 822 1336 alii
852 1275 1052 1336 multi
1081 1282 1491 1336 nostrorum
1522 1290 1739 1352 opera
1769 1273 2167 1335 utebantur.

818 1380 958 1444 254.
1051 1379 1186 1443 Per
1215 1380 1558 1442 exercitia
1589 1380 1987 1459 spiritualia
2020 1380 2321 1442 accessit
2352 1380 2486 1443 hoc
2522 1392 2707 1442 anno
2739 1379 2829 1442 ad
2859 1378 3164 1443 Societa—

699 1488 791 1549 tis
826 1470 1220 1550 institutum
1252 1485 1325 1548 P.
1375 1487 1433 1549 F
1437 1487 1872 1549 erdinandus
1902 1486 2213 1549 Alvarez
2243 1486 2353 1549 del
2384 1487 2677 1565 Aguila,
2711 1487 2970 1549 nobilis
3001 1488 3164 1550 abu-

697 1595 945 1673 lensis,
1008 1603 1077 1656 et
1133 1592 1207 1655 P.
1271 1592 1700 1673 Pegnalosa3
1761 1603 2056 1672 uterque
2124 1594 2500 1671 theologus
2556 1603 2624 1656 et
2679 1595 3162 1673 concionator,

701 1702 1032 1781 quamvis
1061 1700 1413 1780 posterior
1445 1701 1517 1763 in
1547 1718 1631 1763 eo
1662 1718 1951 1762 munere
1981 1701 2215 1779 magis
2246 1709 2431 1762 esset
2462 1710 2811 1763 versatus

816 1806 956 1870 255.
1046 1808 1224 1870 Cum
1254 1807 1509 1871 Comes
1537 1807 1928 1870 Melitensis
1953 1805 1970 1837 ¹
1994 1816 2063 1869 et
2097 1808 2217 1869 alii
2246 1807 2385 1869 viri
2412 1807 2685 1869 nobiles
2715 1808 3008 1870 toletani
3039 1805 3167 1869 Pa·

641 1972 648 1978 .
699 1925 878 1977 trem
909 1915 1146 1977 Araoz
1178 1914 1699 1978 Provincialem
1730 1924 2111 1993 rogassent
2140 1925 2216 1977 ut
2246 1916 2500 1994 aliquis
2539 1915 2626 1977 de
2654 1914 3008 1978 Societate
3046 1933 3165 1977 no-

700 2033 849 2085 stra
881 2022 1203 2085 Toletum
1234 2022 1638 2100 accederet,
1683 2021 1773 2084 ad
1816 2021 1886 2084 id
1924 2022 2369 2102 potissimum
2408 2029 2485 2084 ut
2523 2022 3166 2102 Archiepiscopum

698 2128 1116 2191 Toletanum
1147 2127 1481 2192 Siliceum
1511 2129 1597 2191 de
1636 2128 2013 2192 Societatis
2056 2130 2374 2192 instituto
2406 2130 2813 2207 instrueret,
2864 2130 3164 2192 destina-

697 2245 809 2299 tus
839 2245 943 2298 est
975 2237 1064 2299 ad
1097 2236 1167 2298 id
1198 2235 1274 2298 P.
1296 2236 1615 2298 Michael
1647 2236 1940 2315 TorreS,
1975 2236 2094 2315 qui
2123 2254 2282 2298 cum
2312 2244 2500 2298 esset
2530 2236 3166 2317 Archiepiscopum

699 2344 1077 2421 allocutuS,
1114 2344 1355 2406 multis
1394 2344 1578 2406 ultro
1621 2343 1942 2423 citroque
1981 2343 2360 2433 disputatis
2397 2343 2764 2422 (diligebat
2802 2345 2989 2406 enim
3027 2343 3155 2406 Ar-

696 2449 1188 2528 chiepiscopus
1218 2449 1292 2512 Ρ.
1344 2449 1608 2513 Torres
1647 2459 1714 2512 et
1758 2467 1892 2512 nec
1936 2450 2008 2512 in
2051 2448 2349 2529 prandio
2389 2467 2519 2512 nec
2564 2450 2635 2511 in
2679 2468 2901 2513 coena
2946 2470 2988 2513 a
3033 2468 3165 2514 sua

695 2574 943 2619 mensa
966 2575 1125 2619 eum
1160 2558 1408 2619 abesse
1438 2556 1862 2636 patiebatur,
1895 2574 2027 2619 nec
2059 2574 2100 2618 a
2131 2557 2617 2636 colloquendO,
2645 2559 2780 2619 nisi
2810 2567 2971 2637 post
2992 2559 3164 2620 mul-

697 2672 843 2726 tam
892 2674 1212 2743 noctem,
1270 2663 1709 2743 dimittebat),
1766 2664 1833 2727 id
1885 2664 2083 2727 visus
2126 2672 2231 2727 est
2276 2664 2362 2726 de
2403 2664 2624 2744 ipsius
2679 2666 2915 2728 animo
2963 2665 3166 2728 colle-

698 2772 923 2850 gisse,
959 2772 1147 2852 quod
1175 2789 1317 2833 non
1349 2772 1894 2852 improbandum
1923 2772 2037 2834 ille
2068 2781 2391 2834 censeret
2423 2772 2819 2835 institutum
2855 2771 3163 2835 Societa-

698 2878 824 2957 tis,
853 2878 978 2941 sed
1008 2876 1159 2957 ejus
1188 2877 1562 2942 facultates
1591 2879 1656 2941 ei
1686 2878 2185 2958 displicebant,
2221 2895 2382 2940 cum
2411 2895 2656 2940 omnes
2684 2877 3165 2941 confessarios

696 3003 740 3046 a
779 2986 1118 3065 praelatis
1170 2986 1686 3048 examinandos
1739 2995 1809 3048 et
1866 2985 2364 3065 approbandos
2414 2995 2766 3063 censeret;
2815 2985 3156 3048 beneficia

693 3093 911 3154 etiam
934 3101 1183 3154 curata
1206 3110 1248 3153 a
1274 3093 1539 3155 nostris
1563 3092 2012 3171 suscipienda
2038 3109 2192 3154 esse
2216 3092 2516 3154 dicebat.
2546 3091 2631 3154 Et
2661 3109 2824 3154 cum
2847 3093 3176 3154 rationes.

694 3199 1021 3262 redderet
1051 3198 1125 3262 P.
1158 3199 1418 3262 Torres
1441 3197 1643 3278 juxta
1675 3200 1974 3261 instituti
2003 3199 2228 3262 nostri
2252 3197 2656 3273 formulam,
2684 3199 3169 3279 unusquisque

695 3323 899 3368 suam
931 3308 1356 3369 sententiam
1385 3307 1692 3369 retinuit.
1730 3306 2146 3369 Admiratus
2168 3315 2404 3368 tamen
2434 3314 2540 3368 est
2563 3304 3171 3385 Archiepiscopus

694 3411 932 3475 Patris
954 3412 1330 3475 Torrensis
1353 3413 1849 3491 constantiam,
1875 3429 2083 3491 quem
2107 3428 2290 3490 cum,
2313 3412 2592 3490 magnis
2614 3411 2957 3474 reditibus
2981 3413 3168 3474 obla-

697 3519 811 3596 tis,
847 3538 889 3581 a
928 3518 1284 3582 Societate
1325 3529 1652 3582 avertere
1691 3521 2065 3596 niteretur,
2101 3518 2481 3581 firmiorem
2512 3519 2582 3580 in
2622 3536 2748 3580 sua
2791 3519 3168 3580 vocatione

700 3643 914 3704 quam
946 3627 1317 3688 invenerat
1359 3626 1819 3705 relinquebat.
1866 3626 1954 3687 Et
1994 3643 2155 3688 cum
2195 3625 2552 3705 quoddam
2595 3625 2977 3704 Virginum
3020 3641 3164 3686 mo·

696 3733 1117 3811 nasterium,
1155 3733 1226 3794 in
1259 3750 1397 3812 quo
1430 3742 1807 3813 antequam
1841 3733 1912 3794 in
1943 3732 2374 3794 matrimonii
2405 3742 2593 3794 statu
2624 3732 3164 3806 collocarentur,

696 3836 849 3918 ejus
878 3840 1216 3918 expensis
1257 3839 1825 3916 instituebantur,
1861 3839 2240 3917 erexisset,
2275 3847 2343 3900 et
2385 3839 2639 3918 opimis
2677 3833 3020 3900 reditibus
3049 3836 3166 3899 do·

696 3954 948 4024 tasset,
1006 3963 1137 4008 nec
1187 3946 1345 4007 aliis
1401 3946 1691 4024 perinde
1731 3962 1815 4007 ac
1851 3946 2117 4008 nostris
2156 3943 2306 4024 ejus
2353 3962 2601 4008 curam
2641 3954 2791 4006 tuto
2832 3962 2907 4007 se
2957 3960 3169 4024 posse

702 4053 1143 4115 committere
1176 4052 1538 4126 crederet,
1572 4053 1662 4114 ad
1701 4051 1851 4132 ejus
1885 4070 2130 4115 curam
2174 4052 2696 4131 suscipiendam
2738 4051 3164 4114 Torrensem

697 4158 1237 4221 adhortabatur.
1273 4158 1432 4220 Non
1461 4168 1700 4221 tamen
1727 4160 1797 4222 id
1829 4177 2008 4222 onus
2036 4159 2478 4222 subeundum
2506 4161 2771 4222 nostris
2795 4169 2969 4222 erat.
3005 4157 3166 4236 Sed,

694 4426 797 4463 stet
832 4421 1005 4466 Patris
1040 4423 1253 4466 Antonii
1290 4423 1481 4476 Araoz,
1517 4423 1695 4467 eodem
1730 4435 1919 4477 mense;
1955 4422 2189 4477 Ignatius
2220 4423 2469 4467 Dominae
2501 4422 2842 4466 Elisabethae
2879 4421 3056 4474 Roser,
3081 4433 3170 4476 np-

691 4493 917 4546 probans
954 4495 1065 4549 ejus
1105 4496 1155 4538 in
1195 4495 1498 4548 religionem
1546 4496 1833 4549 ingressum
1872 4502 1923 4538 et
1962 4506 2016 4538 se
2057 4495 2417 4538 commendans
2464 4494 2778 4537 Abbatissae
2825 4494 3169 4538 Elisabethne

692 4562 892 4606 Durala
913 4564 1168 4618 (Duram),
1191 4567 1218 4609 2
1240 4565 1577 4620 Septembris.

798 4635 815 4666 ¹
874 4635 929 4678 Id
951 4645 1046 4688 est,
1069 4649 1166 4681 non
1187 4638 1252 4681 de
1273 4637 1473 4691 Malta,
1493 4639 1583 4682 sed
1608 4639 1674 4682 de
1696 4638 1896 4682 Helico.
1929 4639 2062 4682 Vide
2107 4639 2296 4682 cartas
2324 4638 2389 4680 de
2422 4636 2532 4679 San
2565 4636 2784 4689 Ignacm
2812 4639 3008 4692 passim
3034 4671 3045 4691 ,
3079 4639 3172 4686 sed

689 4707 971 4761 praecipue
994 4710 1259 4753 volumina
1281 4720 1353 4763 m,
1387 4720 1441 4752 iv
1471 4716 1523 4752 et
1555 4721 1605 4752 v.
