3679 5414
734 453 849 511 402
963 429 967 435 ’
1654 453 1908 514 Cimon.
1951 454 2105 513 Soc.
2149 455 2290 527 με.

737 600 1112 663 redeuntes
1159 599 1511 663 divertere
1561 600 1938 679 debebant,
1995 602 2380 664 convenire
2430 599 2769 663 Societati
2820 600 3071 664 domus
3119 620 3208 664 ea

737 708 1131 770 videbatur.
1164 708 1493 770 Vacabat
1530 716 1766 773 autem
1805 707 1881 771 P.
1927 708 2386 786 FranciscuS,
2420 717 2704 788 praeter
2745 707 2929 770 hanc
2974 708 3214 772 aedifi-v

738 815 1090 877 cationem
1120 814 1450 894 Collegii‚
1499 814 1929 878 christianae
1973 815 2338 878 doctrinae
2384 816 2883 895 explicandae,
2931 825 3002 879 et
3046 834 3208 879 con—

737 921 1159 984 fessionibus
1191 922 1588 998 audiendis;
1624 931 1693 984 et
1722 922 2003 984 interim
2034 923 2121 984 ab
2154 921 2631 1001 aegritudine,
2666 940 2805 1002 qua
2828 923 2998 985 alibi
3018 923 3210 986 labo·

739 1030 972 1109 rabat,
1016 1048 1099 1092 eo
1141 1031 1212 1091 in
1253 1030 1411 1092 loco
1454 1030 1541 1092 ob
1581 1029 2048 1092 salubriorem
2088 1036 2327 1092 aerem
2367 1029 2541 1091 liber
2577 1029 2919 1109 paulatim
2970 1029 3207 1104 fiebat;

737 1137 915 1199 situs
946 1146 1098 1199 erat
1124 1134 1328 1215 juxta
1357 1154 1585 1216 mare,
1621 1154 1995 1199 amoenum
2026 1135 2405 1198 admodum
2427 1135 2701 1198 habens
2722 1146 3208 1216 prospectum,

733 1222 805 1305 et
836 1244 1176 1323 templum
1205 1243 1454 1305 Matris
1485 1242 1618 1305 Dei
1645 1243 2020 1323 pulchrum
2049 1252 2118 1304 et
2151 1242 2600 1305 commodum
2644 1251 2832 1320 erat,
2867 1252 2936 1304 et
2965 1260 3208 1323 quam·

739 1351 848 1413 vis
908 1349 1166 1412 offendi
1224 1359 1557 1430 coeperat
1613 1352 1915 1430 populus
1968 1350 2155 1428 quod
2202 1350 2407 1411 vicus
2460 1349 2746 1429 quidam
2797 1367 2840 1411 a
2891 1351 3209 1413 civitatis

734 1458 1243 1536 gubernatore,
1276 1458 1614 1534 lusitanO,
1651 1456 1965 1536 Collegio
1997 1456 2391 1535 applicatus
2421 1455 2665 1536 fuerit,
2711 1455 3203 1520 offendiculum

737 1582 981 1627 eorum
1012 1565 1342 1642 cessavit,
1378 1582 1539 1626 cum
1566 1564 1720 1626 Rex
1749 1563 2232 1641 Portugalliae
2256 1563 2529 1625 civitati
2553 1562 2975 1641 scripsisset,
3016 1565 3204 1643 quod

735 1681 1150 1750 pergratum
1179 1671 1310 1734 sibi
1340 1670 1571 1734 fuerat
1602 1670 2031 1733 intellexisse
2070 1671 2157 1732 de
2195 1670 2329 1732 hoc
2371 1670 2466 1732 ibi
2509 1670 2827 1732 instituto
2858 1669 3197 1749 CollegiO,

736 1787 804 1840 et
834 1778 1060 1841 eidem
1093 1778 1656 1840 commendasset
1684 1787 1760 1841 ut
1792 1764 1979 1858 quod
2011 1777 2418 1839 inchoatum
2450 1775 2681 1839 fuerat
2721 1794 2896 1856 opus
2927 1794 3206 1856 promo·

736 1895 1005 1948 verent.
1055 1885 1369 1966 Cumque
1407 1883 1730 1963 Pro-regi
1778 1885 1993 1947 etiam
2033 1884 2436 1963 scripsisset
2467 1892 2542 1945 ut
2573 1883 2973 1945 absolveret
3015 1885 3201 1964 quod

735 2003 1062 2072 coeptum
1092 2003 1275 2071 erat,
1309 2002 1377 2055 et
1408 2001 1819 2054 contentum
1849 2009 1925 2053 se
1956 1990 2108 2053 fore
2147 1998 2223 2053 ut
2270 2009 2358 2053 ex
2399 1999 2701 2069 quatuor
2746 1990 3050 2053 millibus
3079 1991 3198 2053 du·

735 2108 1057 2162 catorum
1087 2099 1302 2162 annui
1332 2098 1599 2161 reditus
1632 2097 1900 2161 Goensi
1930 2097 2245 2175 Collegio
2277 2097 2677 2177 applicatiS,
2721 2097 2908 2159 mille
2927 2098 3208 2175 pardai

734 2208 860 2286 (sic
898 2216 1162 2270 vocant
1204 2206 1578 2286 pecuniam
1621 2223 1838 2268 aureo
1885 2204 2140 2266 ducato
2184 2206 2394 2284 paulo
2436 2203 2901 2283 inferiorem),
2952 2203 3197 2267 Cochi-

730 2316 932 2379 nensi
989 2314 1305 2393 Collegio
1364 2313 1921 2393 applicarentur,
1985 2329 2097 2374 res
2154 2311 2338 2373 illius
2396 2328 2716 2373 crescere
2785 2319 3189 2390 coeperunt.

730 2423 907 2486 Cum
939 2431 1175 2485 autem
1203 2423 1384 2484 inter
1415 2421 1593 2483 alios
1620 2420 1697 2483 Ρ.
1731 2418 2088 2482 Antonius
2113 2418 2423 2480 Heredia
2444 2417 2578 2479 hoc
2601 2426 2940 2480 autumno
2965 2417 3202 2481 Goam

732 2531 1154 2611 appulisset,
1189 2527 1697 2607 huicCollegio
1722 2526 2149 2589 Cochinensi
2180 2543 2222 2587 a
2252 2524 2328 2587 P.
2363 2523 2585 2587 Paulo
2632 2524 3031 2605 praefectus
3061 2534 3188 2588 est.

849 2636 989 2699 478.
1078 2635 1610 2700 Conveniebant
1648 2643 1932 2697 centurn
1977 2642 2045 2695 et
2087 2633 2601 2714 quinquaginta
2633 2633 2861 2713 pueri,
2896 2642 2971 2695 ut
3002 2633 3191 2696 insti·

730 2754 1094 2808 tuerentur
1124 2745 1195 2806 in
1225 2744 1358 2807 hoc
1392 2742 1739 2820 Collegio,
1774 2741 1893 2820 qui
1922 2740 2181 2820 partim
2222 2740 2688 2803 lusitanorum
2716 2741 2976 2819 partim
3005 2740 3200 2804 indo-

728 2871 884 2916 rum
926 2852 1048 2915 filii
1086 2860 1319 2926 erant,
1361 2867 1538 2930 quos
1577 2849 1832 2927 nostri,
1879 2848 2207 2927 quamvis
2249 2848 2487 2926 legere
2538 2856 2606 2909 et
2651 2848 2962 2910 scribere
2992 2848 3198 2912 doce·

727 2961 928 3038 bant,
969 2968 1207 3022 tamen
1245 2958 1314 3020 id
1365 2959 1558 3018 velut
1609 2973 1776 3018 esca
1824 2954 2173 3034 quaedam
2224 2953 2408 3033 erat,
2464 2963 2538 3016 ut
2588 2952 2678 3016 ad
2728 2954 3200 3017 christianam

727 3067 1123 3131 doctrinam
1180 3076 1249 3128 et
1306 3082 1540 3128 mores
1598 3061 2066 3125 addiscendos
2125 3061 2606 3138 allicerentur3
2669 3062 2959 3140 alioqui,
3022 3079 3186 3125 cum

729 3178 1020 3239 multum
1050 3174 1141 3237 ad
1184 3175 1586 3252 voluptates
1626 3181 1695 3233 et
1732 3170 1940 3248 vitia,
1974 3178 2044 3232 et
2073 3169 2163 3231 ad
2193 3170 2530 3231 virtutem
2569 3187 2821 3248 parum
2861 3187 3191 3250 propensi

727 3292 996 3362 essent,
1028 3283 1153 3344 vix
1185 3281 1567 3362 quidquam
1597 3278 1761 3340 boni
1792 3277 1882 3338 ab
1912 3276 2013 3339 eis
2043 3276 2317 3356 sperari
2354 3276 2722 3355 potuisset.
2757 3276 2903 3339 Nec
2935 3277 3188 3340 medio·

727 3393 868 3455 cris
898 3399 1051 3454 erat
1080 3389 1378 3465 fructuS,
1414 3387 1532 3465 qui
1577 3403 1667 3447 ex
1712 3384 1823 3446 his
1865 3383 2101 3463 pueris
2143 3383 2698 3463 percipiebatur,
2744 3402 2905 3446 cum
2941 3383 3074 3463 ipsi
3107 3385 3194 3446 'in

727 3500 872 3562 suis
902 3497 1222 3561 domibus
1253 3494 1573 3557 eamdem
1604 3490 2065 3554 christianam
2095 3489 2492 3553 doctrinam
2524 3508 2773 3552 servos
2804 3500 2870 3553 et
2894 3473 3188 3553 ancillas

727 3607 1091 3683 docerent,
1127 3604 1212 3666 de
1235 3599 1655 3681 juramentis
1684 3616 1824 3660 non
1865 3596 2222 3684 faciendis¹
2254 3596 2976 3672 commonefacerent,
3021 3615 3187 3660 suos

724 3714 939 3775 etiam
967 3718 1299 3792 parentes
1330 3706 1418 3770 ad
1451 3705 1969 3768 confessionem
1999 3704 2405 3781 incitarent,
2442 3721 2605 3766 cum
2642 3705 2838 3784 prius
2868 3704 3190 3786 blasphe-

723 3822 907 3884 miae
937 3818 1145 3882 valde
1175 3822 1561 3895 regnarent
1591 3814 1775 3875 inter
1805 3829 1950 3874 eos.
1986 3810 2227 3889 Aliqui
2276 3828 2366 3873 ex
2403 3812 2507 3873 eis
2545 3812 2814 3890 pueris,
2861 3829 3038 3892 quos
3066 3830 3189 3893 pa—

722 3937 961 3990 rentes
1010 3924 1214 3988 idolis
1258 3922 1687 3999 obtulerant,
1741 3919 1813 3981 in
1864 3918 2202 3981 ultionem
2252 3917 2439 3980 idola
2479 3918 2615 3997 ipsi
2652 3919 3187 3998 comburebant,

723 4053 884 4097 cum
913 4033 1189 4114 publice
1220 4030 1416 4110 prius
1444 4045 1571 4108 per
1602 4025 1980 4106 quemdam
2011 4026 2247 4087 vicum
2277 4025 2643 4104 gentilium
2667 4044 2750 4088 ea
2775 4026 3178 4088 traxissent.

722 4141 1086 4205 Canebant
1134 4139 1348 4200 etiam
1388 4136 1460 4198 in
1507 4134 1810 4197 ecclesia
1862 4132 2205 4212 hymnum
2256 4130 2506 4209 Salve,
2562 4132 2854 4209 Regina
2892 4141 2960 4195 et
3005 4133 3191 4194 alios

720 4266 972 4312 versus
1014 4248 1084 4310 in
1126 4246 1472 4308 honorem
1522 4241 1600 4304 B.
1645 4239 2003 4318 VirginiS,
2051 4256 2258 4317 quem
2298 4256 2568 4301 morem
2607 4239 2806 4318 pueri
2857 4238 3179 4319 orphani,

718 4357 838 4438 qui
868 4373 1028 4419 cum
1057 4353 1133 4416 P.
1168 4352 1474 4414 Morales
1503 4349 1637 4410 hoc
1662 4364 1849 4409 anno
1880 4354 2264 4422 venerunt,
2301 4346 2755 4424 induxerunt;
2792 4356 2860 4409 et
2890 4349 3182 4409 multum

719 4459 1229 4528 aedificationis
1258 4457 1790 4537 praestiterunt.
1827 4452 2363 4516 Confitebantur
2395 4453 2644 4516 crebro
2675 4454 2888 4516 etiam
2918 4454 2991 4516 hi
3021 4471 3182 4533 pue·

717 4573 778 4634 ri
817 4581 886 4634 et
929 4569 1215 4633 litanias
1254 4563 1560 4646 quotidie
1592 4570 1880 4642 propter
1911 4561 2155 4623 varias
2183 4559 2645 4623 necessitates
2678 4562 3176 4639 decantabant,

712 4679 966 4758 quibus
1006 4673 1376 4747 absolutiS,
1420 4670 1510 4732 ad
1553 4686 1844 4731 suorum
1884 4675 2256 4747 parentum
2296 4666 2542 4730 domos
2582 4687 2656 4730 se
2697 4668 3178 4731 conferebant.
