<?xml version="1.0" encoding="UTF-8"?>
<!DOCTYPE html PUBLIC "-//W3C//DTD XHTML 1.0 Transitional//EN"
    "http://www.w3.org/TR/xhtml1/DTD/xhtml1-transitional.dtd">
<html xmlns="http://www.w3.org/1999/xhtml" xml:lang="en" lang="en">
 <head>
  <title>
</title>
<meta http-equiv="Content-Type" content="text/html;charset=utf-8" />
  <meta name='ocr-system' content='tesseract 3.04.00' />
  <meta name='ocr-capabilities' content='ocr_page ocr_carea ocr_par ocr_line ocrx_word'/>
</head>
<body>
  <div class='ocr_page' id='page_1' title='image "./vitaignatiiloio03polagoog_0564.png"; bbox 0 0 3679 5414; ppageno 0'>
   <div class='ocr_carea' id='block_1_1' title="bbox 690 476 2224 550">
    <p class='ocr_par' dir='ltr' id='par_1_1' title="bbox 690 476 2224 550">
     <span class='ocr_line' id='line_1_1' title="bbox 690 476 2224 550; baseline -0.001 -15"><span class='ocrx_word' id='word_1_1' title='bbox 690 478 803 535; x_wconf 79' lang='lat'>558</span> <span class='ocrx_word' id='word_1_2' title='bbox 1596 476 1848 536; x_wconf 60' lang='lat' dir='ltr'>Canon.</span> <span class='ocrx_word' id='word_1_3' title='bbox 1891 476 2043 536; x_wconf 75' lang='lat' dir='ltr'>soe.</span> <span class='ocrx_word' id='word_1_4' title='bbox 2086 477 2224 550; x_wconf 68' lang='lat' dir='ltr'>Jsss.</span> 
     </span>
    </p>
   </div>
   <div class='ocr_carea' id='block_1_2' title="bbox 673 622 3144 4451">
    <p class='ocr_par' dir='ltr' id='par_1_2' title="bbox 673 622 3141 919">
     <span class='ocr_line' id='line_1_2' title="bbox 684 622 3140 702; baseline -0 -16"><span class='ocrx_word' id='word_1_5' title='bbox 684 623 1057 702; x_wconf 82' lang='lat' dir='ltr'>Agebatur</span> <span class='ocrx_word' id='word_1_6' title='bbox 1089 623 1302 686; x_wconf 89' lang='lat' dir='ltr'>etiam</span> <span class='ocrx_word' id='word_1_7' title='bbox 1332 623 1417 685; x_wconf 92' lang='lat' dir='ltr'>de</span> <span class='ocrx_word' id='word_1_8' title='bbox 1443 622 1780 702; x_wconf 85' lang='lat' dir='ltr'>Collegiis</span> <span class='ocrx_word' id='word_1_9' title='bbox 1809 622 1899 685; x_wconf 90' lang='lat' dir='ltr'>ad</span> <span class='ocrx_word' id='word_1_10' title='bbox 1930 624 2214 685; x_wconf 91' lang='lat' dir='ltr'>modum</span> <span class='ocrx_word' id='word_1_11' title='bbox 2243 623 2651 686; x_wconf 81' lang='lat' dir='ltr'>Germanici</span> <span class='ocrx_word' id='word_1_12' title='bbox 2673 623 3140 699; x_wconf 85' lang='lat' dir='ltr'>instituendis,</span> 
     </span>
     <span class='ocr_line' id='line_1_3' title="bbox 673 729 3141 810; baseline 0 -18"><span class='ocrx_word' id='word_1_13' title='bbox 673 748 859 810; x_wconf 90' lang='lat' dir='ltr'>quae</span> <span class='ocrx_word' id='word_1_14' title='bbox 890 730 1270 792; x_wconf 91' lang='lat' dir='ltr'>seminaria</span> <span class='ocrx_word' id='word_1_15' title='bbox 1301 738 1536 792; x_wconf 84' lang='lat' dir='ltr'>essent</span> <span class='ocrx_word' id='word_1_16' title='bbox 1577 731 1999 793; x_wconf 89' lang='lat' dir='ltr'>clericorum</span> <span class='ocrx_word' id='word_1_17' title='bbox 2038 730 2252 792; x_wconf 91' lang='lat' dir='ltr'>totius</span> <span class='ocrx_word' id='word_1_18' title='bbox 2291 729 2526 809; x_wconf 86' lang='lat' dir='ltr'>regni;</span> <span class='ocrx_word' id='word_1_19' title='bbox 2569 729 2694 792; x_wconf 90' lang='lat' dir='ltr'>sed</span> <span class='ocrx_word' id='word_1_20' title='bbox 2733 739 2882 792; x_wconf 90' lang='lat' dir='ltr'>tam</span> <span class='ocrx_word' id='word_1_21' title='bbox 2923 731 3141 793; x_wconf 87' lang='lat' dir='ltr'>multa</span> 
     </span>
     <span class='ocr_line' id='line_1_4' title="bbox 681 835 2363 919; baseline -0.001 -18"><span class='ocrx_word' id='word_1_22' title='bbox 681 839 1013 919; x_wconf 84' lang='lat' dir='ltr'>amplecti</span> <span class='ocrx_word' id='word_1_23' title='bbox 1042 855 1259 918; x_wconf 91' lang='lat' dir='ltr'>opera</span> <span class='ocrx_word' id='word_1_24' title='bbox 1289 835 1610 900; x_wconf 82' lang='lat' dir='ltr'>Societas</span> <span class='ocrx_word' id='word_1_25' title='bbox 1641 847 1809 900; x_wconf 90' lang='lat' dir='ltr'>tunc</span> <span class='ocrx_word' id='word_1_26' title='bbox 1839 856 1981 900; x_wconf 91' lang='lat' dir='ltr'>non</span> <span class='ocrx_word' id='word_1_27' title='bbox 2011 846 2288 917; x_wconf 88' lang='lat' dir='ltr'>poterat</span> <span class='ocrx_word' id='word_1_28' title='bbox 2323 835 2363 900; x_wconf 89' lang='lat'>¹.</span> 
     </span>
    </p>

    <p class='ocr_par' dir='ltr' id='par_1_3' title="bbox 676 942 3144 2309">
     <span class='ocr_line' id='line_1_5' title="bbox 800 942 3142 1025; baseline 0 -17"><span class='ocrx_word' id='word_1_29' title='bbox 800 944 941 1008; x_wconf 80' lang='lat'>348.</span> <span class='ocrx_word' id='word_1_30' title='bbox 1029 944 1248 1008; x_wconf 90' lang='lat' dir='ltr'>Venit</span> <span class='ocrx_word' id='word_1_31' title='bbox 1292 947 1364 1007; x_wconf 93' lang='lat' dir='ltr'>in</span> <span class='ocrx_word' id='word_1_32' title='bbox 1412 943 1727 1008; x_wconf 88' lang='lat' dir='ltr'>Siciliam</span> <span class='ocrx_word' id='word_1_33' title='bbox 1776 944 2127 1008; x_wconf 89' lang='lat' dir='ltr'>Dominus</span> <span class='ocrx_word' id='word_1_34' title='bbox 2175 943 2525 1007; x_wconf 87' lang='lat' dir='ltr'>Sanchius</span> <span class='ocrx_word' id='word_1_35' title='bbox 2565 942 2651 1007; x_wconf 92' lang='lat' dir='ltr'>de</span> <span class='ocrx_word' id='word_1_36' title='bbox 2695 946 2979 1025; x_wconf 81' lang='lat' dir='ltr'>Leyva,</span> <span class='ocrx_word' id='word_1_37' title='bbox 3026 948 3142 1025; x_wconf 90' lang='lat' dir='ltr'>qui</span> 
     </span>
     <span class='ocr_line' id='line_1_6' title="bbox 682 1050 3140 1133; baseline -0 -17"><span class='ocrx_word' id='word_1_38' title='bbox 682 1052 1038 1133; x_wconf 85' lang='lat' dir='ltr'>praesidio</span> <span class='ocrx_word' id='word_1_39' title='bbox 1078 1050 1368 1115; x_wconf 86' lang='lat' dir='ltr'>Africae</span> <span class='ocrx_word' id='word_1_40' title='bbox 1410 1061 1773 1132; x_wconf 84' lang='lat' dir='ltr'>praeerat,</span> <span class='ocrx_word' id='word_1_41' title='bbox 1818 1061 1887 1115; x_wconf 93' lang='lat' dir='ltr'>et</span> <span class='ocrx_word' id='word_1_42' title='bbox 1916 1052 2260 1115; x_wconf 90' lang='lat' dir='ltr'>seditione</span> <span class='ocrx_word' id='word_1_43' title='bbox 2289 1051 2588 1115; x_wconf 90' lang='lat' dir='ltr'>militum</span> <span class='ocrx_word' id='word_1_44' title='bbox 2616 1053 2952 1131; x_wconf 86' lang='lat' dir='ltr'>expulsus</span> <span class='ocrx_word' id='word_1_45' title='bbox 2981 1052 3140 1115; x_wconf 88' lang='lat' dir='ltr'>inde</span> 
     </span>
     <span class='ocr_line' id='line_1_7' title="bbox 681 1158 3144 1240; baseline -0 -17"><span class='ocrx_word' id='word_1_46' title='bbox 681 1161 837 1224; x_wconf 91' lang='lat' dir='ltr'>sine</span> <span class='ocrx_word' id='word_1_47' title='bbox 892 1161 1036 1223; x_wconf 92' lang='lat' dir='ltr'>ulla</span> <span class='ocrx_word' id='word_1_48' title='bbox 1075 1177 1206 1223; x_wconf 89' lang='lat' dir='ltr'>sua</span> <span class='ocrx_word' id='word_1_49' title='bbox 1247 1161 1488 1239; x_wconf 91' lang='lat' dir='ltr'>culpa,</span> <span class='ocrx_word' id='word_1_50' title='bbox 1544 1169 1612 1223; x_wconf 93' lang='lat' dir='ltr'>et</span> <span class='ocrx_word' id='word_1_51' title='bbox 1651 1158 2059 1240; x_wconf 86' lang='lat' dir='ltr'>praefectus</span> <span class='ocrx_word' id='word_1_52' title='bbox 2105 1159 2461 1238; x_wconf 86' lang='lat' dir='ltr'>generalis</span> <span class='ocrx_word' id='word_1_53' title='bbox 2505 1159 2895 1222; x_wconf 88' lang='lat' dir='ltr'>triremium</span> <span class='ocrx_word' id='word_1_54' title='bbox 2943 1161 3144 1238; x_wconf 85' lang='lat' dir='ltr'>regni</span> 
     </span>
     <span class='ocr_line' id='line_1_8' title="bbox 682 1265 3138 1348; baseline -0.001 -17"><span class='ocrx_word' id='word_1_55' title='bbox 682 1267 1022 1348; x_wconf 87' lang='lat' dir='ltr'>Neapolis</span> <span class='ocrx_word' id='word_1_56' title='bbox 1070 1267 1162 1330; x_wconf 90' lang='lat' dir='ltr'>ab</span> <span class='ocrx_word' id='word_1_57' title='bbox 1202 1268 1637 1346; x_wconf 89' lang='lat' dir='ltr'>Imperatore</span> <span class='ocrx_word' id='word_1_58' title='bbox 1677 1275 1962 1329; x_wconf 90' lang='lat' dir='ltr'>creatus</span> <span class='ocrx_word' id='word_1_59' title='bbox 2002 1265 2253 1329; x_wconf 89' lang='lat' dir='ltr'>suerat.</span> <span class='ocrx_word' id='word_1_60' title='bbox 2298 1266 2797 1346; x_wconf 88' lang='lat' dir='ltr'>Expostulavit</span> <span class='ocrx_word' id='word_1_61' title='bbox 2834 1266 2948 1329; x_wconf 89' lang='lat' dir='ltr'>hic</span> <span class='ocrx_word' id='word_1_62' title='bbox 2980 1284 3138 1328; x_wconf 90' lang='lat' dir='ltr'>cum</span> 
     </span>
     <span class='ocr_line' id='line_1_9' title="bbox 684 1372 3139 1453; baseline -0.001 -15"><span class='ocrx_word' id='word_1_63' title='bbox 684 1375 759 1438; x_wconf 91' lang='lat' dir='ltr'>P.</span> <span class='ocrx_word' id='word_1_64' title='bbox 796 1374 1033 1438; x_wconf 90' lang='lat' dir='ltr'>Natali</span> <span class='ocrx_word' id='word_1_65' title='bbox 1071 1372 1255 1453; x_wconf 93' lang='lat' dir='ltr'>quod</span> <span class='ocrx_word' id='word_1_66' title='bbox 1297 1392 1338 1436; x_wconf 93' lang='lat' dir='ltr'>a</span> <span class='ocrx_word' id='word_1_67' title='bbox 1377 1392 1453 1436; x_wconf 89' lang='lat' dir='ltr'>se</span> <span class='ocrx_word' id='word_1_68' title='bbox 1493 1391 1584 1437; x_wconf 84' lang='lat' dir='ltr'>ex</span> <span class='ocrx_word' id='word_1_69' title='bbox 1616 1373 1865 1436; x_wconf 88' lang='lat' dir='ltr'>Africa</span> <span class='ocrx_word' id='word_1_70' title='bbox 1902 1373 2347 1452; x_wconf 82' lang='lat' dir='ltr'>recessisset3</span> <span class='ocrx_word' id='word_1_71' title='bbox 2395 1373 2521 1436; x_wconf 91' lang='lat' dir='ltr'>sed</span> <span class='ocrx_word' id='word_1_72' title='bbox 2559 1390 2895 1452; x_wconf 85' lang='lat' dir='ltr'>magnam</span> <span class='ocrx_word' id='word_1_73' title='bbox 2937 1373 3001 1436; x_wconf 93' lang='lat' dir='ltr'>ei</span> <span class='ocrx_word' id='word_1_74' title='bbox 3030 1373 3139 1436; x_wconf 92' lang='lat' dir='ltr'>be-</span> 
     </span>
     <span class='ocr_line' id='line_1_10' title="bbox 683 1480 3138 1560; baseline -0 -16"><span class='ocrx_word' id='word_1_75' title='bbox 683 1481 1166 1545; x_wconf 88' lang='lat' dir='ltr'>nevolentiam</span> <span class='ocrx_word' id='word_1_76' title='bbox 1188 1481 1598 1560; x_wconf 82' lang='lat' dir='ltr'>ostendenS,</span> <span class='ocrx_word' id='word_1_77' title='bbox 1633 1480 1864 1543; x_wconf 91' lang='lat' dir='ltr'>eidem</span> <span class='ocrx_word' id='word_1_78' title='bbox 1894 1480 2212 1544; x_wconf 90' lang='lat' dir='ltr'>confiteri</span> <span class='ocrx_word' id='word_1_79' title='bbox 2243 1480 2467 1543; x_wconf 82' lang='lat' dir='ltr'>voluit</span> <span class='ocrx_word' id='word_1_80' title='bbox 2499 1488 2568 1543; x_wconf 93' lang='lat' dir='ltr'>et</span> <span class='ocrx_word' id='word_1_81' title='bbox 2608 1497 2943 1559; x_wconf 86' lang='lat' dir='ltr'>magnam</span> <span class='ocrx_word' id='word_1_82' title='bbox 2967 1481 3138 1543; x_wconf 86' lang='lat' dir='ltr'>elee-</span> 
     </span>
     <span class='ocr_line' id='line_1_11' title="bbox 685 1586 3140 1668; baseline -0 -18"><span class='ocrx_word' id='word_1_83' title='bbox 685 1605 1060 1668; x_wconf 89' lang='lat' dir='ltr'>mosynam</span> <span class='ocrx_word' id='word_1_84' title='bbox 1103 1604 1228 1666; x_wconf 92' lang='lat' dir='ltr'>per</span> <span class='ocrx_word' id='word_1_85' title='bbox 1276 1605 1435 1650; x_wconf 92' lang='lat' dir='ltr'>eum</span> <span class='ocrx_word' id='word_1_86' title='bbox 1494 1587 1892 1667; x_wconf 87' lang='lat' dir='ltr'>dispensari</span> <span class='ocrx_word' id='word_1_87' title='bbox 1941 1587 2184 1650; x_wconf 85' lang='lat' dir='ltr'>voluit.</span> <span class='ocrx_word' id='word_1_88' title='bbox 2240 1586 2502 1650; x_wconf 90' lang='lat' dir='ltr'>Missus</span> <span class='ocrx_word' id='word_1_89' title='bbox 2552 1596 2786 1650; x_wconf 91' lang='lat' dir='ltr'>autem</span> <span class='ocrx_word' id='word_1_90' title='bbox 2833 1588 2961 1650; x_wconf 89' lang='lat' dir='ltr'>suit</span> <span class='ocrx_word' id='word_1_91' title='bbox 3013 1588 3140 1651; x_wconf 90' lang='lat' dir='ltr'>sub</span> 
     </span>
     <span class='ocr_line' id='line_1_12' title="bbox 681 1692 3140 1775; baseline -0 -17"><span class='ocrx_word' id='word_1_92' title='bbox 681 1695 869 1758; x_wconf 90' lang='lat' dir='ltr'>idem</span> <span class='ocrx_word' id='word_1_93' title='bbox 896 1704 1174 1775; x_wconf 90' lang='lat' dir='ltr'>tempus</span> <span class='ocrx_word' id='word_1_94' title='bbox 1203 1695 1347 1757; x_wconf 83' lang='lat' dir='ltr'>dux</span> <span class='ocrx_word' id='word_1_95' title='bbox 1377 1695 1666 1774; x_wconf 91' lang='lat' dir='ltr'>quidam</span> <span class='ocrx_word' id='word_1_96' title='bbox 1694 1694 1765 1757; x_wconf 91' lang='lat' dir='ltr'>in</span> <span class='ocrx_word' id='word_1_97' title='bbox 1797 1694 2118 1757; x_wconf 86' lang='lat' dir='ltr'>Africam</span> <span class='ocrx_word' id='word_1_98' title='bbox 2147 1713 2189 1757; x_wconf 88' lang='lat' dir='ltr'>a</span> <span class='ocrx_word' id='word_1_99' title='bbox 2219 1692 2556 1773; x_wconf 86' lang='lat' dir='ltr'>Pro-rege</span> <span class='ocrx_word' id='word_1_100' title='bbox 2588 1704 2661 1757; x_wconf 90' lang='lat' dir='ltr'>ut</span> <span class='ocrx_word' id='word_1_101' title='bbox 2699 1712 2857 1757; x_wconf 88' lang='lat' dir='ltr'>eam</span> <span class='ocrx_word' id='word_1_102' title='bbox 2896 1696 3140 1757; x_wconf 90' lang='lat' dir='ltr'>urbem</span> 
     </span>
     <span class='ocr_line' id='line_1_13' title="bbox 676 1799 3138 1877; baseline -0 -12"><span class='ocrx_word' id='word_1_103' title='bbox 676 1811 1064 1876; x_wconf 89' lang='lat' dir='ltr'>everteret;</span> <span class='ocrx_word' id='word_1_104' title='bbox 1094 1810 1165 1864; x_wconf 89' lang='lat' dir='ltr'>et</span> <span class='ocrx_word' id='word_1_105' title='bbox 1197 1801 1374 1864; x_wconf 83' lang='lat' dir='ltr'>dixit</span> <span class='ocrx_word' id='word_1_106' title='bbox 1399 1801 1473 1864; x_wconf 89' lang='lat' dir='ltr'>P.</span> <span class='ocrx_word' id='word_1_107' title='bbox 1500 1799 1738 1864; x_wconf 88' lang='lat' dir='ltr'>Natali</span> <span class='ocrx_word' id='word_1_108' title='bbox 1767 1802 1949 1864; x_wconf 90' lang='lat' dir='ltr'>velle</span> <span class='ocrx_word' id='word_1_109' title='bbox 1979 1819 2054 1863; x_wconf 87' lang='lat' dir='ltr'>se</span> <span class='ocrx_word' id='word_1_110' title='bbox 2085 1811 2159 1863; x_wconf 93' lang='lat' dir='ltr'>ut</span> <span class='ocrx_word' id='word_1_111' title='bbox 2190 1819 2354 1864; x_wconf 89' lang='lat' dir='ltr'>ossa</span> <span class='ocrx_word' id='word_1_112' title='bbox 2383 1802 2849 1877; x_wconf 91' lang='lat' dir='ltr'>tribunorum,</span> <span class='ocrx_word' id='word_1_113' title='bbox 2882 1800 3138 1865; x_wconf 90' lang='lat' dir='ltr'>ducum</span> 
     </span>
     <span class='ocr_line' id='line_1_14' title="bbox 677 1907 3141 1998; baseline -0 -26"><span class='ocrx_word' id='word_1_114' title='bbox 677 1919 751 1972; x_wconf 90' lang='lat' dir='ltr'>et</span> <span class='ocrx_word' id='word_1_115' title='bbox 783 1909 1082 1972; x_wconf 91' lang='lat' dir='ltr'>aliorum</span> <span class='ocrx_word' id='word_1_116' title='bbox 1111 1909 1612 1989; x_wconf 88' lang='lat' dir='ltr'>primariorum</span> <span class='ocrx_word' id='word_1_117' title='bbox 1640 1908 1964 1986; x_wconf 85' lang='lat' dir='ltr'>militum,</span> <span class='ocrx_word' id='word_1_118' title='bbox 1999 1908 2117 1987; x_wconf 92' lang='lat' dir='ltr'>qui</span> <span class='ocrx_word' id='word_1_119' title='bbox 2150 1907 2409 1971; x_wconf 90' lang='lat' dir='ltr'>ibidem</span> <span class='ocrx_word' id='word_1_120' title='bbox 2440 1908 2761 1971; x_wconf 91' lang='lat' dir='ltr'>obierant</span> <span class='ocrx_word' id='word_1_121' title='bbox 2789 1918 2858 1971; x_wconf 92' lang='lat' dir='ltr'>et</span> <span class='ocrx_word' id='word_1_122' title='bbox 2887 1910 3141 1998; x_wconf 82' lang='lat' dir='ltr'>sepulti</span> 
     </span>
     <span class='ocr_line' id='line_1_15' title="bbox 677 2012 3138 2097; baseline 0 -18"><span class='ocrx_word' id='word_1_123' title='bbox 677 2026 916 2097; x_wconf 91' lang='lat' dir='ltr'>erant,</span> <span class='ocrx_word' id='word_1_124' title='bbox 961 2017 1053 2078; x_wconf 90' lang='lat' dir='ltr'>ad</span> <span class='ocrx_word' id='word_1_125' title='bbox 1084 2015 1457 2079; x_wconf 90' lang='lat' dir='ltr'>ecclesiam</span> <span class='ocrx_word' id='word_1_126' title='bbox 1485 2014 1837 2079; x_wconf 89' lang='lat' dir='ltr'>Abbatiae</span> <span class='ocrx_word' id='word_1_127' title='bbox 1868 2023 2156 2077; x_wconf 87' lang='lat' dir='ltr'>nostrae</span> <span class='ocrx_word' id='word_1_128' title='bbox 2186 2012 2330 2077; x_wconf 88' lang='lat' dir='ltr'>Sti..</span> <span class='ocrx_word' id='word_1_129' title='bbox 2349 2014 2651 2095; x_wconf 89' lang='lat' dir='ltr'>Philippi</span> <span class='ocrx_word' id='word_1_130' title='bbox 2678 2015 3138 2079; x_wconf 88' lang='lat' dir='ltr'>transferren-</span> 
     </span>
     <span class='ocr_line' id='line_1_16' title="bbox 681 2122 3135 2204; baseline -0 -17"><span class='ocrx_word' id='word_1_131' title='bbox 681 2134 818 2204; x_wconf 90' lang='lat' dir='ltr'>tur,</span> <span class='ocrx_word' id='word_1_132' title='bbox 853 2133 922 2187; x_wconf 91' lang='lat' dir='ltr'>et</span> <span class='ocrx_word' id='word_1_133' title='bbox 951 2124 1211 2187; x_wconf 90' lang='lat' dir='ltr'>ibidem</span> <span class='ocrx_word' id='word_1_134' title='bbox 1239 2123 1501 2186; x_wconf 87' lang='lat' dir='ltr'>vexilla</span> <span class='ocrx_word' id='word_1_135' title='bbox 1532 2130 1599 2185; x_wconf 92' lang='lat' dir='ltr'>et</span> <span class='ocrx_word' id='word_1_136' title='bbox 1626 2122 1937 2202; x_wconf 87' lang='lat' dir='ltr'>insignia</span> <span class='ocrx_word' id='word_1_137' title='bbox 1966 2140 2127 2185; x_wconf 92' lang='lat' dir='ltr'>cum</span> <span class='ocrx_word' id='word_1_138' title='bbox 2156 2122 2729 2202; x_wconf 89' lang='lat' dir='ltr'>inscriptionibus</span> <span class='ocrx_word' id='word_1_139' title='bbox 2769 2122 2858 2185; x_wconf 89' lang='lat' dir='ltr'>ad</span> <span class='ocrx_word' id='word_1_140' title='bbox 2898 2141 3135 2204; x_wconf 91' lang='lat' dir='ltr'>perpe·</span> 
     </span>
     <span class='ocr_line' id='line_1_17' title="bbox 678 2230 1933 2309; baseline -0.002 -15"><span class='ocrx_word' id='word_1_141' title='bbox 678 2241 875 2294; x_wconf 85' lang='lat' dir='ltr'>tuam</span> <span class='ocrx_word' id='word_1_142' title='bbox 903 2232 1009 2294; x_wconf 91' lang='lat' dir='ltr'>rei</span> <span class='ocrx_word' id='word_1_143' title='bbox 1036 2230 1453 2293; x_wconf 89' lang='lat' dir='ltr'>memoriam</span> <span class='ocrx_word' id='word_1_144' title='bbox 1481 2239 1933 2309; x_wconf 88' lang='lat' dir='ltr'>ponerentur.</span> 
     </span>
    </p>

    <p class='ocr_par' dir='ltr' id='par_1_4' title="bbox 674 2336 3138 3276">
     <span class='ocr_line' id='line_1_18' title="bbox 797 2336 3136 2400; baseline 0 0"><span class='ocrx_word' id='word_1_145' title='bbox 797 2337 940 2400; x_wconf 80' lang='lat'>349.</span> <span class='ocrx_word' id='word_1_146' title='bbox 1027 2337 1329 2400; x_wconf 79' lang='lat' dir='ltr'>Mutavit</span> <span class='ocrx_word' id='word_1_147' title='bbox 1358 2336 1608 2400; x_wconf 89' lang='lat' dir='ltr'>deinde</span> <span class='ocrx_word' id='word_1_148' title='bbox 1637 2337 2013 2399; x_wconf 90' lang='lat' dir='ltr'>lectionem</span> <span class='ocrx_word' id='word_1_149' title='bbox 2042 2354 2335 2399; x_wconf 90' lang='lat' dir='ltr'>casuum</span> <span class='ocrx_word' id='word_1_150' title='bbox 2367 2337 2842 2400; x_wconf 88' lang='lat' dir='ltr'>conscientiae</span> <span class='ocrx_word' id='word_1_151' title='bbox 2886 2336 2963 2400; x_wconf 88' lang='lat' dir='ltr'>P.</span> <span class='ocrx_word' id='word_1_152' title='bbox 3006 2337 3136 2400; x_wconf 90' lang='lat' dir='ltr'>Na-</span> 
     </span>
     <span class='ocr_line' id='line_1_19' title="bbox 680 2443 3138 2524; baseline -0 -16"><span class='ocrx_word' id='word_1_153' title='bbox 680 2446 844 2509; x_wconf 91' lang='lat' dir='ltr'>talis</span> <span class='ocrx_word' id='word_1_154' title='bbox 871 2445 943 2507; x_wconf 91' lang='lat' dir='ltr'>in</span> <span class='ocrx_word' id='word_1_155' title='bbox 972 2445 1388 2507; x_wconf 91' lang='lat' dir='ltr'>concionem</span> <span class='ocrx_word' id='word_1_156' title='bbox 1417 2444 1838 2506; x_wconf 88' lang='lat' dir='ltr'>matutinam</span> <span class='ocrx_word' id='word_1_157' title='bbox 1870 2443 2116 2506; x_wconf 87' lang='lat' dir='ltr'>diebus</span> <span class='ocrx_word' id='word_1_158' title='bbox 2137 2443 2334 2506; x_wconf 86' lang='lat' dir='ltr'>festis</span> <span class='ocrx_word' id='word_1_159' title='bbox 2364 2443 2435 2506; x_wconf 91' lang='lat' dir='ltr'>in</span> <span class='ocrx_word' id='word_1_160' title='bbox 2465 2445 2723 2524; x_wconf 91' lang='lat' dir='ltr'>templo</span> <span class='ocrx_word' id='word_1_161' title='bbox 2754 2444 2897 2507; x_wconf 92' lang='lat' dir='ltr'>divi</span> <span class='ocrx_word' id='word_1_162' title='bbox 2921 2444 3138 2508; x_wconf 85' lang='lat' dir='ltr'>Anto—</span> 
     </span>
     <span class='ocr_line' id='line_1_20' title="bbox 678 2550 3134 2631; baseline 0 -17"><span class='ocrx_word' id='word_1_163' title='bbox 678 2552 776 2614; x_wconf 88' lang='lat' dir='ltr'>nii</span> <span class='ocrx_word' id='word_1_164' title='bbox 808 2551 1230 2631; x_wconf 89' lang='lat' dir='ltr'>habendam,</span> <span class='ocrx_word' id='word_1_165' title='bbox 1264 2569 1425 2615; x_wconf 90' lang='lat' dir='ltr'>cum</span> <span class='ocrx_word' id='word_1_166' title='bbox 1455 2551 1692 2631; x_wconf 88' lang='lat' dir='ltr'>aliqua</span> <span class='ocrx_word' id='word_1_167' title='bbox 1720 2559 2006 2631; x_wconf 90' lang='lat' dir='ltr'>praeter</span> <span class='ocrx_word' id='word_1_168' title='bbox 2035 2550 2221 2614; x_wconf 91' lang='lat' dir='ltr'>diem</span> <span class='ocrx_word' id='word_1_169' title='bbox 2249 2551 2679 2614; x_wconf 90' lang='lat' dir='ltr'>dominicum</span> <span class='ocrx_word' id='word_1_170' title='bbox 2709 2552 3134 2628; x_wconf 88' lang='lat' dir='ltr'>acciderent,</span> 
     </span>
     <span class='ocr_line' id='line_1_21' title="bbox 682 2657 3136 2740; baseline -0 -17"><span class='ocrx_word' id='word_1_171' title='bbox 682 2669 756 2723; x_wconf 94' lang='lat' dir='ltr'>ut</span> <span class='ocrx_word' id='word_1_172' title='bbox 785 2659 894 2723; x_wconf 90' lang='lat' dir='ltr'>sic</span> <span class='ocrx_word' id='word_1_173' title='bbox 927 2660 1147 2722; x_wconf 89' lang='lat' dir='ltr'>horae</span> <span class='ocrx_word' id='word_1_174' title='bbox 1173 2659 1701 2739; x_wconf 89' lang='lat' dir='ltr'>pomeridianae</span> <span class='ocrx_word' id='word_1_175' title='bbox 1743 2658 1880 2739; x_wconf 90' lang='lat' dir='ltr'>piis</span> <span class='ocrx_word' id='word_1_176' title='bbox 1923 2658 2228 2738; x_wconf 89' lang='lat' dir='ltr'>negotiis</span> <span class='ocrx_word' id='word_1_177' title='bbox 2258 2658 2469 2722; x_wconf 90' lang='lat' dir='ltr'>tribui</span> <span class='ocrx_word' id='word_1_178' title='bbox 2505 2668 2815 2740; x_wconf 89' lang='lat' dir='ltr'>possent.</span> <span class='ocrx_word' id='word_1_179' title='bbox 2852 2657 2998 2722; x_wconf 91' lang='lat' dir='ltr'>Nec</span> <span class='ocrx_word' id='word_1_180' title='bbox 3042 2666 3136 2722; x_wconf 92' lang='lat' dir='ltr'>ta-</span> 
     </span>
     <span class='ocr_line' id='line_1_22' title="bbox 680 2766 3138 2848; baseline 0 -18"><span class='ocrx_word' id='word_1_181' title='bbox 680 2784 861 2846; x_wconf 88' lang='lat' dir='ltr'>men,</span> <span class='ocrx_word' id='word_1_182' title='bbox 898 2784 1080 2848; x_wconf 89' lang='lat' dir='ltr'>quae</span> <span class='ocrx_word' id='word_1_183' title='bbox 1120 2766 1205 2829; x_wconf 91' lang='lat' dir='ltr'>de</span> <span class='ocrx_word' id='word_1_184' title='bbox 1233 2766 1717 2830; x_wconf 87' lang='lat' dir='ltr'>Sacramentis</span> <span class='ocrx_word' id='word_1_185' title='bbox 1745 2767 1986 2845; x_wconf 87' lang='lat' dir='ltr'>legere</span> <span class='ocrx_word' id='word_1_186' title='bbox 2016 2774 2372 2846; x_wconf 88' lang='lat' dir='ltr'>coeperat,</span> <span class='ocrx_word' id='word_1_187' title='bbox 2402 2767 2667 2842; x_wconf 89' lang='lat' dir='ltr'>omisit,</span> <span class='ocrx_word' id='word_1_188' title='bbox 2702 2767 2827 2830; x_wconf 88' lang='lat' dir='ltr'>sed</span> <span class='ocrx_word' id='word_1_189' title='bbox 2857 2768 2929 2830; x_wconf 91' lang='lat' dir='ltr'>in</span> <span class='ocrx_word' id='word_1_190' title='bbox 2956 2767 3138 2847; x_wconf 90' lang='lat' dir='ltr'>prio·</span> 
     </span>
     <span class='ocr_line' id='line_1_23' title="bbox 677 2873 3135 2955; baseline 0 -18"><span class='ocrx_word' id='word_1_191' title='bbox 677 2892 828 2937; x_wconf 90' lang='lat' dir='ltr'>rem</span> <span class='ocrx_word' id='word_1_192' title='bbox 860 2884 1136 2955; x_wconf 89' lang='lat' dir='ltr'>partem</span> <span class='ocrx_word' id='word_1_193' title='bbox 1166 2874 1527 2937; x_wconf 92' lang='lat' dir='ltr'>concionis</span> <span class='ocrx_word' id='word_1_194' title='bbox 1550 2874 1937 2951; x_wconf 89' lang='lat' dir='ltr'>transtulit;</span> <span class='ocrx_word' id='word_1_195' title='bbox 1962 2874 2314 2953; x_wconf 89' lang='lat' dir='ltr'>posterior</span> <span class='ocrx_word' id='word_1_196' title='bbox 2345 2874 2430 2936; x_wconf 91' lang='lat' dir='ltr'>de</span> <span class='ocrx_word' id='word_1_197' title='bbox 2460 2873 2614 2954; x_wconf 89' lang='lat' dir='ltr'>ipso</span> <span class='ocrx_word' id='word_1_198' title='bbox 2643 2873 2823 2937; x_wconf 86' lang='lat' dir='ltr'>festo</span> <span class='ocrx_word' id='word_1_199' title='bbox 2854 2875 3135 2953; x_wconf 89' lang='lat' dir='ltr'>agebat;</span> 
     </span>
     <span class='ocr_line' id='line_1_24' title="bbox 674 2980 3137 3062; baseline -0 -17"><span class='ocrx_word' id='word_1_200' title='bbox 674 2992 747 3045; x_wconf 90' lang='lat' dir='ltr'>et</span> <span class='ocrx_word' id='word_1_201' title='bbox 777 2980 928 3062; x_wconf 88' lang='lat' dir='ltr'>ejus</span> <span class='ocrx_word' id='word_1_202' title='bbox 958 2982 1337 3045; x_wconf 89' lang='lat' dir='ltr'>conciones</span> <span class='ocrx_word' id='word_1_203' title='bbox 1367 2982 1837 3060; x_wconf 88' lang='lat' dir='ltr'>auditoribus,</span> <span class='ocrx_word' id='word_1_204' title='bbox 1873 2981 2049 3044; x_wconf 88' lang='lat' dir='ltr'>viris</span> <span class='ocrx_word' id='word_1_205' title='bbox 2077 2981 2466 3060; x_wconf 78' lang='lat' dir='ltr'>primariiS,</span> <span class='ocrx_word' id='word_1_206' title='bbox 2508 2999 2651 3044; x_wconf 91' lang='lat' dir='ltr'>non</span> <span class='ocrx_word' id='word_1_207' title='bbox 2690 2981 3137 3044; x_wconf 90' lang='lat' dir='ltr'>mediocriter</span> 
     </span>
     <span class='ocr_line' id='line_1_25' title="bbox 676 3087 3137 3169; baseline 0 -18"><span class='ocrx_word' id='word_1_208' title='bbox 676 3090 1084 3169; x_wconf 89' lang='lat' dir='ltr'>placebant;</span> <span class='ocrx_word' id='word_1_209' title='bbox 1134 3088 1261 3151; x_wconf 89' lang='lat' dir='ltr'>sed</span> <span class='ocrx_word' id='word_1_210' title='bbox 1306 3089 1379 3151; x_wconf 91' lang='lat' dir='ltr'>in</span> <span class='ocrx_word' id='word_1_211' title='bbox 1421 3088 1602 3151; x_wconf 86' lang='lat' dir='ltr'>festo</span> <span class='ocrx_word' id='word_1_212' title='bbox 1657 3087 2157 3167; x_wconf 90' lang='lat' dir='ltr'>Conceptionis</span> <span class='ocrx_word' id='word_1_213' title='bbox 2207 3088 2354 3150; x_wconf 69' lang='lat' dir='ltr'>Rae</span> <span class='ocrx_word' id='word_1_214' title='bbox 2399 3087 2562 3150; x_wconf 72' lang='lat' dir='ltr'>M.ae</span> <span class='ocrx_word' id='word_1_215' title='bbox 2606 3088 2929 3166; x_wconf 89' lang='lat' dir='ltr'>Virginis</span> <span class='ocrx_word' id='word_1_216' title='bbox 2978 3106 3137 3151; x_wconf 91' lang='lat' dir='ltr'>cum</span> 
     </span>
     <span class='ocr_line' id='line_1_26' title="bbox 676 3195 2688 3276; baseline -0 -17"><span class='ocrx_word' id='word_1_217' title='bbox 676 3196 993 3276; x_wconf 90' lang='lat' dir='ltr'>ejusdem</span> <span class='ocrx_word' id='word_1_218' title='bbox 1020 3195 1268 3259; x_wconf 87' lang='lat' dir='ltr'>favore</span> <span class='ocrx_word' id='word_1_219' title='bbox 1297 3213 1469 3275; x_wconf 87' lang='lat' dir='ltr'>prae</span> <span class='ocrx_word' id='word_1_220' title='bbox 1499 3195 1800 3258; x_wconf 90' lang='lat' dir='ltr'>caeteris</span> <span class='ocrx_word' id='word_1_221' title='bbox 1831 3195 2293 3257; x_wconf 92' lang='lat' dir='ltr'>concionibus</span> <span class='ocrx_word' id='word_1_222' title='bbox 2322 3195 2688 3258; x_wconf 88' lang='lat' dir='ltr'>satisfecit.</span> 
     </span>
    </p>

    <p class='ocr_par' dir='ltr' id='par_1_5' title="bbox 673 3300 3137 4451">
     <span class='ocr_line' id='line_1_27' title="bbox 795 3300 3134 3382; baseline 0 -17"><span class='ocrx_word' id='word_1_223' title='bbox 795 3302 936 3366; x_wconf 87' lang='lat'>350.</span> <span class='ocrx_word' id='word_1_224' title='bbox 1024 3302 1241 3376; x_wconf 79' lang='lat' dir='ltr'>Venit</span> <span class='ocrx_word' id='word_1_225' title='bbox 1289 3303 1575 3365; x_wconf 91' lang='lat' dir='ltr'>tandem</span> <span class='ocrx_word' id='word_1_226' title='bbox 1624 3302 1753 3364; x_wconf 92' lang='lat' dir='ltr'>sub</span> <span class='ocrx_word' id='word_1_227' title='bbox 1804 3301 1973 3364; x_wconf 88' lang='lat' dir='ltr'>anni</span> <span class='ocrx_word' id='word_1_228' title='bbox 2008 3300 2217 3363; x_wconf 89' lang='lat' dir='ltr'>finem</span> <span class='ocrx_word' id='word_1_229' title='bbox 2256 3301 2333 3364; x_wconf 93' lang='grc' dir='ltr'>Ρ.</span> <span class='ocrx_word' id='word_1_230' title='bbox 2376 3302 2852 3382; x_wconf 88' lang='lat' dir='ltr'>Hieronymus</span> <span class='ocrx_word' id='word_1_231' title='bbox 2882 3303 3134 3366; x_wconf 89' lang='lat' dir='ltr'>Dome-</span> 
     </span>
     <span class='ocr_line' id='line_1_28' title="bbox 677 3407 3136 3489; baseline -0 -16"><span class='ocrx_word' id='word_1_232' title='bbox 677 3410 858 3473; x_wconf 91' lang='lat' dir='ltr'>nech</span> <span class='ocrx_word' id='word_1_233' title='bbox 887 3411 959 3472; x_wconf 91' lang='lat' dir='ltr'>in</span> <span class='ocrx_word' id='word_1_234' title='bbox 988 3408 1321 3488; x_wconf 85' lang='lat' dir='ltr'>Siciliam,</span> <span class='ocrx_word' id='word_1_235' title='bbox 1357 3426 1496 3488; x_wconf 90' lang='lat' dir='ltr'>quo</span> <span class='ocrx_word' id='word_1_236' title='bbox 1526 3417 1723 3471; x_wconf 89' lang='lat' dir='ltr'>recto</span> <span class='ocrx_word' id='word_1_237' title='bbox 1754 3408 2004 3470; x_wconf 90' lang='lat' dir='ltr'>itinere</span> <span class='ocrx_word' id='word_1_238' title='bbox 2036 3426 2125 3470; x_wconf 87' lang='lat' dir='ltr'>ex</span> <span class='ocrx_word' id='word_1_239' title='bbox 2163 3407 2508 3488; x_wconf 89' lang='lat' dir='ltr'>Hispania</span> <span class='ocrx_word' id='word_1_240' title='bbox 2538 3409 3032 3489; x_wconf 86' lang='lat' dir='ltr'>navigaverat,</span> <span class='ocrx_word' id='word_1_241' title='bbox 3069 3418 3136 3472; x_wconf 90' lang='lat' dir='ltr'>et</span> 
     </span>
     <span class='ocr_line' id='line_1_29' title="bbox 677 3514 3131 3595; baseline 0 -16"><span class='ocrx_word' id='word_1_242' title='bbox 677 3533 942 3595; x_wconf 87' lang='lat' dir='ltr'>magna</span> <span class='ocrx_word' id='word_1_243' title='bbox 971 3516 1238 3578; x_wconf 90' lang='lat' dir='ltr'>laetitia</span> <span class='ocrx_word' id='word_1_244' title='bbox 1265 3533 1406 3579; x_wconf 92' lang='lat' dir='ltr'>non</span> <span class='ocrx_word' id='word_1_245' title='bbox 1437 3517 1663 3578; x_wconf 90' lang='lat' dir='ltr'>solum</span> <span class='ocrx_word' id='word_1_246' title='bbox 1694 3523 1979 3578; x_wconf 89' lang='lat' dir='ltr'>nostros</span> <span class='ocrx_word' id='word_1_247' title='bbox 2018 3514 2143 3578; x_wconf 91' lang='lat' dir='ltr'>sed</span> <span class='ocrx_word' id='word_1_248' title='bbox 2181 3515 2395 3577; x_wconf 91' lang='lat' dir='ltr'>etiam</span> <span class='ocrx_word' id='word_1_249' title='bbox 2433 3515 2844 3595; x_wconf 88' lang='lat' dir='ltr'>Pro-regem</span> <span class='ocrx_word' id='word_1_250' title='bbox 2878 3516 3131 3580; x_wconf 83' lang='lat' dir='ltr'>affecit.</span> 
     </span>
     <span class='ocr_line' id='line_1_30' title="bbox 674 3619 3130 3702; baseline 0 -16"><span class='ocrx_word' id='word_1_251' title='bbox 674 3623 859 3702; x_wconf 85' lang='lat' dir='ltr'>Quia</span> <span class='ocrx_word' id='word_1_252' title='bbox 906 3632 1142 3686; x_wconf 91' lang='lat' dir='ltr'>tamen</span> <span class='ocrx_word' id='word_1_253' title='bbox 1181 3640 1226 3685; x_wconf 92' lang='lat' dir='ltr'>a</span> <span class='ocrx_word' id='word_1_254' title='bbox 1267 3622 1343 3685; x_wconf 92' lang='lat' dir='ltr'>P.</span> <span class='ocrx_word' id='word_1_255' title='bbox 1378 3622 1654 3701; x_wconf 84' lang='lat' dir='ltr'>Ignatio</span> <span class='ocrx_word' id='word_1_256' title='bbox 1695 3619 2085 3701; x_wconf 89' lang='lat' dir='ltr'>injunctum</span> <span class='ocrx_word' id='word_1_257' title='bbox 2123 3621 2355 3685; x_wconf 86' lang='lat' dir='ltr'>fuerat</span> <span class='ocrx_word' id='word_1_258' title='bbox 2394 3631 2469 3684; x_wconf 92' lang='lat' dir='ltr'>ut</span> <span class='ocrx_word' id='word_1_259' title='bbox 2508 3622 2805 3685; x_wconf 90' lang='lat' dir='ltr'>Romam</span> <span class='ocrx_word' id='word_1_260' title='bbox 2833 3624 3130 3702; x_wconf 88' lang='lat' dir='ltr'>veniret,</span> 
     </span>
     <span class='ocr_line' id='line_1_31' title="bbox 678 3727 3135 3810; baseline 0 -18"><span class='ocrx_word' id='word_1_261' title='bbox 678 3731 860 3793; x_wconf 89' lang='lat' dir='ltr'>bona</span> <span class='ocrx_word' id='word_1_262' title='bbox 887 3748 1050 3793; x_wconf 91' lang='lat' dir='ltr'>cum</span> <span class='ocrx_word' id='word_1_263' title='bbox 1072 3729 1283 3793; x_wconf 90' lang='lat' dir='ltr'>venia</span> <span class='ocrx_word' id='word_1_264' title='bbox 1304 3738 1374 3791; x_wconf 91' lang='lat' dir='ltr'>et</span> <span class='ocrx_word' id='word_1_265' title='bbox 1396 3729 1645 3792; x_wconf 91' lang='lat' dir='ltr'>litteris</span> <span class='ocrx_word' id='word_1_266' title='bbox 1669 3727 2030 3807; x_wconf 84' lang='lat' dir='ltr'>Pro-regis</span> <span class='ocrx_word' id='word_1_267' title='bbox 2053 3746 2215 3791; x_wconf 91' lang='lat' dir='ltr'>cum</span> <span class='ocrx_word' id='word_1_268' title='bbox 2238 3729 2637 3792; x_wconf 91' lang='lat' dir='ltr'>triremibus</span> <span class='ocrx_word' id='word_1_269' title='bbox 2661 3730 2921 3810; x_wconf 91' lang='lat' dir='ltr'>siculis,</span> <span class='ocrx_word' id='word_1_270' title='bbox 2955 3748 3135 3810; x_wconf 90' lang='lat' dir='ltr'>quae</span> 
     </span>
     <span class='ocr_line' id='line_1_32' title="bbox 678 3835 3135 3917; baseline 0.001 -18"><span class='ocrx_word' id='word_1_271' title='bbox 678 3835 1047 3917; x_wconf 91' lang='lat' dir='ltr'>Neapolim</span> <span class='ocrx_word' id='word_1_272' title='bbox 1078 3846 1244 3899; x_wconf 91' lang='lat' dir='ltr'>tunc</span> <span class='ocrx_word' id='word_1_273' title='bbox 1275 3835 1366 3898; x_wconf 93' lang='lat' dir='ltr'>ad</span> <span class='ocrx_word' id='word_1_274' title='bbox 1401 3836 1661 3897; x_wconf 90' lang='lat' dir='ltr'>bellum</span> <span class='ocrx_word' id='word_1_275' title='bbox 1691 3852 1988 3897; x_wconf 90' lang='lat' dir='ltr'>senense</span> <span class='ocrx_word' id='word_1_276' title='bbox 2019 3836 2428 3915; x_wconf 86' lang='lat' dir='ltr'>veniebant,</span> <span class='ocrx_word' id='word_1_277' title='bbox 2472 3837 2603 3899; x_wconf 92' lang='lat' dir='ltr'>iter</span> <span class='ocrx_word' id='word_1_278' title='bbox 2648 3837 3034 3917; x_wconf 86' lang='lat' dir='ltr'>inchoavit,</span> <span class='ocrx_word' id='word_1_279' title='bbox 3066 3847 3135 3900; x_wconf 88' lang='lat' dir='ltr'>et</span> 
     </span>
     <span class='ocr_line' id='line_1_33' title="bbox 676 3942 3135 4024; baseline 0 -17"><span class='ocrx_word' id='word_1_280' title='bbox 676 3944 976 4024; x_wconf 90' lang='lat' dir='ltr'>Neapoli</span> <span class='ocrx_word' id='word_1_281' title='bbox 1012 3944 1309 4006; x_wconf 91' lang='lat' dir='ltr'>Romam</span> <span class='ocrx_word' id='word_1_282' title='bbox 1349 3943 1672 4006; x_wconf 90' lang='lat' dir='ltr'>terrestri</span> <span class='ocrx_word' id='word_1_283' title='bbox 1724 3942 1972 4006; x_wconf 89' lang='lat' dir='ltr'>itinere</span> <span class='ocrx_word' id='word_1_284' title='bbox 2024 3944 2365 4023; x_wconf 88' lang='lat' dir='ltr'>pervenit.</span> <span class='ocrx_word' id='word_1_285' title='bbox 2415 3942 2863 4023; x_wconf 85' lang='lat' dir='ltr'>Significavit</span> <span class='ocrx_word' id='word_1_286' title='bbox 2899 3955 3135 4008; x_wconf 91' lang='lat' dir='ltr'>autem</span> 
     </span>
     <span class='ocr_line' id='line_1_34' title="bbox 674 4048 3137 4131; baseline 0 -18"><span class='ocrx_word' id='word_1_287' title='bbox 674 4050 752 4113; x_wconf 92' lang='lat' dir='ltr'>P.</span> <span class='ocrx_word' id='word_1_288' title='bbox 795 4051 1070 4130; x_wconf 87' lang='lat' dir='ltr'>Ignatio</span> <span class='ocrx_word' id='word_1_289' title='bbox 1120 4050 1196 4115; x_wconf 91' lang='lat' dir='ltr'>P.</span> <span class='ocrx_word' id='word_1_290' title='bbox 1249 4050 1546 4129; x_wconf 91' lang='lat' dir='ltr'>Natalis,</span> <span class='ocrx_word' id='word_1_291' title='bbox 1600 4049 1937 4113; x_wconf 88' lang='lat' dir='ltr'>redeunte</span> <span class='ocrx_word' id='word_1_292' title='bbox 1986 4050 2233 4113; x_wconf 91' lang='lat' dir='ltr'>eodem</span> <span class='ocrx_word' id='word_1_293' title='bbox 2283 4048 2359 4114; x_wconf 93' lang='lat' dir='ltr'>P.</span> <span class='ocrx_word' id='word_1_294' title='bbox 2406 4051 2842 4131; x_wconf 87' lang='lat' dir='ltr'>Hieronymo</span> <span class='ocrx_word' id='word_1_295' title='bbox 2881 4051 3137 4115; x_wconf 91' lang='lat' dir='ltr'>Dome-</span> 
     </span>
     <span class='ocr_line' id='line_1_35' title="bbox 673 4156 3135 4239; baseline 0.001 -19"><span class='ocrx_word' id='word_1_296' title='bbox 673 4158 878 4236; x_wconf 89' lang='lat' dir='ltr'>nech,</span> <span class='ocrx_word' id='word_1_297' title='bbox 915 4159 1211 4221; x_wconf 93' lang='lat' dir='ltr'>liberum</span> <span class='ocrx_word' id='word_1_298' title='bbox 1241 4176 1318 4221; x_wconf 92' lang='lat' dir='ltr'>se</span> <span class='ocrx_word' id='word_1_299' title='bbox 1347 4158 1498 4221; x_wconf 89' lang='lat' dir='ltr'>fore</span> <span class='ocrx_word' id='word_1_300' title='bbox 1527 4159 1712 4220; x_wconf 87' lang='lat' dir='ltr'>bona</span> <span class='ocrx_word' id='word_1_301' title='bbox 1744 4175 1904 4220; x_wconf 91' lang='lat' dir='ltr'>cum</span> <span class='ocrx_word' id='word_1_302' title='bbox 1933 4157 2144 4220; x_wconf 89' lang='lat' dir='ltr'>venia</span> <span class='ocrx_word' id='word_1_303' title='bbox 2174 4156 2536 4237; x_wconf 87' lang='lat' dir='ltr'>Pro-regis</span> <span class='ocrx_word' id='word_1_304' title='bbox 2557 4166 2664 4237; x_wconf 91' lang='lat' dir='ltr'>ut,</span> <span class='ocrx_word' id='word_1_305' title='bbox 2693 4175 3135 4239; x_wconf 91' lang='lat' dir='ltr'>quocumque</span> 
     </span>
     <span class='ocr_line' id='line_1_36' title="bbox 676 4264 3134 4343; baseline 0.001 -17"><span class='ocrx_word' id='word_1_306' title='bbox 676 4265 887 4327; x_wconf 83' lang='lat' dir='ltr'>vellet</span> <span class='ocrx_word' id='word_1_307' title='bbox 916 4274 1164 4327; x_wconf 91' lang='lat' dir='ltr'>sancta</span> <span class='ocrx_word' id='word_1_308' title='bbox 1195 4265 1615 4343; x_wconf 88' lang='lat' dir='ltr'>obedientia,</span> <span class='ocrx_word' id='word_1_309' title='bbox 1648 4282 1724 4327; x_wconf 91' lang='lat' dir='ltr'>se</span> <span class='ocrx_word' id='word_1_310' title='bbox 1748 4264 2124 4343; x_wconf 88' lang='lat' dir='ltr'>conferret;</span> <span class='ocrx_word' id='word_1_311' title='bbox 2157 4265 2321 4343; x_wconf 90' lang='lat' dir='ltr'>quia</span> <span class='ocrx_word' id='word_1_312' title='bbox 2353 4275 2590 4327; x_wconf 90' lang='lat' dir='ltr'>tamen</span> <span class='ocrx_word' id='word_1_313' title='bbox 2619 4265 2967 4328; x_wconf 90' lang='lat' dir='ltr'>adventus</span> <span class='ocrx_word' id='word_1_314' title='bbox 2996 4274 3134 4329; x_wconf 91' lang='lat' dir='ltr'>tur-</span> 
     </span>
     <span class='ocr_line' id='line_1_37' title="bbox 675 4371 3134 4451; baseline 0.001 -18"><span class='ocrx_word' id='word_1_315' title='bbox 675 4389 927 4434; x_wconf 89' lang='lat' dir='ltr'>carum</span> <span class='ocrx_word' id='word_1_316' title='bbox 963 4371 1033 4433; x_wconf 92' lang='lat' dir='ltr'>in</span> <span class='ocrx_word' id='word_1_317' title='bbox 1068 4379 1476 4451; x_wconf 90' lang='lat' dir='ltr'>sequentem</span> <span class='ocrx_word' id='word_1_318' title='bbox 1523 4389 1788 4434; x_wconf 89' lang='lat' dir='ltr'>annum</span> <span class='ocrx_word' id='word_1_319' title='bbox 1828 4372 2229 4449; x_wconf 89' lang='lat' dir='ltr'>timebatur,</span> <span class='ocrx_word' id='word_1_320' title='bbox 2272 4389 2414 4434; x_wconf 90' lang='lat' dir='ltr'>non</span> <span class='ocrx_word' id='word_1_321' title='bbox 2457 4390 2613 4434; x_wconf 88' lang='lat' dir='ltr'>esse</span> <span class='ocrx_word' id='word_1_322' title='bbox 2653 4371 2772 4435; x_wconf 92' lang='lat' dir='ltr'>diu</span> <span class='ocrx_word' id='word_1_323' title='bbox 2802 4382 3134 4436; x_wconf 89' lang='lat' dir='ltr'>cunctan-</span> 
     </span>
    </p>
   </div>
   <div class='ocr_carea' id='block_1_3' title="bbox 673 4645 3138 4774">
    <p class='ocr_par' dir='ltr' id='par_1_6' title="bbox 673 4645 3138 4774">
     <span class='ocr_line' id='line_1_38' title="bbox 758 4645 3138 4703; baseline 0.001 -13"><span class='ocrx_word' id='word_1_324' title='bbox 758 4648 775 4680; x_wconf 88' lang='lat'>¹</span> <span class='ocrx_word' id='word_1_325' title='bbox 834 4647 1111 4701; x_wconf 81' lang='lat' dir='ltr'>Polancus‚</span> <span class='ocrx_word' id='word_1_326' title='bbox 1143 4660 1208 4691; x_wconf 77' lang='lat' dir='ltr'>ex</span> <span class='ocrx_word' id='word_1_327' title='bbox 1240 4660 1397 4701; x_wconf 86' lang='lat' dir='ltr'>com.,</span> <span class='ocrx_word' id='word_1_328' title='bbox 1433 4647 1578 4691; x_wconf 83' lang='lat' dir='ltr'>Patri</span> <span class='ocrx_word' id='word_1_329' title='bbox 1612 4647 1816 4699; x_wconf 84' lang='lat' dir='ltr'>Natali,</span> <span class='ocrx_word' id='word_1_330' title='bbox 1839 4647 1901 4690; x_wconf 87' lang='lat' dir='ltr'>de</span> <span class='ocrx_word' id='word_1_331' title='bbox 1925 4645 2180 4701; x_wconf 80' lang='lat' dir='ltr'>CollegiO,</span> <span class='ocrx_word' id='word_1_332' title='bbox 2215 4647 2347 4700; x_wconf 86' lang='lat' dir='ltr'>quod</span> <span class='ocrx_word' id='word_1_333' title='bbox 2370 4647 2420 4690; x_wconf 90' lang='lat' dir='ltr'>in</span> <span class='ocrx_word' id='word_1_334' title='bbox 2443 4648 2567 4690; x_wconf 85' lang='lat' dir='ltr'>urbe</span> <span class='ocrx_word' id='word_1_335' title='bbox 2588 4647 2973 4703; x_wconf 80' lang='lat' dir='ltr'>Montisregalis</span> <span class='ocrx_word' id='word_1_336' title='bbox 2993 4650 3138 4693; x_wconf 64' lang='lat' dir='ltr'>insti-</span> 
     </span>
     <span class='ocr_line' id='line_1_39' title="bbox 673 4718 2946 4774; baseline 0 -11"><span class='ocrx_word' id='word_1_337' title='bbox 673 4725 821 4763; x_wconf 81' lang='lat' dir='ltr'>tuere</span> <span class='ocrx_word' id='word_1_338' title='bbox 844 4720 957 4762; x_wconf 82' lang='lat' dir='ltr'>vult</span> <span class='ocrx_word' id='word_1_339' title='bbox 980 4719 1271 4763; x_wconf 81' lang='lat' dir='ltr'>cardinalis</span> <span class='ocrx_word' id='word_1_340' title='bbox 1291 4720 1583 4774; x_wconf 80' lang='lat' dir='ltr'>Farnesius,</span> <span class='ocrx_word' id='word_1_341' title='bbox 1608 4719 1668 4762; x_wconf 86' lang='lat' dir='ltr'>de</span> <span class='ocrx_word' id='word_1_342' title='bbox 1691 4719 1958 4772; x_wconf 79' lang='lat' dir='ltr'>reditibuS,</span> <span class='ocrx_word' id='word_1_343' title='bbox 1981 4726 2095 4765; x_wconf 82' lang='lat' dir='ltr'>etc..</span> <span class='ocrx_word' id='word_1_344' title='bbox 2114 4718 2167 4760; x_wconf 78' lang='lat'>‘26</span> <span class='ocrx_word' id='word_1_345' title='bbox 2188 4718 2493 4762; x_wconf 78' lang='lat' dir='ltr'>Novembris</span> <span class='ocrx_word' id='word_1_346' title='bbox 2513 4725 2565 4761; x_wconf 86' lang='lat' dir='ltr'>et</span> <span class='ocrx_word' id='word_1_347' title='bbox 2584 4720 2612 4761; x_wconf 88' lang='lat'>3</span> <span class='ocrx_word' id='word_1_348' title='bbox 2633 4719 2946 4764; x_wconf 80' lang='lat' dir='ltr'>Decembris.</span> 
     </span>
    </p>
   </div>
  </div>
 </body>
</html>
