3679 5414
655 449 763 506 462
1603 447 1861 506 Cimon.
1903 447 2054 506 Soc,
2095 449 2236 521 JEs.

658 593 898 656 Pater!
942 603 1105 655 ante
1143 594 1401 656 multos
1431 610 1658 655 annos
1700 593 1839 655 huc
1879 610 2022 655 non
2065 594 2357 672 venisti,
2399 601 2476 655 ut
2518 610 2651 656 nos
2689 611 2733 655 a
2774 593 2994 655 tantis
3036 602 3129 656 te-

655 701 893 763 nebris
924 699 1370 779 ignorantiae
1409 701 1786 763 liberares?
1830 699 2309 763 Christianam
2339 701 2557 762 etiam
2585 700 2982 762 doctrinam
3024 700 3137 763 eis

654 808 1140 888 praelegebat,
1212 825 1392 887 quae
1450 824 1611 869 cum
1662 805 1957 869 Vicario
2003 807 2211 869 valde
2241 808 2578 887 placeret,
2622 824 2781 870 eam
2821 808 3130 887 imprimi

654 916 959 977 curavit.

775 1021 909 1083 111.
999 1020 1277 1101 Rapalli
1346 1037 1688 1100 magnum
1755 1020 2113 1100 quoddam
2159 1021 2571 1084 monialium
2613 1024 3125 1088 monasterium

651 1128 860 1191 valde
890 1127 1379 1208 perturbatum
1409 1128 1711 1205 invenit,
1754 1136 1823 1189 et
1863 1127 2143 1206 aliquae
2183 1144 2276 1197 ex
2317 1129 2671 1207 religiosis
2711 1130 3128 1194 mulieribus

649 1254 687 1298 e
717 1235 1151 1298 monasterio
1181 1233 1424 1313 egredi
1452 1235 2002 1308 constituerant;
2040 1234 2226 1313 quod
2256 1235 2516 1314 populo
2558 1236 2658 1297 illi
2697 1252 3123 1314 magnarum

650 1341 1133 1405 molestiarum
1164 1359 1384 1403 causa
1422 1349 1596 1404 erat.
1641 1340 1772 1404 His
1814 1357 1990 1419 ergo
2032 1351 2138 1404 ter
2183 1342 2651 1405 concionatus
2695 1352 2802 1405 est
2842 1341 2917 1406 P.
2966 1342 3118 1423 Syl-

646 1458 884 1511 vester
914 1457 984 1510 et
1016 1449 1329 1511 omnium
1356 1447 1838 1511 confessiones
1870 1448 2173 1527 audivit,
2207 1457 2276 1511 et
2318 1449 2811 1512 sanctissimae
2840 1449 3117 1514 Eucha-

649 1557 893 1618 ristiae
941 1553 1479 1619 Sacramentum
1527 1555 1629 1617 eis
1675 1555 2230 1617 communicavit
2271 1572 2432 1618 cum
2477 1556 2848 1618 uberrimis
2894 1557 3127 1638 lacry·-

648 1663 813 1741 mis;
866 1679 1004 1742 quo
1054 1670 1378 1742 peracto,
1434 1661 1772 1740 quidquid
1808 1662 2180 1741 proprium
2214 1671 2462 1724 contra
2501 1664 2827 1742 regulam
2866 1664 3116 1727 retine-

648 1770 851 1849 bant,
904 1768 1339 1849 reliquerunt
1382 1777 1452 1830 et
1504 1769 1596 1830 ad
1644 1769 1861 1848 pedes
1910 1786 2083 1831 suae
2132 1768 2557 1832 Abbatissae
2607 1771 3114 1851 deposuerunt,

646 1876 818 1939 nihil
846 1893 1139 1956 prorsus
1177 1877 1574 1953 retinend03
1618 1893 1750 1938 nec
1789 1876 1972 1938 inter
2012 1893 2135 1938 eas
2179 1877 2321 1938 alia
2359 1877 2446 1938 de
2484 1894 2560 1940 re
2594 1876 2741 1956 jam
2772 1879 3124 1956 agebatur

645 2001 858 2063 quam
902 1985 990 2046 de
1028 1984 1525 2046 observatione
1571 2001 1818 2045 eorum
1862 2000 2042 2063 quae
2091 1983 2244 2046 Deo
2287 1994 2658 2047 voverant.
2708 1985 2798 2046 Et
2840 1986 2939 2048 ita
2982 1986 3124 2049 hac¹

646 2091 1032 2153 mutatione
1083 2092 1417 2153 dexterae
1475 2089 1760 2153 Excelsi
1817 2107 2212 2152 conversae
2253 2091 2325 2152 in
2363 2091 2870 2154 abundantiam
2914 2094 3122 2171 pacis

646 2198 893 2260 turbae
925 2215 1087 2260 cum
1116 2214 1392 2259 summa
1424 2196 1913 2259 aedificatione
1945 2198 2480 2276 rapallensium,
2517 2198 2731 2261 immo
2762 2208 2829 2260 et
2853 2200 3115 2279 aliquo-

643 2322 804 2366 rum
857 2304 1123 2366 civium
1181 2303 1691 2380 Genuensium‚
1756 2304 1877 2383 qui
1931 2302 2082 2382 ejus
2138 2305 2554 2369 monasterii
2609 2316 3121 2384 procuratores

644 2419 869 2475 erant.
924 2411 1099 2474 Erat
1143 2421 1380 2473 autem
1419 2411 1930 2473 monasterium
1974 2410 2241 2473 ordinis
2277 2410 2466 2474 Stae.
2503 2412 2793 2490 Clarae3
2836 2421 2904 2475 et
2944 2413 3107 2476 illae

644 2518 1016 2595 moniales,
1071 2534 1250 2597 quae
1299 2517 1632 2580 recedere
1680 2517 1878 2596 prius
1934 2517 2372 2595 nitebantur,
2416 2518 2768 2581 stabilitae
2816 2537 3119 2599 prorsus

645 2624 926 2687 fuerunt
957 2634 1025 2686 et
1056 2641 1218 2686 cum
1246 2624 1525 2702 magnis
1554 2623 1834 2686 fletibus
1865 2632 1935 2685 et
1964 2624 2316 2703 profunda
2346 2624 2740 2688 humilitate
2770 2643 2938 2689 suas
2968 2614 3116 2689 ten}

639 2732 946 2795 tationes
973 2740 1418 2811 superarunt.
2713 2727 2722 2731 ’

762 2838 897 2902 112.
984 2838 1224 2901 Multis
1282 2839 1352 2900 in
1410 2839 1713 2917 templiS,
1768 2856 1950 2918 quae
2001 2840 2452 2918 reparatione
2497 2840 2939 2919 indigebant,
2990 2843 3103 2904 vel

634 2944 966 3023 aedificii,
1037 2946 1152 3007 vel
1210 2954 1820 3025 ornamentorum,
1895 2955 1965 3008 et
2037 2946 2515 3026 corporalium
2575 2957 2642 3009 et
2702 2944 3102 3025 hujusmodi

632 3069 870 3114 rerum
899 3051 989 3114 ad
1023 3051 1155 3114 Dei
1185 3054 1452 3115 cultum
1481 3052 2017 3132 pertinentium,
2051 3062 2128 3115 ut
2161 3053 2232 3115 id
2262 3052 2458 3115 fieret
2491 3054 2790 3115 curavit.
2821 3054 3107 3118 Domini

629 3175 1028 3236 genuenses
1055 3160 1328 3222 litteras
1357 3159 1450 3222 ad
1479 3159 1853 3222 Vicarium
1895 3159 2200 3240 scriptas
2244 3160 2550 3223 videndo
2591 3170 2714 3223 aut
2751 3162 3114 3240 parochos

630 3266 1015 3345 audiendO,
1066 3267 1184 3347 qui
1234 3267 1325 3328 ad
1372 3266 1744 3329 Vicarium
1794 3276 2141 3329 venerant
2187 3276 2261 3329 ut
2307 3267 2874 3346 constitutioneS,
2929 3286 3106 3348 quas

635 3373 771 3435 illis
820 3374 1378 3453 praescripserat
1420 3373 1496 3437 P.
1531 3373 1920 3453 Sylvester,
1956 3391 2118 3436 cum
2147 3392 2231 3437 eo
2266 3373 2698 3452 conferrent,
2733 3383 2852 3437 aut
2884 3375 3112 3438 libros

631 3490 977 3556 emerent,
1026 3498 1202 3560 quos
1245 3482 1420 3561 ipsis
1463 3480 1800 3543 emendos
1851 3491 2342 3560 suggesserat,
2392 3482 2764 3573 mirumein
2810 3481 3102 3546 modum

634 3586 1115 3660 afficiebantur
1165 3597 1235 3650 et
1284 3587 1795 3651 aedificationis
1845 3589 2226 3667 plurimum
2277 3589 2740 3669 accipiebant.
2795 3589 3108 3662 Demum,

632 3702 792 3773 post
847 3711 1067 3756 unum
1138 3711 1482 3773 mensem,
1556 3694 1884 3774 quamvis
1940 3695 2321 3774 aliquando
2376 3695 2561 3758 diem
2617 3697 2970 3776 integrum
3027 3698 3099 3759 in

634 3801 882 3863 itinere
931 3801 1258 3864 faciendo
1320 3811 1767 3864 consumeret
1829 3810 1900 3864 et
1951 3819 2159 3881 saepe
2199 3820 2421 3883 usque
2472 3802 2562 3864 ad
2601 3813 2883 3866 noctem
2923 3804 3096 3867 nihil

631 3907 767 3969 cibi
817 3917 1132 3987 caperet,
1186 3926 1276 3971 ex
1315 3909 1798 3971 consolatione
1837 3909 2158 3988 spirituS,
2207 3926 2388 3989 quae
2431 3910 2503 3972 in
2543 3928 2801 3991 corpus
2847 3911 3103 3974 redun=

628 4012 877 4091 dabat,
911 4023 1056 4077 tam
1085 4033 1428 4095 prospera
1456 4015 1866 4079 valetudine
1896 4025 1963 4078 et
2007 4016 2276 4078 viribus
2313 4016 2519 4079 rediit
2563 4034 2653 4079 ex
2690 4017 3100 4082 visitatione

628 4117 702 4183 P.
746 4118 1142 4198 Sylvester,
1186 4131 1262 4184 ut
1298 4140 1374 4185 se
1418 4140 1778 4202 nunquam
1818 4123 2068 4185 melius
2117 4123 2449 4185 habuisse
2500 4123 2861 4186 fateretur.
2918 4125 3094 4188 Inte·

624 4228 762 4289 rim
790 4228 955 4290 dum
987 4228 1099 4290 ille
1128 4246 1253 4309 per
1284 4229 1665 4293 dioecesim
1702 4229 2181 4307 discurrebat,
2226 4229 2301 4291 P.
2351 4230 2769 4293 Emmanuel
2808 4232 2881 4293 in
2919 4233 3091 4294 urbe

624 4334 696 4397 in
732 4343 1036 4414 quatuor
1075 4345 1197 4398 aut
1238 4337 1544 4417 quinque
1583 4336 1903 4399 ecclesiis
1953 4336 2416 4399 concionatus
2454 4346 2593 4416 est,
2639 4339 2752 4400 cui
2795 4338 3092 4401 aderant

624 4459 714 4503 ex
753 4440 1055 4505 dominis
1092 4445 1568 4522 genuensibus
1606 4444 1710 4522 hi,
1755 4443 2010 4524 quibus
2047 4444 2181 4507 hoc
2225 4445 2589 4523 negotium
2630 4445 3088 4510 commissum

625 4559 809 4624 erat,
843 4558 913 4611 et
943 4550 1322 4613 multorum
1351 4569 1441 4614 ex
1470 4552 1607 4614 illis
1645 4552 2126 4614 confessiones
2171 4552 2532 4630 audiebat,
2579 4553 2830 4632 quibus
2875 4570 3086 4632 quan·

626 4663 873 4734 topere
923 4656 1326 4734 satisfieret,
1380 4657 1674 4721 Vicario
1732 4676 1894 4721 cum
1953 4658 2435 4721 consolatione
2485 4676 2614 4721 sua
2666 4658 3061 4723 referebant
