3679 5414
697 444 804 504 256
1602 441 1856 500 Canos.
1899 438 2056 499 Soc.
2099 440 2237 511 jas,

1159 695 1285 758 DE
1327 692 1713 758 NOSTRIS
1755 690 2704 756 INGOLSTADIENSIBUS

823 912 957 975 197.
1042 910 1121 973 In
1151 921 1297 973 toto
1328 910 1464 972 hoc
1496 927 1681 972 anno
1721 908 1971 972 Patres
2014 907 2341 971 Canisius
2384 917 2453 971 et
2498 907 2885 971 Gaudanus
2930 908 3188 996 Ing017

697 1019 907 1083 stadii
934 1019 1412 1099 perstiterunt,
1439 1025 1507 1079 et
1538 1015 1820 1096 quidem
1851 1015 2255 1077 auditorum
2280 1031 2617 1077 numerus
2644 1015 2715 1076 in
2740 1014 3154 1096 theologicis

694 1126 1109 1190 lectionibus
1138 1135 1389 1188 auctus
1417 1123 1570 1199 fuit,
1601 1141 1733 1186 nec
1763 1120 1988 1202 major
2017 1122 2145 1185 fuit
2174 1138 2484 1200 unquam
2515 1131 2636 1184 aut
2678 1123 2923 1185 melior
2962 1123 3150 1185 theo-

693 1234 907 1311 logici
937 1232 1148 1295 studii
1177 1231 1622 1294 instaurandi
1650 1247 1812 1310 spes
1843 1229 1913 1291 in
1942 1229 2423 1293 Universitate
2454 1227 3019 1309 Ingolstadiensi3
3054 1231 3149 1293 di-

693 1340 1101 1419 ligentiores
1130 1338 1343 1401 etiam
1374 1337 1841 1401 scholasticos
1870 1336 1941 1397 in
1986 1335 2577 1415 disputationibus
2617 1334 2912 1399 reddere
2951 1355 3147 1400 cura-

690 1448 885 1526 bant;
916 1445 1099 1509 unde
1131 1446 1220 1508 ad
1251 1444 1463 1508 aedes
1491 1462 1659 1506 suas
1688 1442 1894 1523 hujus
1924 1442 2393 1505 scholasticae
2417 1443 2963 1505 concertationis
2985 1460 3148 1522 gra-

690 1554 787 1615 tia
845 1570 969 1615 eos
1024 1552 1496 1630 adducebant,
1551 1561 1620 1613 et
1671 1550 1739 1612 in
1792 1549 2164 1612 dialectica
2214 1566 2300 1612 ac
2349 1547 2792 1629 philosophia
2839 1553 3145 1614 naturali

691 1660 1148 1739 exercebant,
1183 1667 1259 1721 ut
1299 1659 1652 1721 extinctus
1684 1655 1831 1737 jam
1871 1656 2019 1719 fere
2057 1656 2462 1737 disputandi
2501 1673 2672 1720 usus
2711 1658 3038 1720 revocari
3077 1668 3148 1721 et

691 1766 1122 1829 reviviscere
1152 1766 1533 1828 videretur.
1568 1762 1707 1827 Sed
1737 1765 1809 1826 in
1838 1764 1980 1843 his,
2013 1782 2196 1844 quae
2224 1762 2314 1826 ad
2343 1764 2678 1843 pietatem
2708 1781 2792 1827 ac
2824 1764 3144 1845 spiritua·

689 1876 826 1937 lem
855 1872 1248 1953 profectum
1277 1872 1756 1953 pertinebant,
1790 1889 1933 1933 non
1962 1871 2215 1933 minori
2244 1870 2475 1934 studio
2504 1870 2791 1933 eosdem
2821 1859 3149 1935 excolere

690 1981 1076 2044 tentabant.
1112 1980 1365 2043 Ethica
1396 1979 1628 2057 lecti0‚
1664 1996 1877 2058 quam
1906 1978 1979 2040 in
2008 1979 2315 2058 gratiam
2346 1979 2836 2059 theologorum
2866 1991 3146 2059 praeter

594 2143 597 2144 γ
688 2099 957 2150 morem
986 2097 1300 2150 veterem
1328 2085 1403 2148 P.
1451 2084 1786 2148 Nicolaus
1826 2084 2217 2148 Gaudanus
2254 2086 2743 2166 praelegebat,
2787 2087 2961 2149 satis
2998 2086 3144 2149 feli.

686 2213 841 2258 cem
868 2194 1110 2258 habuit
1139 2210 1617 2274 progressum,
1654 2191 1830 2256 adeo
1862 2202 1939 2255 ut
1960 2191 2140 2271 juris
2174 2193 2615 2273 professores
2644 2210 2813 2256 suos
2844 2194 3142 2273 discipu·

686 2304 790 2365 los
818 2302 910 2365 ad
938 2301 1310 2364 lectionem
1340 2301 1532 2363 illam
1562 2299 1986 2362 audiendam
2007 2300 2387 2380 mitterent;
2413 2310 2559 2363 tam
2584 2309 2821 2363 autem
2844 2301 3147 2380 diligens

683 2420 837 2472 erat
868 2408 942 2472 P.
977 2400 1312 2470 Nicolaus
1343 2408 1414 2469 in
1458 2425 1586 2469 suo
1626 2424 1918 2470 munere
1961 2407 2314 2485 obeund0‚
2365 2417 2441 2471 ut
2483 2425 2621 2487 quo
2665 2416 2981 2488 tempore
3023 2410 3142 2471 alii

682 2515 914 2578 feriati
942 2524 1146 2577 erant
1177 2532 1218 2576 a
1248 2513 1544 2594 publicis
1573 2513 2026 2593 lectionibuS,
2058 2531 2421 2593 nunquam
2459 2515 2573 2577 ille
2602 2532 2690 2576 ne
2721 2514 2966 2578 diebus
2996 2515 3139 2595 qui·

684 2621 842 2684 dem
873 2621 1395 2684 canicularibus
1416 2639 1458 2682 a
1481 2620 1899 2682 lectionibus
1924 2630 2259 2701 cessaret3
2283 2621 2496 2683 immo
2521 2631 2688 2683 tunc
2715 2621 3144 2684 auditorium

683 2728 889 2792 solito
919 2728 1354 2808 frequentius
1392 2728 1654 2790 habuit.
1705 2726 1822 2791 Sic
1865 2737 2100 2791 autem
2143 2729 2449 2792 ethicam
2487 2728 2892 2791 Aristotelis
2935 2730 3140 2791 inter-

681 2836 1116 2917 pretabatur,
1172 2846 1246 2898 ut
1304 2836 1578 2898 versari
1635 2835 1705 2897 in
1762 2835 2180 2914 theologicis
2237 2833 2616 2898 videretur.
2677 2836 2754 2898 In
2783 2916 2786 2919 Ι
2811 2835 3138 2898 convictu

681 2942 895 3005 etiam
936 2942 1265 3005 familiari
1304 2943 1601 3005 multum
1650 2940 1993 3004 efficiebat
2025 2941 2210 3021 apud
2238 2958 2619 3020 germanos
2649 2941 3134 3017 scholasticOS,

680 3061 748 3112 et
776 3067 861 3112 eo
892 3067 1035 3112 non
1063 3066 1330 3128 paucos
1358 3049 1741 3128 permovit,
1774 3057 1873 3126 ut,
1908 3049 2096 3128 quod
2125 3058 2287 3111 ante
2319 3047 2389 3109 id
2418 3057 2696 3128 tempus
2726 3049 2959 3111 visum
2987 3048 3136 3110 ¹fue-

680 3167 789 3219 rat
819 3174 1177 3236 nunquam
1212 3155 1624 3236 Ingolstadii
1643 3204 1657 3233 ,
1690 3155 1989 3234 singulis
2018 3173 2196 3235 pene
2226 3154 2424 3217 festis
2454 3155 2701 3217 diebus
2741 3154 2830 3217 ad
2871 3155 3138 3219 confes-

680 3264 949 3326 sionem
998 3273 1065 3325 et
1117 3263 1679 3326 communionem
1737 3279 2019 3324 sacram
2076 3260 2517 3325 accederent.
2576 3262 2756 3325 Tum
2808 3263 3136 3325 homiliae

679 3370 1030 3450 quaedam
1072 3368 1652 3450 haberi'coeptae
1696 3369 1883 3431 domi
1926 3377 2242 3447 nostrae,
2296 3369 2548 3450 quibus
2581 3369 2797 3432 iidem
2842 3370 3136 3433 studiosi

678 3494 855 3556 quos
905 3477 1135 3556 magis
1174 3476 1557 3539 familiares
1596 3475 1980 3554 habebant,
2014 3493 2171 3538 sese
2202 3476 2292 3539 ad
2320 3477 2652 3557 pietatem
2692 3476 2920 3556 magis
2949 3477 3136 3539 exci-

676 3592 942 3662 tarent;
986 3583 1410 3647 adhibebant
1451 3593 1518 3646 et
1555 3583 1781 3646 nostri
1819 3583 2160 3646 lectiones
2201 3584 2545 3664 privataS‚
2598 3600 2735 3663 quo
2780 3582 3133 3646 efficacius

677 3709 801 3753 eos
831 3690 965 3753 sibi
994 3691 1486 3767 conciliarent,
1522 3699 1590 3753 et
1619 3690 1690 3752 in
1719 3690 1904 3752 bono
1935 3690 2253 3752 instituto
2296 3699 2821 3770 promoverent,
2864 3699 2932 3753 et
2961 3689 3009 3752 ii
3032 3688 3132 3770 ju-

676 3815 894 3860 venes
922 3814 1067 3858 non
1089 3815 1341 3877 parum
1371 3796 1874 3859 consolationis
1904 3796 2165 3858 nostris
2208 3814 2338 3858 nec
2369 3812 2622 3875 parum
2645 3795 3133 3859 admirationis

676 3903 833 3966 aliis
855 3922 982 3966 suo
1006 3905 1327 3983 exemplo
1351 3904 1763 3983 praebuere.
1790 3903 1900 3965 Ex
1915 3921 2054 3983 quo
2074 3912 2309 3965 autem
2333 3901 2406 3965 P.
2437 3902 2763 3965 Canisius
2780 3920 2909 3983 pro
2933 3903 3128 3967 scho-

675 4010 924 4073 lastica
953 4012 1253 4073 lectione
1286 4010 1753 4089 Evangelium
1795 4010 1882 4073 D.
1926 4009 2220 4091 Joannis
2258 4010 2754 4090 explicandum
2795 4009 3126 4089 suscepit,

671 4118 1110 4197 frequentius
1148 4128 1217 4180 et
1265 4118 1707 4180 constantius
1737 4117 2163 4180 auditorium
2196 4117 2457 4180 habere
2501 4116 2756 4197 coepit,
2800 4118 3125 4196 quamvis

672 4241 1042 4289 numerum
1071 4242 1336 4303 eorum,
1373 4225 1492 4304 qui
1522 4224 1830 4287 ethicam
1858 4224 2230 4286 lectionem
2258 4223 2664 4302 audiebant,
2698 4241 2843 4287 non
2875 4241 3123 4304 aequa-

670 4342 851 4411 rent,
884 4349 1095 4411 quam
1126 4349 1266 4394 non
1306 4333 1535 4393 solum
1564 4331 1890 4410 discipuli
1927 4328 2050 4392 sed
2081 4348 2326 4393 eorum
2367 4331 2693 4410 magistri
2733 4331 2976 4394 audire
3007 4350 3124 4393 vo-

668 4439 926 4501 lebant.
970 4437 1168 4501 Licet
1206 4448 1464 4518 autem,
1505 4448 1788 4517 praeter
1825 4436 2164 4499 lectiones
2202 4436 2289 4500 D.
2321 4436 2617 4518 Joannis
2658 4455 2743 4499 ac
2785 4438 2874 4501 D.
2918 4437 3119 4499 Pauli

668 4545 1008 4623 publicas,
1042 4546 1354 4624 reliquae
1385 4544 1575 4607 domi
1600 4544 2214 4624 praelegebantur,
2245 4545 2416 4607 nulli
2445 4554 2683 4608 tamen
2723 4545 2814 4608 ad
2852 4562 2976 4607 eas
3007 4562 3123 4607 au—

669 4650 961 4712 diendas
990 4651 1472 4729 denegabatur
1502 4667 1864 4728 accessuS,
1896 4659 1964 4713 et
1994 4667 2076 4713 ea
2100 4651 2601 4731 praelegebant
2629 4652 2810 4714 inter
2834 4662 3116 4714 caetera
