3679 5414
1499 533 1629 594 ΑΝ.
1672 533 1814 592 1552
2782 531 2886 592 611

421 679 797 760 provincia
827 678 1281 760 Guipuzcoae
1311 697 1439 760 per
1466 679 1888 761 praecipuas
1917 678 2132 742 urbes
2160 677 2511 742 Castellae
2541 677 2671 742 fuit
2694 677 2888 741 insti·

423 796 675 866 tutum3
707 795 778 850 et
807 776 1133 868 quamvis
1163 788 1236 850 in
1263 785 1776 867 Portugalliam
1802 803 1946 849 non
1973 785 2402 867 pervenerit,
2428 786 2626 848 labor
2650 795 2886 848 tamen

425 894 694 957 itineris
723 911 928 957 suum
972 911 1230 976 operae
1269 895 1574 975 pretium
1600 892 1846 956 habuit
1885 892 1977 955 ad
2017 892 2152 955 Dei
2191 893 2498 972 gloriam
2536 902 2605 956 et
2642 893 2886 955 multa·

427 1018 584 1064 rum
634 1002 1033 1065 animarum
1085 1001 1643 1065 consolationem
1695 1018 1781 1063 ac
1833 979 2166 1063 fructum.
2220 999 2430 1079 Nam,
2473 1009 2551 1063 ut
2590 1008 2891 1064 testatur

427 1107 579 1189 ejus
609 1126 870 1188 comeS,
904 1106 979 1171 P.
1015 1108 1506 1183 Bustamante,
1549 1125 1638 1170 ex
1677 1125 1816 1188 quo
1856 1107 1946 1170 ab
1986 1107 2390 1170 eremitorio
2421 1107 2891 1186 Magdalenae

427 1231 761 1295 egressus
792 1224 921 1295 est,
955 1215 1128 1278 nihil
1158 1215 1255 1278 illi
1284 1215 1623 1296 temporis
1660 1214 1902 1296 periit,
1950 1215 2074 1277 sed
2116 1231 2278 1277 cum
2315 1215 2628 1277 maximo
2658 1214 2891 1279 fructu

431 1322 685 1402 ubique
717 1331 1044 1385 versatus
1073 1331 1203 1401 est3
1238 1331 1306 1385 et
1335 1321 1486 1402 ejus
1515 1322 1879 1385 discursus
1908 1320 2034 1402 per
2063 1320 2445 1385 Castellam
2468 1331 2544 1384 ut
2567 1321 2706 1385 viri
2729 1339 2893 1403 apo·

430 1430 660 1492 stolici
713 1428 804 1493 ad
851 1429 1345 1493 seminandum
1395 1428 1531 1493 Dei
1574 1429 1871 1492 verbum
1921 1429 1994 1492 in
2036 1429 2315 1492 animos
2363 1438 2509 1492 tam
2554 1429 2894 1493 nobilium

430 1554 644 1617 quam
691 1538 1140 1617 popularium
1180 1537 1546 1601 hominum
1586 1536 1951 1617 utriusque
1993 1553 2211 1598 sexus
2253 1535 2403 1599 fuit.
2449 1534 2591 1599 Sed
2633 1545 2709 1600 ut
2747 1534 2893 1600 Sal-

430 1644 816 1707 manticam
843 1644 1162 1722 redeam,
1189 1644 1583 1724 Episcopus
1606 1652 1673 1706 et
1703 1643 1955 1724 reliqui
1978 1644 2443 1706 ecclesiastici
2464 1643 2894 1707 cathedralis

431 1751 805 1830 ecclesiae,
854 1750 1123 1813 nobiles
1152 1751 1315 1813 laici
1355 1759 1424 1814 et
1463 1749 1780 1830 primarii
1810 1751 2127 1830 religiosi
2165 1768 2324 1813 eum
2363 1751 2779 1831 inviserunt;
2825 1761 2896 1814 et

431 1858 615 1921 inter
659 1857 836 1920 alios
874 1856 1252 1921 Comitissa
1290 1856 1549 1920 Montis
1587 1857 1853 1936 regalis
1904 1866 1974 1920 et
2025 1856 2335 1920 Domina
2383 1857 2656 1936 Elvira,
2713 1875 2894 1938 quae

432 1965 521 2028 D.
556 1963 787 2045 Diego
817 1962 903 2027 de
932 1963 1270 2027 Acevedo
1301 1973 1672 2045 nupserat,
1717 1964 1907 2028 domi
1947 1973 2235 2027 nostrae
2273 1982 2432 2027 eum
2473 1965 2893 2044 inviserunt;

434 2080 503 2135 et
552 2081 833 2152 praeter
872 2089 1085 2151 quam
1128 2072 1314 2152 quod
1354 2072 1426 2134 in
1464 2071 1949 2152 spiritualibus
1990 2088 2074 2133 ac
2129 2071 2634 2151 temporalibus
2673 2072 2923 2135 Colle··

433 2179 630 2259 gium
657 2196 923 2241 novum
951 2176 1510 2241 Salmanticense
1546 2179 1921 2242 utilitatem
1949 2197 2092 2241 non
2115 2179 2449 2257 exiguam
2474 2180 2890 2258 reportavit,

433 2295 583 2349 tota
613 2303 699 2348 ea
729 2285 985 2349 civitas
1018 2295 1375 2349 commota
1405 2285 1492 2348 ab
1538 2303 1622 2349 eo
1659 2285 1880 2349 fuisse
1926 2286 2227 2350 videtur.
2271 2284 2749 2349 Concionatus
2792 2296 2898 2350 est

436 2393 814 2456 Dominica
845 2394 917 2455 in
946 2391 1172 2473 Albis,
1201 2393 1271 2456 id
1291 2393 1644 2473 Episcopo
1669 2403 1736 2457 et
1759 2393 2037 2456 clericis
2059 2393 2609 2473 postulantibuS,
2637 2395 2709 2455 in
2731 2403 2898 2457 tem·

435 2503 550 2582 plo
581 2500 669 2564 D.
705 2500 1118 2579 Augustini,
1162 2518 1302 2579 quo
1331 2518 1416 2563 eo
1447 2501 1559 2564 die
1597 2501 2018 2581 supplicatio
2049 2500 2488 2563 baeticorum
2532 2501 2900 2565 convenie-

433 2608 554 2672 bat
589 2606 629 2670 ¹.
664 2606 1066 2671 Adfuerunt
1097 2616 1335 2669 autem
1364 2607 1688 2669 concioni
1718 2608 2098 2687 optimates
2140 2616 2209 2670 et
2244 2608 2612 2688 praecipui
2648 2610 2901 2672 utrius·

436 2734 572 2797 que
602 2733 816 2779 sexus
844 2714 1187 2792 homineS,
1224 2724 1370 2778 tam
1401 2713 1682 2778 nobiles
1704 2733 1918 2796 quam
1949 2716 2196 2794 aulici,
2233 2723 2301 2778 et
2331 2716 2793 2780 cathedratici
2833 2726 2901 2780 et

435 2823 844 2886 scholastici
871 2820 1409 2898 Universitatis3
1446 2832 1516 2886 et
1557 2823 1748 2886 dedit
1790 2822 2140 2885 Dominus
2181 2823 2703 2901 evangelizanti
2744 2842 2900 2887 ver·

433 2931 599 2992 bum
627 2929 891 2992 virtute
918 2930 1164 2992 multa.
1199 2929 1278 2992 In
1308 2930 1606 3010 singulis
1637 2930 2091 2993 monasteriis
2140 2930 2635 3009 religiosarum
2654 2977 2668 3006 ,
2701 2949 2897 3011 prae·

433 3037 638 3101 fectis
667 3053 911 3099 eorum
939 3035 1011 3099 id
1038 3037 1582 3117 postulantibuS,
1615 3055 1978 3100 sermones
2008 3037 2409 3117 spirituales
2433 3036 2524 3099 ad
2545 3055 2694 3100 rem
2719 3039 2901 3119 ipsa·

314 3149 334 3167 '
432 3163 593 3209 rum
619 3146 961 3211 facientes
991 3146 1259 3225 habuit,
1294 3155 1362 3208 et
1392 3155 1537 3207 tam
1567 3144 1653 3206 de
1684 3145 2011 3208 doctrina
2041 3161 2256 3225 quam
2284 3144 2370 3207 de
2401 3147 2723 3224 exemplo
2747 3142 2900 3225 ejus

434 3251 995 3318 aedificationem
1027 3255 1188 3317 illae
1218 3261 1287 3315 et
1319 3252 1877 3315 consolationem
1907 3252 2292 3314 maximam
2315 3250 2736 3315 referebant.
2764 3251 2901 3315 De·

434 3377 627 3423 mum
666 3360 1250 3425 salmanticensis
1294 3360 1548 3422 civitas
1590 3368 1960 3439 tantopere
2005 3367 2358 3422 commota
2403 3358 2567 3438 fuit,
2616 3368 2692 3421 ut
2733 3376 2900 3439 quo-

435 3467 810 3531 dammodo
830 3468 918 3532 de
935 3469 1074 3532 alia
1096 3486 1174 3531 re
1198 3485 1340 3532 non
1364 3476 1697 3547 ageretur
1721 3476 1788 3530 et
1805 3475 2412 3547 conquererentur
2429 3466 2615 3547 quod
2639 3468 2903 3531 diutius

432 3574 688 3636 ibidem
719 3592 861 3638 non
893 3576 1262 3639 haereret.-

552 3679 692 3743 448.
779 3680 1043 3761 Rediit,
1095 3691 1306 3763 prout
1348 3692 1514 3746 ante
1553 3681 1945 3745 discessum
1983 3682 2445 3762 promiserat,
2497 3683 2569 3744 in
2608 3682 2901 3745 Provin-

433 3787 620 3850 ciam
651 3786 1105 3868 Guipuzcoae
1136 3799 1299 3853 ante
1325 3789 1703 3868 graviores
1732 3787 2028 3851 aestatis
2068 3789 2378 3867 calores;
2414 3788 2568 3868 sed,
2602 3797 2902 3868 urgente

432 3895 741 3958 Ducissa
771 3895 856 3958 de
886 3895 1113 3973 FriaS,
1149 3913 1390 3959 mense
1425 3896 1637 3979 Junio
1669 3896 1761 3959 ad
1797 3894 2116 3973 Reginae
2150 3895 2435 3959 domum
2466 3914 2544 3958 se
2577 3894 2903 3960 conferre

433 4002 692 4082 debuit,
728 4011 803 4066 ut
839 4019 956 4065 res
993 4003 1404 4066 monasterii
1433 4003 1624 4083 novi,
1659 4003 1746 4065 de
1784 4019 1924 4082 quo
1954 4002 2276 4081 superius
2306 4010 2545 4065 actum
2580 4011 2707 4081 est,
2736 4021 2902 4066 con·

431 4109 772 4173 stitueret.
809 4109 896 4172 Et
927 4126 1090 4172 cum
1119 4109 1215 4172 ibi
1238 4110 1506 4190 aliquot
1530 4109 1775 4172 diebus
1796 4108 2069 4187 fuisset,
2097 4109 2407 4172 occurrit
2429 4109 2658 4172 sorori
2680 4109 2899 4172 Fran·

432 4216 697 4295 ciscae,
746 4234 928 4297 quae
975 4235 1064 4280 ex
1106 4217 1539 4281 monasterio
1581 4214 1954 4296 gandiensi
2003 4234 2163 4306 cum
2211 4216 2369 4278 aliis
2413 4217 2763 4296 religiosis
2808 4218 2901 4280 ad

430 4322 874 4403 praedictum
906 4324 1416 4387 monasterium
1445 4322 2020 4387 constituendum
2060 4324 2132 4386 in
2172 4323 2383 4386 domo
2426 4322 2743 4403 Reginae
2779 4342 2901 4386 ve·

511 4564 529 4597 ¹
591 4564 944 4610 Salmantiuae
979 4565 1356 4610 Universitatis
1393 4563 1610 4618 alumni,
1649 4565 1782 4608 sicut
1816 4570 1870 4607 et
1912 4561 2219 4607 Parisiensis
2252 4569 2303 4607 et
2339 4564 2585 4618 aliarum,
2626 4565 2903 4610 distinctas

429 4639 578 4691 quasi
600 4643 799 4682 turmas
819 4638 1112 4682 conflabant
1131 4647 1225 4691 pro
1255 4637 1564 4681 diversitate
1599 4635 1867 4691 regionum
1900 4636 1952 4679 iu
1987 4635 2171 4689 quibus
2205 4635 2313 4679 nati
2350 4641 2526 4682 erant:
2561 4637 2896 4689 baeticorum,

428 4713 843 4764 navarreusium,
866 4709 1300 4764 aragoniensium,
1322 4715 1447 4762 etc.;
1479 4715 1694 4763 eratque
1724 4718 2062 4762 unaquaeque
2097 4713 2269 4751 turma
2303 4709 2397 4752 sub
2432 4708 2696 4762 cujusdam
2728 4712 2899 4755 sancti

434 4782 744 4836 patrocinio,
767 4792 916 4835 quem
936 4781 1397 4837 supplicationibus
1418 4779 1846 4836 (processiones),
1865 4779 2015 4832 ludis,
2037 4785 2158 4834 etc.,
2177 4778 2373 4824 habitis
2394 4781 2645 4824 colebant.
