3679 5414
676 464 790 523 264
1595 460 1851 522 Canon.
1894 461 2047 520 Soc.
2088 463 2228 535 JEs.

682 611 1083 689 principum
1142 618 1418 672 tantum
1472 610 1910 689 praestitisse
1967 608 2298 671 Canisius
2352 608 2598 671 scribit
2653 618 2994 689 quantum
3052 611 3144 673 ab

680 718 822 780 alio
849 716 933 779 de
957 715 1309 779 Societate
1334 734 1698 796 nunquam
1720 717 1791 779 in
1821 715 2204 780 Germania
2227 717 2319 779 sit
2339 717 2779 797 praestitum,
2806 734 2937 780 nec
2962 719 3142 780 alius

682 825 867 887 sicut
896 825 1010 887 ille
1039 841 1317 902 nomen,
1354 824 1705 903 originem
1735 834 1805 886 et
1834 840 2295 904 progressum
2323 822 2696 887 Societatis
2726 825 3135 904 explicavit,

680 940 751 994 et
778 932 876 994 ita
907 932 1335 1010 germanicis
1366 932 1622 993 animis
1653 929 1902 1008 infixit,
1936 940 2013 992 ut
2036 932 2530 998 auctoritatem
2551 932 2813 993 nostris
2834 942 2906 993 et
2932 931 3142 994 fidem

678 1039 1050 1116 invenerit,
1086 1056 1266 1118 quae
1297 1038 1388 1100 ad
1437 1037 1623 1100 hanc
1665 1037 1927 1100 Christi
1967 1038 2253 1101 vineam
2290 1039 2754 1101 excolendam
2797 1047 2951 1101 erat
2987 1057 3137 1118 per-

677 1146 1104 1208 necessaria.
1139 1146 1244 1208 Ea
1272 1145 1579 1207 hominis
1608 1157 1762 1207 erat
1793 1144 2179 1207 dexteritas
2209 1154 2286 1207 ut
2314 1153 2460 1207 tam
2490 1146 2782 1228 summis
2807 1163 3019 1225 quam
3040 1147 3138 1208 in·

676 1253 858 1315 fimis
898 1251 1298 1314 hominibus
1335 1270 1411 1313 se
1450 1252 1709 1332 optime
1749 1259 2276 1331 attemperaret,
2311 1262 2380 1314 et
2409 1253 2822 1330 quorumvis
2865 1252 3139 1315 animos

676 1360 812 1422 sibi
864 1360 1304 1438 conciliaret,
1357 1369 1436 1422 ut
1487 1360 1686 1422 multi
1727 1361 2156 1423 mirarentur
2193 1377 2330 1439 quo
2369 1369 2580 1440 pacto
2618 1360 3032 1441 simplicitas
3070 1369 3139 1423 et

679 1467 1028 1529 modestia
1058 1467 1175 1529 illa
1205 1466 1281 1528 P.
1318 1466 1596 1529 Claudii
1636 1485 1798 1530 cum
1838 1468 2264 1530 auctoritate
2306 1476 2375 1529 et
2412 1465 2619 1529 laude
2654 1468 2937 1546 publica
2975 1484 3135 1529 con-

670 1574 1109 1654 jungeretur,
1144 1584 1219 1636 ut
1248 1574 1423 1636 nihil
1449 1591 1593 1636 non
1624 1574 2004 1653 impetrare
2033 1576 2147 1636 vel
2177 1574 2473 1637 ridendo
2512 1591 2725 1653 posse
2752 1573 3134 1653 videretur;

674 1692 744 1745 et
774 1682 1062 1761 spiritus
1094 1680 1381 1743 Domini
1411 1682 1515 1743 sic
1558 1699 1718 1743 eum
1762 1679 2178 1762 adjuvabat,
2222 1692 2297 1744 ut
2337 1699 2482 1743 non
2520 1682 2891 1744 catholicis
2929 1682 3138 1744 modo

675 1799 1052 1869 pergratus
1082 1797 1150 1851 et
1180 1790 1271 1851 ad
1303 1788 1909 1851 confirmationem
1939 1787 2099 1851 fidei
2137 1788 2549 1851 commodus
2580 1789 2993 1852 adhortator
3036 1805 3138 1850 es·

676 1906 806 1972 set,
842 1895 965 1958 sed
994 1896 1417 1975 praecipuiS,
1447 1897 1569 1974 qui
1592 1905 1757 1958 tunc
1782 1896 2103 1974 aderant,
2128 1895 2661 1958 lutheranorum
2690 1895 3135 1974 consiliariiS,

676 2005 795 2085 qui
845 2005 1038 2067 illum
1088 2003 1173 2065 de
1225 2003 1359 2065 fide
1411 2003 1873 2065 disserentem
1912 2002 2322 2082 audiebant,
2363 2002 2820 2066 libentissime
2861 2003 3136 2065 satisfa-

673 2121 885 2175 ceret.
929 2110 1305 2190 Rogabant
1344 2111 1539 2173 illum
1581 2110 1667 2172 de
1706 2110 2037 2172 maximis
2068 2111 2574 2173 controversiis
2601 2120 2671 2172 et
2716 2119 3138 2189 argumenta

672 2237 801 2282 sua
840 2217 1323 2299 proferebant,
1369 2215 1791 2296 quibusdam
1821 2217 2036 2278 etiam
2065 2216 2436 2297 Episcopis
2464 2217 2989 2296 praesentibus;
3022 2216 3136 2278 ille

673 2343 871 2404 ver0,
907 2327 1027 2405 qui
1055 2342 1198 2386 non
1227 2325 1457 2386 solum
1489 2323 1868 2403 perdoctus
1898 2323 2021 2386 sed
2052 2333 2121 2386 et
2149 2325 2561 2403 praeclarus
2592 2323 2850 2387 artifex
2886 2324 2958 2385 in
2995 2331 3133 2385 tra-

666 2432 948 2495 ctandis
979 2431 1234 2493 animis
1263 2439 1439 2508 erat,
1478 2448 1563 2492 ea
1594 2430 1942 2493 modestia
1972 2431 2465 2510 respondebat,
2491 2431 2718 2493 nodos
2748 2430 3130 2510 aperiebat,

668 2539 1040 2618 scrupulos
1064 2537 1440 2616 eximebat,
1476 2546 1546 2599 et
1574 2537 1901 2599 veritatis
1940 2554 2231 2599 causam
2275 2538 2691 2615 illustrabat,
2726 2547 2802 2599 ut
2838 2555 2982 2600 non
3022 2555 3132 2598 ca-

671 2645 917 2709 tholici
956 2645 1183 2706 solum
1222 2643 1347 2706 sed
1377 2654 1446 2706 et
1474 2643 1814 2706 haeretici
1845 2644 2296 2723 mirarentur,
2324 2653 2394 2706 et
2416 2645 2535 2725 qui
2558 2654 2798 2725 partes
2828 2645 3135 2723 agebant

671 2752 1025 2817 Saxoniae
1054 2748 1307 2830 DuciS,
1345 2753 1530 2815 illius
1564 2752 1799 2815 verbis
1830 2753 2362 2831 rationibusque
2391 2753 2693 2833 permoti
2723 2752 2814 2814 ad
2842 2771 3133 2816 concor-

668 2862 861 2923 diam
884 2861 968 2922 de
994 2861 1338 2938 religione
1365 2861 1743 2922 ineundam
1767 2878 1922 2922 sese
1948 2860 2482 2940 convertebant,
2510 2860 2798 2922 adibant
2821 2878 3133 2924 summos

667 2968 1049 3049 principeS,
1070 2968 1145 3030 Ρ.
1166 2967 1539 3031 Claudium
1565 2967 2178 3045 commendabant,
2206 2975 2275 3029 et
2297 2983 2732 3047 magnopere
2755 2968 2826 3030 id
2851 2978 3131 3031 conten-

664 3076 927 3138 debant
964 3085 1040 3137 ut
1077 3076 1149 3137 in
1189 3074 1581 3138 Saxoniam
1631 3073 1969 3137 Claudius
2007 3073 2609 3153 proficisceretur,
2656 3093 2743 3137 ac
2791 3075 2878 3137 de
2922 3076 3131 3138 rebus

666 3183 829 3246 fidei
851 3201 1012 3246 cum
1043 3182 1367 3262 Philippo
1399 3181 1846 3244 Melanctone
1878 3181 2173 3260 aliisque
2203 3192 2440 3244 sectae
2467 3183 2884 3245 lutheranae
2913 3182 3132 3262 magi-

663 3291 833 3353 stris
863 3289 1245 3367 conferret,
1274 3290 1431 3369 plus
1460 3287 1874 3351 effecturam
1906 3289 2094 3369 apud
2124 3289 2281 3351 illos
2327 3289 2675 3352 eruditam
2712 3290 3132 3352 modestiam

662 3416 753 3460 ac
804 3395 1198 3460 modestam
1249 3394 1715 3459 eruditionem
1767 3397 1993 3475 illam,
2047 3413 2186 3475 qua
2227 3396 2362 3476 ipsi
2405 3395 2553 3476 jam
2600 3407 2835 3460 essent
2882 3396 3127 3476 adjuti,

666 3513 1040 3585 sperantes
1070 3520 1285 3583 quam
1307 3502 1772 3582 profecissent
1801 3520 2007 3565 acres
2038 3503 2337 3565 aliorum
2367 3503 2875 3583 disputationes
2908 3501 2949 3562 ¹.
2982 3502 3130 3566 Nec

667 3612 1094 3675 abhorrebat
1122 3610 1197 3673 P.
1251 3610 1529 3673 Claudii
1559 3611 1836 3673 animus
1867 3611 1957 3673 ab
1997 3629 2083 3674 ea
2125 3610 2563 3690 profectione
2605 3612 2676 3673 in
2718 3610 3126 3687 Saxoniam,

661 3722 753 3796 si,
780 3719 964 3799 quod
988 3718 1300 3798 optabat,
1329 3719 1464 3796 ipsi
1496 3717 1787 3798 adjungi
1815 3717 1892 3781 P.
1926 3719 2238 3801 Jacobus
2266 3719 2555 3798 Laynez
2590 3719 2963 3798 potuisset,
3005 3718 3130 3780 sed

661 3845 829 3890 cum
848 3827 1026 3888 alter
1048 3825 1403 3888 Viennam
1432 3824 1805 3904 proficisci,
1839 3826 2130 3901 scilicet,
2163 3824 2239 3887 P.
2274 3825 2615 3889 Claudius
2643 3826 2733 3888 ad
2755 3825 2972 3905 Regis
2994 3824 3126 3888 Ro-

668 3950 1067 4011 manorum,
1095 3942 1165 3994 et
1186 3933 1365 3994 alter
1386 3932 1458 3994 in
1488 3932 1809 3995 Concilio
1839 3949 2129 3995 manere
2152 3932 2242 3994 ad
2266 3930 2533 3995 Summi
2549 3931 2909 3995 Pontificis
2930 3949 3128 4011 prae-

664 4040 1007 4119 scriptum
1038 4039 1384 4118 debuerit,
1418 4038 1759 4119 profectio
1792 4040 1910 4101 illa
1948 4039 2307 4102 Saxonica
2332 4040 2597 4103 omissa
2626 4039 2775 4101 suit.

789 4145 930 4208 209.
1020 4145 1222 4208 Prius
1253 4154 1491 4208 tamen
1521 4163 1734 4225 quam
1762 4146 1837 4208 P.
1875 4145 2214 4209 Claudius
2256 4146 2615 4209 Viennam
2652 4145 3125 4227 proficiscere-

665 4264 804 4332 tur,
838 4253 1167 4332 quamvis
1198 4251 1671 4315 obedientiam
1700 4252 1775 4315 P.
1811 4253 2067 4331 Ignatii
2098 4253 2327 4332 prima
2350 4253 2706 4316 dominica
2735 4253 3126 4332 quadrage-

660 4360 891 4423 simae
930 4359 1020 4421 ad
1063 4359 1131 4420 id
1173 4358 1560 4438 acceperit,
1606 4358 2013 4438 aliquandiu
2058 4360 2246 4439 apud
2284 4358 2733 4422 Cardinalem
2770 4359 3124 4439 Augusta·

749 4636 767 4667 ¹
827 4634 959 4678 Vide
984 4634 1173 4677 cartas
1188 4645 1225 4687 y
1247 4637 1389 4677 οἰνος
1409 4635 1636 4677 escritos
1652 4634 1741 4677 del
1762 4634 1824 4676 Β.
1847 4635 1907 4677 Ρ.
1929 4634 2102 4677 Pedro
2122 4635 2297 4679 Fabro
2311 4669 2324 4687 ,
2343 4642 2381 4679 t.
2405 4646 2438 4687 1,
2460 4636 2676 4689 passim,
2706 4636 2795 4679 sed
2815 4638 3128 4690 praesertim

660 4716 785 4759 pag.
805 4707 860 4748 32
878 4713 932 4749 et
952 4717 1072 4759 pag.
1092 4705 1174 4748 295
1193 4712 1243 4749 et
1266 4711 1557 4760 sequentes.
