3679 5414
1477 509 1681 554 lum-:x
1717 506 1942 551 RERUM
2314 534 2320 540 .
2570 493 2581 500 “
2855 481 2976 543 819

2772 630 2931 686 Pags.

497 757 608 820 De
640 756 894 820 itinere
922 753 997 817 P.
1032 749 1380 832 Sylvestri
1408 757 1479 810 et
1507 746 1582 809 P.
1617 743 2098 810 Emmanuelis
2125 742 2200 806 in
2228 741 2596 805 Corsicam
2614 786 2629 799 .
2654 786 2668 801 .
2693 785 2707 800 .
2731 785 2748 800 .
2840 740 2955 802 461

499 855 609 918 ΒΕ
642 855 928 928 nostriS‚
961 851 1082 931 qui
1111 850 1180 912 in
1212 846 1527 912 Concilio
1557 843 1974 908 Tridentino
2004 840 2477 904 versabantur
2485 881 2746 901 .......
2840 839 2974 901 465

499 953 608 1018 ΒΕ
638 952 954 1031 Collegio
982 948 1363 1012 Patavino.
1396 993 1411 1008 .
1439 991 1476 1034 ,1
1480 981 2264 1005 ....................
2274 933 2279 936 ’
2288 981 2751 1000 ............
2840 936 2975 999 472

500 1052 610 1117 ΒΕ
637 1051 953 1131 Collegio
975 1049 1254 1112 Veneto
1270 1081 2751 1107 .....................................
2842 1035 2976 1098 480

497 1150 608 1215 ΒΕ
638 1151 795 1213 loco
827 1145 1253 1212 Bassancnsi
1267 1179 2751 1206 .....................................
2842 1133 2967 1196 489

499 1249 610 1313 ΒΕ
637 1248 694 1312 F
697 1247 1077 1311 errariensi
1108 1245 1162 1309 C
1168 1244 1427 1324 ollegio
1437 1279 2752 1304 ................................
2844 1234 2977 1296 490

500 1347 609 1410 ΒΕ
640 1346 957 1425 Collegio
985 1342 1416 1408 Bononiensi
1431 1377 2751 1403 .................................
2842 1332 2967 1396 502

499 1445 610 1510 ΒΕ
640 1444 954 1523 Collegio
983 1441 1392 1506 Florentino
1401 1477 2751 1506 ..................................
2843 1431 2975 1494 509

500 1543 610 1606 ΒΕ
639 1542 1032 1623 Tyburtino
1062 1539 1410 1618 Collegio.
1473 1574 2753 1600 ................................
2843 1529 2973 1592 516

498 1640 610 1705 ΒΕ
639 1640 954 1718 Collegio
984 1638 1478 1717 Neapolitano.
1514 1674 2588 1698 ...........................
2609 1620 2627 1692 ’.
2655 1674 2669 1688 .
2696 1674 2710 1689 .
2736 1672 2752 1690 .
2843 1627 2969 1691 518

497 1738 608 1803 ΒΕ
638 1738 957 1817 Collegio
990 1735 1430 1799 Messanensi
1440 1773 2753 1795 .................................
2843 1727 2972 1790 529

499 1838 608 1901 De
638 1837 954 1916 Collegio
978 1835 1488 1899 Panormitano
1505 1872 2753 1897 ...............................
2842 1825 2973 1888 544

502 1936 609 1999 ΒΕ
640 1935 849 1998 Patre
892 1935 1329 2013 Hieronymo
1368 1931 1608 1996 Natali
1653 1939 1722 1994 et
1762 1930 1920 1993 aliis
1960 1928 2377 2010 quibusdam
2416 1924 2761 1991 missioni-

617 2035 748 2097 bus
779 2034 850 2096 in
880 2033 1112 2097 Italia.
1149 2068 2753 2093 ........................................
2845 2021 2976 2084 550

501 2132 611 2195 ΒΕ
639 2132 903 2196 nostris
932 2128 1612 2210 Ingolstadiensibus
1629 2166 2755 2188 ............................
2848 2117 2979 2181 563

501 2231 611 2294 ΒΕ
641 2230 1031 2294 Viennensi
1060 2228 1375 2308 Collegio
1389 2265 2754 2290 ..................................
2848 2218 2977 2279 565

503 2328 614 2393 ΒΕ
644 2329 960 2408 Collegio
990 2326 1392 2391 Coloniensi
1402 2363 2755 2387 ..................................
2845 2317 2970 2382 582

504 2427 614 2490 ΒΕ
644 2427 960 2506 Collegio
990 2425 1421 2490 Lovaniensi
1437 2465 2309 2486 ......................
2328 2499 2331 2504 .
2334 2461 2757 2481 ...........
2847 2415 2975 2479 587

501 2525 612 2590 ΒΕ
641 2525 955 2605 Collegio
985 2523 1367 2587 Parisiensi
1390 2569 1404 2583 .
1442 2561 2755 2589 .................................
2848 2514 2978 2578 596

505 2624 616 2688 ΒΕ
647 2623 855 2687 Patre
883 2623 1270 2686 Francisco
1301 2621 1566 2702 Borgia
1595 2629 1664 2684 et
1694 2619 2089 2699 Ognatensi
2117 2618 2433 2697 Collegio
2448 2661 2753 2679 ........
2846 2613 2976 2677 600

501 2723 612 2787 ΒΕ
642 2723 956 2801 Collegio
986 2720 1526 2786 Salmanticensi
1549 2766 1564 2782 .
1599 2760 2756 2783 .............................
2846 2715 2975 2777 613

500 2819 610 2883 ΒΕ
640 2820 956 2900 Collegio
985 2820 1439 2900 Methymnae
1468 2819 1718 2899 Campi
1726 2858 2753 2881 ..........................
2846 2812 2975 2876 623

500 2917 611 2982 ΒΕ
640 2918 957 2997 Collegio
988 2918 1501 2981 Vallisoletano
1516 2958 2348 2980 .....................
2360 2950 2361 2953 =
2373 2957 2753 2976 ..........
2846 2910 2975 2974 628

502 3016 610 3079 ΒΕ
639 3015 954 3095 Collegio
991 3015 1343 3094 Burgensi
1357 3055 2755 3078 ...................................
2846 3009 2974 3072 629

499 3114 610 3178 ΒΕ
639 3113 955 3193 Collegio
985 3114 1467 3193 Complutensi
1476 3154 2755 3177 ................................
2847 3109 2973 3171 637

499 3212 608 3276 ΒΕ
640 3212 956 3292 Collegio
987 3212 1370 3276 Valentino
1396 3222 1464 3275 et
1486 3212 1999 3276 Barcinonensi
2008 3254 2754 3274 ...................
2847 3206 2975 3270 648

500 3312 610 3375 ΒΕ
639 3311 955 3391 Collegio
984 3309 1401 3374 Gandiensi.
1436 3352 2757 3373 .................................
2847 3307 2975 3369 659

503 3410 611 3473 ΒΕ
641 3409 716 3472 Ρ.
750 3408 1182 3472 Provinciali
1219 3408 1487 3472 Araoz,
1520 3452 2756 3472 ...............................
2848 3405 2972 3467 667

503 3508 612 3571 ΒΕ
644 3508 960 3588 Collegio
990 3508 1661 3588 Caesaraugustano
1676 3548 2753 3571 ...........................
2847 3505 2973 3567 672

506 3607 615 3670 ΒΕ
644 3607 1021 3670 Provincia
1054 3605 1533 3685 Portugalliae
1564 3624 1649 3669 ac
1679 3608 1908 3687 primo
1940 3606 2026 3671 de
2054 3607 2535 3672 missionibus.
2572 3650 2754 3667 .....
2846 3604 2972 3666 675

503 3705 613 3769 ΒΕ
640 3703 871 3768 Domo
903 3704 1436 3785 Ulyssiponensi
1445 3748 2754 3769 .................................
2847 3702 2974 3765 684

503 3802 612 3867 ΒΕ
641 3803 956 3883 Collegio
984 3803 1331 3866 Eborensi
1347 3848 2104 3867 ...................
2132 3848 2139 3855 .
2169 3846 2755 3865 ...............
2846 3800 2961 3863 691

505 3902 613 3964 ΒΕ
643 3902 957 3981 Collegio
982 3901 1542 3966 Conimbricensi
1556 3948 1732 3966 .....
1734 3907 1746 3921 ·
1759 3945 2753 3966 .........................
2844 3900 2970 3962 694

503 4001 613 4064 ΒΕ
641 4000 940 4064 Brasilia
953 4045 2752 4066 .............................................
2847 3999 2969 4061 717

503 4099 612 4162 ΒΕ
642 4100 840 4164 India
870 4099 1211 4164 Orientali
1243 4120 1328 4164 ac
1359 4101 1587 4181 primo
1618 4102 1704 4165 de
1735 4101 2052 4180 Collegio
2076 4100 2276 4165 Goae
2293 4143 2754 4164 ............
2847 4096 2971 4160 729

504 4197 613 4262 ΒΕ
643 4200 928 4279 nostriS,
957 4199 1079 4279 qui
1107 4198 1242 4262 hoc
1275 4217 1463 4262 anno
1497 4191 1813 4264 Ormuzii
1844 4201 2317 4265 versabantur
2331 4244 2753 4263 ...........
2848 4198 2968 4259 747

502 4295 611 4359 ΒΕ
643 4296 959 4377 Collegio
989 4296 1256 4361 Bazain
1285 4307 1353 4361 et
1384 4300 1644 4378 populo
1668 4298 1869 4362 Tana
1878 4343 2752 4362 ......................
2846 4297 2969 4360 753

502 4394 612 4460 ΒΕ
643 4395 976 4475 Collegiis
1007 4395 1304 4461 Cochini
1332 4408 1402 4461 et
1434 4398 1521 4461 de
1549 4398 1836 4477 nostriS‚
1870 4399 1991 4478 qui
2019 4399 2092 4461 in
2123 4398 2481 4462 maritima
2506 4397 2763 4462 Comu-

621 4494 759 4557 rini
790 4512 917 4557 ora
945 4494 1417 4560 versabantur
1432 4540 2758 4559 .................................
2850 4495 2971 4558 757
3056 4522 3061 4525 -

501 4591 612 4656 ΒΕ
641 4593 932 4671 nostriS,
966 4593 1084 4673 qui
1116 4594 1188 4656 in
1217 4594 1447 4657 insula
1477 4595 1722 4659 Ceilan
1751 4606 1819 4658 et
1851 4596 1924 4658 in
1953 4595 2235 4659 arcibus
2263 4593 2402 4659 Dio
2426 4606 2494 4659 et
2518 4595 2763 4660 Chiro·

621 4691 904 4755 mandel
931 4702 1310 4756 versantur
1318 4738 2753 4759 ....................................
2848 4693 2963 4756 761
