3679 5414
1541 514 1668 572 ΑΝ.
1715 513 1849 573 1551
2833 516 2940 575 133

586 660 689 723 68.
774 659 1154 741 Proposuit
1191 659 1268 722 P.
1312 661 1741 724 Franciscus
1783 660 2095 723 Palmius
2135 660 2210 723 P.
2256 660 2555 739 Ignatio,
2600 662 2718 742 qui
2748 663 2938 741 cogi*-

467 775 750 831 taverat
786 766 891 829 ad
933 767 1324 836 ,multorum
1372 768 1748 830 utilitatem
1790 776 1862 829 et
1901 765 2201 845 Collegii
2242 768 2457 830 etiam
2507 767 2940 831 dotationem

468 875 771 956 perutile
801 874 1145 952 futurum,
1182 883 1285 953 ut,
1321 875 1624 952 scilicet,
1667 874 1956 937 scholae
1997 891 2039 935 a
2076 875 2341 936 nostris
2380 875 2741 938 Bononiae
2783 891 2939 955 ape·

466 983 801 1060 rirentur;
843 982 947 1044 sic
988 982 1176 1044 enim
1219 990 1289 1044 et
1329 983 1587 1045 civitas
1626 981 1896 1062 aliquid
1934 981 2231 1044 subsidii
2273 981 2635 1045 daturaet
2676 982 2943 1061 privati

462 1090 666 1153 cives
697 1088 789 1151 ad
817 1096 1225 1151 nostrorum
1255 1089 1843 1151 sustentationem
1880 1089 2321 1151 liberaliores
2359 1088 2578 1151 futuri
2608 1089 2939 1151 videban-

466 1205 605 1260 tur.
637 1195 777 1258 Res
807 1195 1084 1274 Ignatio
1114 1195 1409 1275 placuit,
1446 1196 1567 1275 qui
1603 1195 1693 1258 ad
1717 1194 2113 1275 juventutis
2150 1195 2326 1257 bene
2367 1195 2942 1258 instituendaein

469 1303 722 1382 spiritu
751 1311 819 1365 et
847 1303 1101 1365 litteris
1121 1303 1476 1366 rationem
1499 1319 1776 1380 semper
1807 1302 1939 1365 fuit
1967 1303 2177 1365 valde
2200 1319 2614 1382 propensus
2649 1300 2942 1365 Inchoa-
2971 1347 2986 1362 .

470 1420 584 1473 tae
597 1426 770 1488 ergo
792 1417 954 1472 sunt
976 1409 1262 1471 scholae
1281 1409 1418 1471 hoc
1443 1417 1780 1472 autumno
1805 1410 2089 1471 nomine
2111 1407 2488 1472 Societatis
2511 1409 2641 1470 sub
2667 1409 2945 1472 initium

460 1516 832 1593 OctobriS,
876 1533 1057 1595 quae
1093 1516 1294 1594 prius
1344 1516 1432 1578 ab
1482 1516 1795 1579 externis
1832 1516 2415 1595 praeceptoribus
2453 1532 2676 1595 prope
2714 1516 2943 1595 ipsum

474 1622 867 1702 Collegium
897 1622 1339 1685 tenebantur.
1375 1622 1553 1684 Tres
1592 1632 1829 1685 autem
1870 1622 2138 1684 classes
2166 1623 2348 1685 locis
2377 1622 2753 1686 distinctae
2781 1631 2943 1686 sunt

473 1731 865 1808 institutae,
899 1738 969 1791 et
1010 1747 1345 1792 numerus
1384 1730 1976 1792 scholasticorum
2003 1729 2344 1810 paulatim
2374 1731 2792 1809 augebatur;
2824 1728 2941 1793 do·

474 1838 804 1900 muncula
832 1837 1048 1899 etiam
1074 1836 1316 1898 vicina
1338 1836 1429 1898 ad
1454 1835 1861 1899 scholarum
1882 1853 2088 1898 usum
2112 1844 2346 1916 empta
2372 1837 2944 1900 commoditatem

464 1944 565 2007 ⁸ad
594 1962 716 2006 eas
747 1942 1168 2023 aperiendas
1209 1943 1361 2005 sine
1400 1942 1932 2021 perturbatione
1973 1942 2404 2006 domesticae
2435 1945 2695 2024 quietis
2733 1945 2943 2024 paulo

474 2061 634 2132 post
664 2050 877 2114 dedit.
912 2050 1056 2113 Res
1077 2059 1313 2113 autem
1334 2067 1768 2130 magnopere
1797 2050 2354 2113 bononiensibus
2383 2052 2672 2130 placuit,
2705 2059 2775 2114 et
2796 2059 2945 2115 tam

474 2160 669 2239 pium
712 2174 892 2238 opus
931 2174 1377 2237 summopere
1419 2157 1867 2220 laudabatur.
1901 2156 2077 2220 Cum
2111 2167 2359 2221 autem
2387 2157 2463 2220 P.
2510 2157 2832 2238 Elpidius
2871 2159 2945 2221 in

467 2263 865 2329 subsidium
888 2262 1186 2342 Collegii
1210 2264 1677 2327 Bononiensis
1701 2264 1961 2326 missus
1992 2273 2199 2343 esset,
2227 2263 2319 2326 ad
2347 2265 2713 2329 meliorem
2740 2263 2941 2328 scho-

473 2374 702 2436 larum
738 2372 1254 2434 institutionem
1285 2381 1354 2434 et
1382 2372 1703 2434 ordinem
1732 2389 1875 2433 non
1903 2388 2156 2451 parum
2179 2372 2473 2434 contulit
2494 2370 2534 2434 ¹.

593 2480 694 2542 69.
784 2478 928 2541 Res
969 2479 1251 2541 interim
1295 2478 1697 2558 spirituales
1745 2478 1875 2540 sub
1919 2478 2241 2540 natalitia
2281 2477 2462 2541 festa
2507 2495 2654 2541 non
2690 2496 2944 2558 parum

477 2587 918 2666 augebantur
944 2594 1013 2648 et
1036 2603 1253 2665 supra
1276 2585 1724 2665 quingentoS,
1754 2585 2014 2648 auditis
2042 2601 2290 2647 eorum
2314 2584 2878 2649 confessionibus
2893 2586 2939 2660 ³,

480 2704 548 2757 et
570 2694 898 2774 quamvis
930 2711 1151 2774 usque
1174 2692 1267 2756 ad
1291 2693 1477 2756 hunc
1509 2693 1676 2756 anni
1705 2692 1915 2756 finem
1938 2691 2014 2756 P.
2041 2691 2358 2774 Elpidius
2382 2692 2944 2758 confessionibus

479 2801 852 2864 audiendis
875 2819 1165 2881 operam
1189 2799 1407 2879 dedit,
1442 2800 1609 2880 quia
1638 2809 1876 2862 tamen
1905 2800 2098 2863 fluxu
2122 2801 2375 2880 capitis
2403 2801 2701 2865 molesto
2729 2820 2942 2865 vexa·

478 2909 708 2987 batur,
741 2892 1117 2971 Patavium
1146 2908 1486 2970 remissus
1520 2914 1647 2969 est.

597 3013 697 3077 70.
785 3013 1008 3093 Hujus
1038 3015 1207 3077 anni
1241 3014 1440 3076 initio
1471 3011 1785 3075 Mutinae
1813 3012 1889 3075 P.
1919 3011 2283 3093 Sylvester
2311 3015 2677 3078 Landinus
2705 3033 2943 3078 versa-

476 3121 705 3199 batur,
761 3121 1089 3201 quamvis
1141 3121 1232 3183 ad
1291 3121 1451 3183 loca
1501 3120 1919 3182 mutinensis
1969 3119 2315 3184 dioecesis
2358 3119 2676 3200 juvanda
2727 3123 2943 3185 etiam

468 3228 921 3290 excurrebat.
965 3227 1195 3306 Quam
1231 3227 1477 3289 utilem
1518 3244 1809 3307 operam
1849 3235 1918 3288 et
1958 3226 2056 3289 illi
2096 3227 2373 3290 civitati
2410 3228 2830 3307 impenderit
2860 3246 2945 3290 ac

478 3334 628 3415 ejus
657 3335 966 3397 dioecesi
996 3333 1204 3397 facile
1229 3352 1319 3396 ex
1339 3333 1583 3397 verbis
1606 3333 1940 3413 Episcopi
1970 3333 2210 3413 colligi
2232 3341 2484 3415 potest,
2513 3336 2632 3416 qui
2657 3352 2820 3397 cum
2847 3336 2946 3398 7.*ι

477 3440 845 3504 Februarii
875 3424 1262 3520 P.‘1gnatio
1291 3441 1565 3520 gratias
1591 3447 1836 3519 ageret
1868 3440 2055 3519 quod
2084 3441 2150 3503 ei
2180 3440 2255 3503 P.
2290 3439 2709 3505 silvestrum
2737 3442 2943 3505 coad-

473 3547 778 3628 J'utorem
807 3549 1138 3627 dedisset,
1167 3547 1470 3610 affirmat
1491 3547 1826 3627 populum
1850 3547 2045 3610 illum
2072 3549 2434 3629 accepisse
2459 3559 2527 3612 et
2558 3549 2631 3612 in
2661 3550 2810 3612 dies
2832 3567 2943 3612 ac-

480 3655 715 3736 cipere
755 3664 1027 3718 tantum
1077 3655 1400 3718 utilitatis
1443 3672 1528 3716 ac
1578 3653 1930 3716 commodi
1980 3654 2398 3734 spiritualiS,
2452 3664 2527 3719 ut
2575 3665 2738 3736 post
2775 3655 2943 3719 San-

474 3771 672 3825 ctum
701 3760 1219 3841 Geminianum‚
1255 3769 1332 3824 ut
1360 3771 1524 3824 utar
1554 3760 1706 3841 ejus
1734 3761 1977 3824 verbis
2007 3760 2099 3838 (is
2129 3771 2364 3825 autem
2392 3762 2525 3826 fuit
2552 3762 2947 3844 Episcopus

481 3868 898 3932 Mutinensis
942 3877 1258 3948 tempore
1300 3869 1543 3947 magni
1581 3867 1841 3931 Leonis
1883 3866 2303 3947 Pontificis)‚
2346 3870 2437 3932 ab
2476 3869 2616 3932 alio
2645 3870 2948 3950 amplius

480 3992 843 4056 nunquam
882 3977 1271 4056 acceperit;
1317 3975 1503 4038 unde
1554 3974 1854 4052 rogabat
1907 3974 2163 4037 obnixe
2200 3983 2277 4038 ut
2319 3977 2526 4056 gregi
2567 3977 2945 4040 mutinensi

480 4083 695 4146 talem
725 4083 1093 4145 ductorem
1123 4100 1211 4145 ne
1242 4082 1572 4145 auferret.
2677 4102 2680 4105 ’

601 4189 701 4252 71.
788 4187 928 4252 Sed
958 4189 1029 4252 in
1060 4190 1330 4267 reliquo
1358 4186 1564 4267 hujus
1595 4187 1762 4249 anni
1801 4196 2140 4267 tempore,
2175 4189 2363 4269 quod
2395 4190 2653 4253 ibidem
2682 4192 2941 4271 exegit,

481 4393 786 4447 requisitam
805 4394 857 4436 in
877 4392 1226 4446 admittendis,
1252 4391 1302 4435 16
1320 4390 1467 4446 Mam
1498 4392 1681 4445 eidem,
1716 4392 1778 4434 de
1813 4391 2135 4435 admittendo
2167 4393 2217 4435 in
2239 4391 2554 4437 Societatem
2574 4394 2768 4447 joanne
2791 4395 2950 4439 Fran·

482 4466 618 4509 cisco
640 4464 897 4518 flmmeum
920 4464 981 4507 de
1002 4475 1100 4507 non
1121 4463 1437 4507 admittendo
1459 4463 1554 4507 nisi
1574 4464 1707 4506 sorte
1728 4469 1844 4517 post
1860 4474 2050 4506 annum
2065 4469 2250 4517 nepote
2271 4465 2535 4519 cujusdam
2551 4466 2751 4510 Nicolai
2767 4467 2946 4522 Pappi,

476 4535 537 4578 2⁶
556 4533 890 4589 Septembris.

566 4606 584 4639 ¹
640 4606 910 4660 Polaticus,
936 4617 1003 4649 ex
1023 4606 1422 4659 commissione,
1441 4605 1587 4649 Patri
1618 4605 1897 4651 Francisco
1930 4606 2150 4658 Palmio.
2174 4607 2235 4650 de
2256 4607 2553 4651 fundatione
2588 4608 2767 4654 domus
2787 4610 2949 4655 Bono·

480 4678 692 4731 niensis,
710 4678 766 4721 26
785 4676 1120 4731 Septembris.

564 4749 587 4780 ²
642 4748 725 4792 Sic
748 4749 799 4792 in
821 4760 959 4801 mss..
979 4759 1148 4800 sensu,
1170 4752 1227 4791 ut
1247 4752 1410 4802 patet,
1436 4748 1752 4803 imperfecto.
