3679 5414
1584 446 1712 505 ΑΝ.
1768 446 1900 507 1551
2868 447 2977 506 377

512 603 647 657 tur.
680 593 1024 672 Magister
1052 603 1292 656 autem
1322 593 1736 657 Gonzalvus
1761 594 1899 657 hoc
1936 594 2178 656 labore
2208 593 2279 656 in
2317 610 2617 673 gravem
2655 594 2973 658 incidens

513 700 1052 781 aegritudinem,
1085 719 1177 763 ex
1206 700 1406 764 curia
1435 702 1695 764 missus
1725 710 1831 764 est
1864 700 2413 780 Conimbricam,
2446 710 2515 764 et
2538 702 2725 782 apud
2746 700 2815 765 S.
2850 702 2973 765 Fe·

511 809 719 870 licem
749 824 894 869 non
923 808 1142 870 multo
1172 817 1333 888 post
1362 826 1453 871 ex
1480 809 1617 871 hac
1643 808 1792 870 vita
1823 809 2150 871 decessit.
2185 807 2425 871 Multis
2455 810 2786 889 operibus
2815 810 2973 873 cha-

512 914 744 977 ritatis
773 914 1031 977 ibidem
1073 914 1171 976 illi
1214 914 1463 979 Patres
1502 916 1882 994 vacabant,
1927 926 1995 978 et
2034 915 2331 995 Collegii
2369 916 2656 996 negotia
2695 917 2979 980 interim

515 1023 607 1084 ibi
645 1022 1022 1100 curabant;
1075 1039 1236 1085 cum
1287 1032 1522 1085 autem
1570 1022 1916 1086 habitatio
1957 1031 2362 1086 nostrorum
2402 1023 2611 1086 nimis
2662 1033 2862 1087 arcta
2908 1033 2977 1087 et

512 1127 956 1192 incommoda
986 1128 1357 1191 Almeirini
1387 1138 1595 1208 esset,
1625 1127 1835 1208 jussit
1871 1129 2027 1193 Rex
2067 1130 2389 1193 eamdem
2427 1148 2614 1193 novo
2656 1130 2979 1193 aedificio

512 1235 760 1316 augeri
810 1244 880 1298 et
930 1233 1373 1319 concinnari3
1427 1245 1496 1298 et
1543 1236 1826 1300 interim
1876 1238 2101 1300 nostri
2150 1237 2223 1298 in
2277 1237 2595 1300 vicinum
2644 1237 2979 1318 oppidum

511 1343 1026 1407 Sanctarenum
1056 1359 1132 1405 se
1163 1344 1634 1422 contulerunt,
1669 1344 1854 1406 unde
1886 1342 2094 1406 facile
2126 1344 2367 1407 curiae
2389 1343 2607 1423 Regis
2638 1345 2786 1408 suis
2808 1353 2975 1407 tem·

510 1451 801 1531 poribus
829 1450 1145 1512 aderant.
1183 1449 1359 1513 Cum
1400 1459 1635 1512 autem
1672 1449 1828 1513 Rex
1873 1451 2211 1530 exequias
2250 1468 2539 1514 suorum
2579 1460 2976 1531 parentum,

512 1557 832 1635 fratrum,
867 1566 936 1619 et
965 1556 1267 1619 filiorum
1295 1557 1506 1620 valde
1537 1558 1891 1620 solemnes
1922 1558 2396 1639 Ulyssiponae
2427 1559 2639 1621 vellet
2673 1558 2977 1620 celebra·

512 1682 620 1744 re,
647 1681 889 1727 secum
919 1682 1003 1726 eo
1033 1663 1322 1727 deduxit
1350 1663 1427 1727 P.
1461 1663 1841 1728 Simonem.
1885 1665 2108 1728 Erant
2152 1673 2389 1728 autem
2418 1665 2491 1727 in
2519 1664 2622 1728 eis
2664 1665 2983 1745 exequiis

511 1772 828 1835 sexcenti
871 1780 940 1833 et
989 1772 1292 1850 amplius
1342 1771 1679 1851 religiosi,
1721 1780 2007 1852 praeter
2036 1770 2446 1835 sacerdotes
2478 1773 2885 1835 saeculares
2913 1783 2983 1836 et

511 1879 759 1959 regiae
788 1880 1129 1959 capellae,
1163 1888 1232 1941 et
1260 1897 1304 1941 a
1343 1879 1456 1942 die
1483 1880 1695 1942 lunae
1733 1896 1956 1960 usque
1987 1879 2080 1942 ad
2109 1879 2296 1942 diem
2326 1880 2609 1943 veneris
2639 1881 2981 1961 exequiae

511 1984 913 2065 hujusmodi
939 1986 1306 2065 durarunt,
1335 1986 1589 2067 quibus
1612 1986 1978 2065 absolutiS,
2005 1986 2079 2049 P.
2108 1985 2353 2050 Simon
2373 1986 2559 2050 bona
2583 2005 2745 2050 cum
2769 1989 2981 2051 venia

522 2092 756 2172 Regis,
799 2102 874 2155 ut
904 2093 1228 2173 superius
1258 2102 1365 2156 est
1395 2093 1683 2171 dictum,
1718 2093 2245 2158 Conimbricam
2274 2112 2350 2157 se
2381 2095 2696 2158 contulit.

1008 2411 1138 2475 DE
1181 2413 1483 2477 INITIIS
1521 2413 1953 2481 COLLEGII
1994 2415 2500 2480 EBORENSIS

632 2628 772 2691 429.
861 2628 1262 2692 Cardinalis
1291 2629 1532 2692 Infans
1554 2629 2055 2711 portugalliae,
2083 2631 2466 2695 Eborensis
2488 2631 2981 2714 Archiepisco-

481 2799 488 2808 ,
516 2754 672 2816 pus,
701 2737 1093 2817 Collegium
1124 2737 1401 2800 Eborae
1432 2736 1957 2818 aedificaverat,
1986 2740 2077 2802 ad
2107 2738 2308 2820 cujus
2332 2740 2763 2803 dotationem
2787 2739 2981 2804 Sum-

515 2861 672 2907 mus
702 2843 1029 2907 Pontifex
1059 2845 1326 2907 reditus
1355 2845 1629 2925 aliquos
1660 2846 2186 2909 ecclesiasticos
2218 2856 2673 2910 concesserat
2702 2847 2851 2910 sere
2880 2865 2984 2910 se·

511 2951 1043 3030 ptingentorum
1072 2951 1526 3029 ducatorum;
1560 2961 1630 3015 et
1662 2953 1993 3033 quamvis
2035 2970 2385 3034 pauperes
2426 2955 2837 3018 sacerdotes
2873 2955 2983 3016 sui

512 3057 1191 3138 Archiepiscopatus
1215 3077 1306 3121 ex
1329 3059 1439 3122 his
1470 3060 1809 3123 reditibus
1834 3061 2025 3123 alere
2050 3060 2450 3123 Cardinalis
2476 3061 2978 3139 constituisset,

511 3174 757 3244 postea
786 3165 880 3228 ad
917 3163 1295 3229 Societatis
1335 3166 1729 3245 Collegium
1771 3167 2009 3248 potius
2052 3168 2470 3246 erigendum
2508 3169 2821 3231 animum
2864 3185 2983 3247 ap·

513 3271 834 3351 plicavit,
881 3272 1097 3334 immo
1147 3281 1217 3334 et
1267 3289 1531 3352 augere
1580 3272 2065 3337 fundationem
2115 3274 2300 3337 hanc
2352 3274 2537 3336 serio
2591 3275 2975 3353 cogitabat.

514 3376 733 3457 Hujus
762 3379 1154 3442 voluntatis
1184 3396 1401 3442 causa
1434 3381 1533 3442 illi
1560 3380 1845 3443 fuerunt
1873 3380 2231 3460 fortassiS,
2266 3381 2386 3460 qui
2426 3379 2560 3443 hoc
2601 3381 2753 3461 ipso
2795 3399 2985 3444 anno

513 3484 584 3546 in
615 3485 1330 3566 Archiepiscopatum
1358 3485 1507 3566 ejus
1535 3488 1735 3550 missi
1761 3497 1831 3551 et
1877 3488 1966 3551 ab
2009 3489 2162 3568 ipso
2208 3486 2572 3550 Cardinali
2608 3505 2735 3569 per
2778 3489 2980 3551 varia

512 3593 771 3672 oppida
800 3601 870 3655 et
899 3594 1111 3655 urbes
1142 3593 1526 3673 distributi,
1559 3594 1869 3658 fructum
1899 3595 2268 3674 egregium
2297 3595 2370 3657 in
2400 3594 2658 3658 horrea
2695 3594 2984 3659 Domini

510 3698 911 3762 intulerant.
938 3699 1032 3763 Ut
1062 3708 1301 3763 autem
1322 3717 1407 3763 ea
1433 3701 1519 3764 de
1542 3718 1620 3763 re
1649 3709 2016 3780 tractaret,
2050 3701 2290 3765 habito
2321 3699 2649 3781 Magistri
2677 3700 2986 3765 Simonis

511 3823 891 3885 consensu,
925 3807 1260 3870 evocavit
1297 3806 1696 3871 Cardinalis
1735 3825 1976 3871 mense
2007 3806 2208 3887 junio
2249 3807 2499 3871 Patres
2537 3808 2979 3872 Ludovicum

510 3910 865 3975 Gonzalez
893 3931 979 3976 ac
1001 3912 1349 3995 Joannem
1373 3913 1751 3993 Coviglion
1781 3924 1851 3977 et
1883 3932 2043 3977 cum
2075 3915 2209 3977 illis
2239 3915 2327 3977 de
2358 3914 2675 3995 Collegio
2707 3933 2833 3978 suo
2860 3914 2982 3979 So·

511 4018 753 4082 cietati
784 4020 1130 4083 tradendo
1164 4021 1478 4101 contulit,
1507 4031 1575 4084 et
1603 4030 1680 4084 ut
1710 4022 1802 4085 ad
1831 4038 1909 4084 se
1940 4021 2159 4103 aliqui
2188 4023 2658 4101 mitterentur,
2687 4024 2807 4103 qui
2829 4022 2982 4086 Col-

510 4125 676 4204 legii
705 4125 912 4206 hujus
941 4126 1401 4191 fundamenta
1425 4127 1773 4210 jacerent,
1808 4128 1885 4192 P.
1933 4128 2203 4194 Simoni
2246 4129 2560 4210 scripsit,
2610 4147 2820 4209 quem
2856 4149 2982 4211 per

502 4230 648 4311 jam
698 4233 926 4297 dictos
975 4234 1155 4297 duos
1194 4233 1442 4298 Patres
1492 4235 1577 4298 de
1629 4236 1955 4300 omnibus
2000 4236 2375 4300 certiorem
2414 4236 2604 4299 fecit.
2647 4234 2980 4317 Sequenti

508 4347 743 4403 autem
773 4339 1167 4422 Septembri
1196 4341 1404 4421 hujus
1432 4343 1603 4405 anni
1630 4341 1863 4406 denuo
1893 4351 1969 4406 ut
1998 4343 2215 4423 aliqui
2242 4342 2334 4406 ad
2377 4360 2452 4406 se
2496 4341 2589 4406 ad
2627 4343 2763 4406 hoc
2804 4360 2982 4424 opus

509 4445 984 4511 inchoandum
1015 4449 1460 4512 mitterentur
1487 4451 1775 4530 rogavit
1808 4448 1853 4510 ¹.

589 4617 605 4648 ¹
664 4615 945 4672 Hem-lens,
981 4617 1336 4673 portugalliae
1359 4618 1606 4674 Princeps
1635 4626 1687 4663 et
1719 4619 2013 4668 Cardinalis
2048 4620 2279 4676 Ignatio,
2315 4621 2378 4665 de
2412 4621 2664 4666 Evorensi
2694 4619 2976 4665 Societatis

507 4687 740 4742 collegio
760 4693 814 4731 et
834 4690 888 4731 in
906 4690 1401 4736 commendationem
1423 4689 1702 4735 Societatis
1717 4724 1729 4747 ,
1755 4691 1805 4735 10
1822 4692 2148 4737 Novembris.
