3679 5414
626 475 741 532 654
1548 474 1804 534 Cimon.
1850 473 2002 534 Soc.
2044 474 2184 547 Jsss.

748 619 890 682 535.
978 618 1219 681 Mense
1247 619 1431 701 Julio
1465 635 1627 681 cum
1656 619 2118 682 intellexisset
2147 618 2222 682 P.
2256 619 2577 699 Ignatius
2619 619 2877 684 deferri
2919 621 3097 684 redi-

631 737 776 789 tum
818 725 894 788 P.
936 726 1355 806 Hieronymi
1383 724 1798 789 Domenech
1841 727 1915 789 in
1955 724 2307 804 Siciliam,
2359 729 2685 806 quamvis
2727 744 2872 791 non
2899 729 3096 791 leves

632 851 888 896 causas
939 851 1061 896 eas
1113 834 1550 897 existimaret
1607 852 1788 914 quae
1847 852 2009 897 eum
2064 835 2573 914 impediebant,
2634 836 2797 915 quia
2859 845 3096 899 tamen

627 941 915 1003 omnino
946 940 1351 1005 educendus
1381 952 1534 1004 erat
1572 959 1661 1004 ex
1704 941 1945 1005 Sicilia
1988 942 2062 1004 P.
2111 942 2592 1023 Hieronymus
2620 942 2920 1023 NataliS,
2965 961 3096 1006 nec

628 1056 794 1110 ante
823 1048 1130 1111 reditum
1160 1047 1236 1110 P.
1271 1049 1688 1130 Hieronymi
1717 1050 1788 1112 id
1819 1050 1971 1113 fieri
2014 1060 2323 1130 poterat,
2373 1050 2446 1114 in
2490 1051 2928 1114 obedientiae
2956 1051 3096 1113 vir-

543 1237 560 1246 ,
629 1163 778 1217 tute
808 1153 1109 1234 injunxit
1139 1156 1215 1218 P.
1249 1156 1685 1236 Hieronymo
1728 1157 2141 1220 Domenech
2185 1167 2261 1220 ut
2304 1175 2467 1221 cum
2504 1159 2731 1238 prima
2760 1158 2949 1221 bona
2977 1176 3094 1220 na·

626 1262 924 1341 vigandi
952 1263 1488 1343 commoditate,
1524 1264 1584 1326 si
1614 1266 1903 1327 morbus
1945 1283 2089 1327 non
2132 1264 2531 1344 impediret,
2572 1265 2876 1328 Romam
2904 1267 3093 1327 veni-

625 1378 757 1431 ret.
790 1368 878 1431 Et
909 1369 1071 1449 quia
1113 1371 1383 1433 litteras
1425 1372 1700 1451 priores
1743 1370 1818 1433 P.
1868 1365 2347 1435 Provincialis'
2380 1382 2449 1435 et
2494 1373 2613 1434 alii
2652 1373 3096 1451 interpretati

625 1475 942 1554 fuerant,
976 1476 1107 1539 has
1137 1487 1376 1541 tamen
1408 1478 1773 1541 absolutas
1803 1480 2121 1559 scripsit,
2157 1496 2246 1542 ne
2274 1479 2360 1542 de
2399 1479 2785 1542 intentione
2816 1496 2946 1542 sua
2974 1479 3094 1542 du-

626 1583 915 1662 bitaret;
958 1593 1026 1646 et
1064 1585 1248 1647 intra
1295 1583 1539 1648 decem
1587 1595 1708 1649 aut
1758 1585 2132 1648 duodecim
2176 1586 2358 1664 dieS,
2406 1595 2778 1666 postquam
2826 1587 3097 1650 litteras

626 1692 1057 1770 accepisset,
1115 1691 1446 1754 Valentia
1498 1693 1830 1756 recedere
1891 1703 1958 1756 et
2022 1693 2500 1756 Barcinonam
2549 1694 2825 1770 venire,
2882 1703 2958 1756 ut
3007 1695 3100 1756 ibi

629 1807 1081 1878 exspectaret
1117 1800 1507 1878 navigandi
1553 1801 2034 1879 occasionem,
2079 1799 2309 1879 J‘ussit.
2356 1801 2442 1863 Et
2490 1801 2655 1880 quia
2698 1801 2895 1880 prius
2932 1802 3098 1864 scri-

631 1913 832 1983 ptum
862 1904 1093 1968 fuerat
1124 1915 1198 1969 ut
1229 1908 1618 1970 eminentes
1658 1908 1932 1987 aliquas
1970 1924 2316 1988 personas
2345 1926 2436 1970 ex
2466 1908 2606 1986 his,
2641 1925 2823 1987 quae
2856 1909 3100 1972 admit-

634 2020 981 2091 terentur,
1030 2021 1096 2075 et
1139 2031 1281 2075 non
1321 2031 1836 2094 quoscumque,
1880 2014 2180 2077 Romam
2219 2015 2559 2092 mitteret,
2594 2032 2781 2077 nunc
2825 2016 2887 2077 ei
2932 2017 3103 2078 scri·

635 2127 833 2200 ptum
863 2129 1001 2196 est,
1037 2121 1095 2182 si
1126 2123 1304 2183 tales
1335 2139 1477 2183 non
1522 2121 2043 2199 invenirentur,
2088 2130 2164 2183 ut
2203 2139 2358 2199 eOS,
2407 2123 2524 2202 qui
2568 2122 2876 2185 maxime
2906 2140 3101 2186 acce-

629 2224 884 2290 derent
915 2226 1014 2289 ad
1045 2227 1249 2308 prius
1285 2228 1715 2307 descriptam
1746 2228 2231 2305 eminentiam,
2280 2245 2521 2291 secum
2568 2228 2967 2292 deduceret.
3016 2230 3104 2292 Et

629 2332 820 2412 quod
861 2333 951 2395 ad
1002 2351 1321 2396 sororem
1373 2334 1745 2412 attinebat,
1799 2336 1885 2397 de
1932 2353 2067 2415 qua
2120 2336 2573 2398 consuluerat
2624 2336 2698 2398 P.
2753 2335 3105 2414 Ignatium

628 2457 728 2502 an
757 2442 1266 2503 monasterium
1295 2440 1573 2520 ingredi
1602 2441 1909 2520 deberet,
1944 2441 2376 2520 significavit
2409 2460 2486 2505 se
2518 2459 2661 2505 non
2682 2442 2945 2506 audere
2967 2443 3105 2506 hoc

631 2546 735 2609 1111
774 2547 1146 2610 consilium
1190 2547 1361 2609 dare
1390 2558 1466 2610 ut
1506 2548 2013 2611 monasterium
2053 2548 2576 2628 ingrederetur,
2619 2550 2681 2611 si
2720 2549 3104 2614 confideret

627 2670 796 2716 *cum
822 2653 1064 2717 divina
1087 2654 1321 2734 gratia
1345 2670 1421 2717 se
1445 2656 1638 2718 vires
1657 2655 2059 2719 habituram
2082 2655 2173 2719 ad
2195 2655 2616 2720 charitatem
2633 2657 3104 2722 exercendam

623 2769 843 2840 prout
883 2762 1036 2841 ipsa
1079 2760 1599 2840 destinaverat,
1630 2761 2168 2843 ,perseverando
2216 2772 2421 2826 extra
2474 2766 2983 2828 monasterium
3032 2766 3104 2828 in

633 2876 836 2931 casto
867 2886 952 2931 ac
994 2868 1254 2931 devoto
1294 2870 1581 2932 vivendi
1621 2870 1968 2944 instituto;
2016 2870 2341 2950 quamvis
2382 2872 2568 2933 enim
2598 2872 2670 2934 in
2697 2889 2961 2952 genere
2999 2891 3105 2936 se-

594 2975 871 3039 ‘curior
903 2975 993 3038 sit
1022 2977 1170 3039 vita
1196 2977 1606 3040 monialium
1632 2988 1699 3041 et
1726 2994 1973 3040 earum
1996 2986 2222 3040 status
2245 2977 2590 3057 praeferri
2614 2980 2866 3067 debeat
2888 2982 3104 3043 statui

627 3100 898 3163 earum,
934 3100 1116 3163 quae
1145 3085 1410 3147 liberae
1441 3095 1753 3160 manent,
1791 3084 2262 3148 consideratis
2297 3086 2846 3150 circumstantiis
2868 3105 3106 3167 perso·

523 3182 528 3188 ’
633 3207 917 3269 narum,
962 3192 1165 3254 aliter
1193 3208 1402 3271 posse
1433 3191 1518 3255 de
1548 3192 1683 3254 hac
1710 3193 1825 3254 vel
1855 3193 1974 3254 illa
2013 3210 2321 3272 persona
2346 3191 2681 3273 judicari,
2724 3195 3105 3274 praecipue

633 3297 693 3360 si
737 3316 878 3361 non
917 3298 1277 3361 videretur
1324 3299 1667 3379 impulsus
1711 3316 1796 3361 ac
1835 3317 2050 3362 verus
2090 3300 2378 3380 spiritus
2427 3299 2561 3362 Dei
2594 3301 2666 3363 in
2705 3301 3105 3382 hujusmodi

634 3421 941 3482 persona
992 3406 1084 3467 ad
1127 3406 1528 3485 ingressum
1573 3408 1644 3468 in
1685 3406 2124 3486 religionem.
2172 3407 2479 3470 Abstulit
2523 3407 2735 3471 etiam
2779 3410 3106 3472 timorem

634 3512 1113 3586 monarchiae,
1143 3511 1327 3592 quod
1361 3531 1445 3575 ea
1470 3511 1657 3591 juste
1679 3513 1781 3576 uti
1804 3529 2015 3593 posse
2038 3522 2198 3592 post
2223 3515 2813 3578 consultationem
2835 3515 3104 3580 Romae

637 3618 867 3681 visum
898 3627 1086 3682 esset
1113 3618 1153 3677 ¹.

634 3858 722 3901 tiis
743 3858 1062 3912 implicatum
1084 3858 1312 3910 videant3
1346 3860 1455 3913 ejus
1478 3867 1651 3902 tamen
1667 3859 1859 3913 judicio
1880 3860 2123 3913 relinquit
2154 3867 2211 3903 ut
2238 3860 2414 3903 videat
2441 3871 2506 3904 an
2527 3861 2709 3905 deceat
2730 3873 2785 3904 se
2813 3862 3100 3915 hujusmodi

635 3930 790 3973 rebus
824 3930 1139 3981 immiscere,
1176 3932 1414 3983 quamvis
1448 3930 1631 3973 decere
1667 3931 1819 3974 immo
1854 3937 2093 3984 oportere
2131 3932 2333 3974 omnino
2368 3933 2595 3975 sentiant
2631 3932 2923 3977 cardinalis
2957 3934 3018 3978 de
3053 3936 3103 3977 la

634 4000 811 4044 Cueva
832 4009 885 4043 et
906 4001 1012 4043 alii.
1036 4001 1183 4043 Adeo
1205 4001 1406 4055 Ignatio
1429 4002 1570 4044 cordi
1593 4001 1687 4045 fuit
1709 4002 1804 4044 hoc
1838 4001 2010 4045 Caroli
2044 4002 2266 4056 Borgiae
2300 4001 2651 4047 difficillimum
2674 4006 2960 4058 negotium.
2982 4006 3102 4049 licet

634 4072 678 4113 is
705 4070 845 4113 nulla
867 4076 1164 4124 praestaret
1185 4081 1361 4113 eorum
1383 4071 1447 4115 ad
1471 4082 1601 4125 quae
1624 4082 1751 4124 erga
1773 4070 2085 4115 Societatem
2107 4077 2160 4114 et
2181 4073 2490 4125 praesertim
2514 4073 2797 4117 Romanum
2818 4074 3104 4129 Collegium

636 4142 911 4183 tenebatur
928 4174 938 4192 ,
960 4147 1019 4185 ut
1041 4141 1177 4184 inter
1196 4141 1300 4184 alia
1321 4142 1472 4195 plura
1493 4142 1652 4184 etiam
1677 4141 1905 4195 Reginae
1937 4142 2215 4185 Bohemiae
2248 4148 2299 4185 et
2333 4142 2680 4187 Romanorum
2710 4144 2868 4198 Regis
2898 4146 3104 4189 litteras

635 4213 700 4255 ad
722 4211 1094 4266 Hispaniarum
1116 4212 1407 4265 Principem
1428 4213 1620 4255 habere
1644 4214 1928 4256 curaverit.

717 4285 731 4315 ¹
792 4282 1015 4335 Joannes
1035 4284 1097 4327 de
1121 4283 1296 4337 Vega.
1320 4283 1526 4328 Siciliae
1549 4284 1790 4338 Pro-rex,
1814 4284 2019 4339 Ignatlo
2041 4297 2156 4329 eum
2178 4298 2331 4330 orans
2362 4294 2418 4330 ut
2450 4299 2513 4328 ex
2536 4286 2785 4340 Hispania
2802 4288 2852 4330 in
2874 4287 3103 4332 Siciliam

637 4354 1009 4411 Hieronymum
1031 4355 1328 4399 Domenech
1349 4357 1563 4399 reducat
1578 4389 1588 4407 ,
1611 4368 1782 4399 mense
1803 4356 2068 4408 Januari0.
2092 4357 2280 4411 Ignatii
2313 4359 2375 4401 ad
2409 4357 2780 4414 Hieronymum
2810 4358 3103 4404 Domenech

640 4432 878 4479 patentes
897 4438 987 4470 seu
1008 4427 1345 4470 obedientiae
1365 4426 1575 4471 litterae
1591 4460 1602 4479 ,
1626 4429 1807 4482 quibus
1827 4439 1945 4471 eum
1960 4429 2106 4483 jubet
2136 4441 2201 4472 ex
2235 4429 2486 4484 Hispania
2516 4430 2889 4483 quamprimum
2908 4432 2959 4474 in
2983 4431 3105 4475 Sici-

630 4498 762 4540 ·liam
783 4497 953 4551 abire,
977 4499 1004 4541 2
1022 4497 1321 4551 Februarii;
1346 4499 1509 4541 eidem
1532 4498 1807 4551 Polancus,
1831 4507 1887 4542 ut
1908 4511 2080 4543 secum
2111 4502 2335 4555 aliquos,
2360 4502 2449 4545 sed
2482 4502 2726 4555 optimos,
2757 4513 2821 4543 ex
2853 4502 3105 4557 Hispania

637 4580 812 4613 secum
841 4570 1052 4621 afferat,
1076 4581 1231 4613 unum
1250 4571 1560 4623 praesertim
1591 4571 1674 4624 qui
1706 4571 1758 4614 in
1787 4572 1994 4625 linguae
2026 4583 2248 4624 graecae
2270 4579 2359 4616 aut
2391 4573 2579 4616 saltem
2600 4573 2792 4616 latinae
2814 4575 3103 4628 cognitione

638 4641 862 4684 emineat
880 4673 890 4693 ,
914 4641 1094 4684 eadem
1115 4640 1413 4692 die.—-Quae
1435 4642 1486 4685 in
1507 4642 1603 4684 hoc
1625 4653 1761 4685 num.
1788 4643 1871 4685 535
1899 4650 2083 4687 narrat
2107 4642 2360 4687 Polancus
2381 4645 2640 4698 pertinere
2672 4645 2842 4687 omnia
2863 4646 3104 4690 videntur

626 4711 702 4757 ad
723 4722 949 4756 mensem
969 4711 1159 4763 Julium
1189 4717 1239 4755 et
1273 4713 1584 4766 Augustum.
1617 4712 1828 4757 Certum
1858 4721 2032 4757 tamen
2054 4720 2133 4758 eat
2155 4726 2219 4757 ex
2250 4714 2479 4768 Regesto
2508 4715 2821 4759 litterarum
2844 4715 2895 4757 S.
2920 4716 3106 4761 Patris
