3679 5414
727 442 802 500 90
1635 440 1890 500 Cimon.
1932 440 2085 500 Soc,
2127 442 2266 514 Jas,

730 604 848 649 res
897 585 1275 650 Societatis
1321 595 1607 650 nostrae
1658 586 2204 649 commendavit:
2249 585 2383 664 Qui
2427 603 2584 648 cum
2627 596 2873 666 postea
2914 586 3200 651 domum

731 702 1051 756 nostram
1080 694 1290 756 simul
1321 710 1482 756 cum
1512 694 1671 756 aliis
1701 693 1928 755 tribus
1959 692 2460 756 Cardinalibus
2490 694 2700 773 gallis
2730 695 3072 774 venisset,
3100 695 3201 757 fa·

732 800 1099 862 miliariter
1130 809 1199 862 et
1229 809 1546 862 amanter
1577 817 1738 863 cum
1770 799 1848 861 P.
1881 799 2158 878 Ignatio
2190 801 2365 878 egit,
2402 810 2470 862 et
2500 817 2575 862 se
2616 801 2687 863 in
2724 809 3200 880 protectorem

732 905 1109 969 Societatis
1140 907 1211 968 in
1244 906 1519 969 Galliae
1548 923 1796 984 regno,
1833 915 2043 984 prout
2073 906 2149 968 Ρ.
2196 905 2514 985 Ignatius
2556 908 2876 986 optabat,
2922 909 3197 987 obtulit,

735 1012 1003 1076 addens
1051 1031 1180 1093 pro
1219 1030 1348 1075 sua
1386 1012 1826 1075 humanitate
1866 1030 1955 1075 ne
1994 1011 2316 1075 Societas
2368 1014 2563 1075 illum
2608 1031 2739 1092 pro
2790 1015 2930 1075 alio
2968 1024 3196 1094 prote-

733 1130 927 1183 ctore
978 1129 1463 1183 commutaret.
1521 1119 1835 1197 IS„cum
1888 1121 1957 1181 in
2003 1120 2310 1183 Galliam
2356 1118 2674 1195 rediiset,
2716 1120 2792 1182 Ρ.
2837 1121 3204 1201 Baptistae

730 1227 1057 1307 Violae0‚
1092 1228 1210 1307 qui
1243 1228 1472 1307 ipsum
1504 1210 1809 1304 adierat,
1848 1227 2069 1289 animi
2096 1227 2207 1288 sui
2236 1227 2674 1289 voluntatem
2705 1226 2794 1289 ad
2823 1225 3205 1290 Societatis

730 1353 845 1397 res
875 1334 1400 1415 promovendas
1430 1332 1884 1412 significavit;
1933 1342 2002 1395 et
2041 1351 2203 1396 cum
2242 1334 2314 1395 in
2351 1335 2659 1396 remensi
2701 1335 2990 1397 civitate
3025 1336 3201 1413 (erat

736 1443 923 1505 enim
972 1441 1582 1521 Archiepiscopus
1634 1439 1807 1519 ejus)
1861 1441 2301 1503 academiam
2343 1441 2773 1519 institueret,
2819 1459 3036 1521 opera
3082 1460 3201 1504 no-

733 1561 1042 1611 strorum
1073 1565 1148 1610 se
1186 1548 1286 1609 uti
1316 1549 1496 1610 velle
1526 1546 1725 1610 dixit.
1757 1547 2071 1627 Rogavit
2110 1548 2325 1626 igitur
2355 1565 2515 1610 eum
2544 1547 2620 1610 Ρ.
2656 1548 2975 1627 Baptista
3007 1558 3083 1612 ut
3111 1547 3201 1611 ad

733 1656 1188 1735 privilegium
1215 1654 1720 1717 naturalitatis
1744 1654 2204 1717 obtinendum
2227 1672 2430 1717 suam
2463 1672 2755 1734 operam
2779 1664 3195 1735 praestaret;

705 1822 710 1826 ,
736 1763 921 1842 quod
943 1763 1136 1843 pium
1155 1761 1459 1824 officium
1482 1779 1643 1824 cum
1665 1763 2049 1841 recepisset
2071 1763 2186 1823 ille
2210 1779 2285 1824 se
2309 1761 2683 1840 facturum,
2707 1763 2944 1824 statim
2961 1763 3026 1824 ei
3043 1778 3203 1841 sup-

733 1870 1215 1950 plicationem,
1260 1886 1470 1947 quam
1507 1877 1833 1949 paratam
1879 1868 2214 1945 habebat,
2258 1868 2334 1931 P.
2378 1869 2698 1948 Baptista
2732 1869 3001 1931 obtulit.
3035 1868 3204 1931 Post

733 1993 1003 2056 pauoos
1034 1985 1268 2039 autem
1300 1975 1481 2053 dies,
1525 1993 1685 2037 cum
1724 1975 1991 2054 Regem
2035 1976 2424 2038 Henricum
2463 1985 2649 2038 esset
2688 1994 2772 2038 ea
2802 1976 2887 2038 de
2926 1993 3003 2038 re
3035 1976 3200 2037 allo—

736 2093 941 2146 cutus
964 2092 1032 2146 et
1054 2083 1702 2146 Christianissimus
1725 2082 1879 2145 Rex
1902 2083 2123 2145 verbo
2147 2083 2285 2144 sibi
2309 2081 2376 2145 id
2400 2083 2684 2163 placere
2707 2082 3205 2161 significasset,

737 2191 972 2253 retulit
1002 2189 1403 2253 Cardinalis
1441 2189 1805 2268 Baptistae
1848 2189 2212 2252 obtentum
2253 2206 2407 2251 esse
2440 2189 2531 2267 id,
2576 2189 2764 2268 quod
2808 2188 3199 2267 petebatur.

734 2295 832 2359 At
861 2314 1006 2359 non
1037 2306 1181 2358 tam
1205 2295 1412 2358 facile
1434 2294 1564 2357 fuit
1587 2296 1864 2358 litteras
1886 2344 1898 2372 ,
1928 2313 2109 2375 quae
2131 2296 2588 2375 privilegium
2610 2303 3202 2372 contestarentur,

737 2420 950 2481 quam
999 2404 1229 2483 ipsum
1275 2401 1495 2481 Regis
1545 2418 1971 2464 consensum
2017 2402 2435 2481 impetrare3
2470 2403 2652 2481 regii
2692 2403 2878 2464 enim
2908 2400 3201 2464 Consilii

738 2510 1186 2589 approbatiO,
1221 2518 1598 2589 antequam
1635 2509 1948 2587 sigillum
1980 2507 2463 2572 Cancellarius
2508 2517 2923 2588 apponeret,
2968 2509 3204 2586 exige-

740 2617 977 2695 batur,
1005 2627 1074 2678 et
1099 2616 1379 2678 demum
1402 2616 1493 2679 ad
1515 2615 2043 2679 parlamentum
2067 2616 2457 2695 parisiense
2480 2633 2596 2678 res
2617 2623 2773 2678 erat
2796 2614 3196 2677 deferenda.

740 2724 974 2802 Unde,
1010 2725 1336 2803 quamvis
1366 2740 1489 2803 per
1521 2741 1596 2786 se
1628 2741 1788 2786 cum
1821 2722 2191 2803 dispendio
2219 2723 2652 2785 valetudinis
2693 2731 2761 2784 et
2799 2740 2924 2803 per
2968 2738 3205 2801 quem-

740 2830 907 2893 dum
947 2831 1165 2893 alium
1207 2848 1295 2893 ex
1323 2829 1664 2893 fratribus
1706 2830 1796 2892 ad
1848 2831 2119 2892 curiam
2161 2830 2487 2908 missum,
2537 2847 2678 2892 non
2729 2830 2992 2908 exiguo
3039 2845 3200 2890 cum

742 2946 1026 3017 sumptu
1064 2937 1457 3000 litterarum
1507 2937 1866 3017 expeditio
1908 2947 2157 2998 curata
2193 2936 2434 3014 fuerit,
2487 2936 2621 2998 hoc
2662 2953 2849 2998 anno
2892 2951 3037 2998 non
3073 2934 3207 2997 fuit

743 3046 1053 3121 obtenta3
1080 3045 1293 3106 immo
1315 3062 1448 3106 nec
1473 3044 1545 3106 in
1569 3043 1879 3106 Consilio
1910 3044 2110 3122 regio
2136 3042 2351 3122 (quod
2382 3042 2717 3104 strictum
2739 3041 3027 3118 vocant)
3050 3058 3207 3120 pro·

741 3154 993 3233 posita.
1036 3152 1125 3215 Et
1168 3153 1264 3214 ita
1303 3151 1911 3214 Claramontensis
1948 3150 2367 3230 Episcopus,
2411 3166 2543 3211 nec
2581 3158 2749 3211 tunc
2792 3167 2922 3211 nec
2961 3157 3208 3228 postea

749 3259 1031 3322 domum
1066 3260 1290 3336 illam,
1334 3267 1411 3320 ut
1441 3258 1763 3337 optabat,
1807 3256 2123 3335 Collegio
2163 3257 2523 3336 applicare
2573 3257 2830 3335 potuit,
2882 3255 3213 3335 quamvis

744 3367 884 3428 alia
934 3366 1122 3428 bona
1170 3365 1725 3445 patrimonialia,
1782 3363 1873 3425 ad
1918 3363 2570 3442 compensationem
2621 3360 2800 3442 ejuS‚
2862 3362 3209 3424 ecclesiae

746 3473 1340 3535 Claramontanae
1379 3472 1550 3534 dare
1600 3481 1894 3551 paratus
1945 3479 2150 3532 esset.
2196 3468 2343 3532 Nec
2380 3470 2531 3531 sine
2580 3469 3029 3548 providentia
3068 3466 3208 3530 Dei

745 3580 1091 3642 accidisse
1125 3580 1194 3642 id
1235 3579 1538 3656 videtur,
1581 3589 1656 3641 ut
1694 3596 1821 3640 suo
1863 3588 2178 3657 tempore
2218 3577 2633 3656 ampliorem
2673 3585 2740 3639 et
2781 3574 3209 3637 commodio-

745 3703 893 3749 rem
923 3688 1155 3748 locum
1187 3684 1564 3748 Societatis
1594 3684 1987 3762 Collegium
2014 3683 2305 3746 haberet
2338 3683 2380 3741 ¹.

829 3964 844 3995 ¹
903 3962 1171 4014 Polancus,
1195 3972 1261 4003 ex
1282 3961 1673 4012 commissione,
1694 3959 1876 4011 joanni
1902 3958 2171 4012 Baptistae
2193 3958 2254 4000 de
2275 3956 2458 4008 violis,
2492 3955 2628 4009 quid.
2661 3961 2715 3999 ut
2747 3956 3015 3999 desideriis
3036 3955 3212 3999 Clara-

747 4034 976 4078 montani
996 4032 1235 4087 Episcopi
1257 4021 1384 4075 satis
1405 4032 1511 4085 fiat,
1535 4031 1726 4074 Romae
1750 4041 1865 4073 cum
1887 4029 2248 4073 cardinalibus
2269 4028 2472 4071 Galliae
2494 4033 2697 4080 agetur,
2714 4028 2741 4069 8
2756 4026 3043 4071 Februarii.
3062 4027 3213 4082 Igna—

748 4107 849 4149 tius
871 4105 1127 4159 Episcopo
1149 4103 1569 4156 Claramontano,
1593 4104 1654 4146 de
1675 4102 1869 4146 nostris
1891 4100 2108 4144 Parisiis
2126 4099 2449 4154 degentibus,
2469 4100 2497 4141 9
2515 4099 2652 4152 Maii;
2675 4099 2810 4142 idem
2828 4098 3010 4142 eadem
3028 4098 3126 4151 die,
3147 4099 3215 4141 de

746 4179 944 4230 iisdem,
982 4176 1243 4220 Cardinaii
1280 4176 1522 4228 Guisano;
1559 4176 1694 4218 idem
1725 4173 1990 4217 Cardinali
2020 4172 2380 4225 Lotharingio,
2405 4172 2749 4214 consolatoria
2778 4172 2942 4214 verba
2964 4171 3025 4213 de
3048 4176 3212 4213 morte

745 4249 912 4302 patris
932 4254 984 4291 et
1007 4247 1354 4301 gratulatoria
1385 4247 1445 4289 de
1479 4258 1614 4290 novo
1636 4251 1794 4297 statu,
1820 4247 1863 4288 11
1891 4242 2478 4298 Augusti.-Cardina1is
2512 4243 2595 4285 hic
2632 4242 3017 4296 Lotharingius,
3040 4253 3129 4286 seu
3149 4241 3216 4284 de

747 4319 1109 4372 Lotharingia‚
1131 4319 1174 4361 is
1196 4325 1274 4360 est
1291 4350 1301 4370 ,
1324 4323 1381 4361 ut
1401 4325 1541 4360 recte
1563 4317 1796 4361 advertit
1816 4316 2006 4359 alicubi
2030 4315 2285 4357 Polancus
2300 4346 2310 4365 ,
2333 4314 2416 4367 qui
2439 4314 2700 4366 hucusque
2723 4312 3014 4356 Cardinalis
3034 4312 3214 4355 Guisa-

748 4401 842 4433 nus
863 4390 1030 4433 dictus
1046 4397 1138 4433 est.
1163 4387 1312 4442 Huic,
1336 4389 1420 4442 qui
1445 4387 1663 4431 Carolus
1685 4389 1970 4440 dicebatur,
1991 4391 2208 4440 patruus
2229 4390 2345 4428 erat
2366 4383 2606 4436 joannes..
2631 4383 2923 4427 cardinalis
2939 4383 3214 4427 Lotharin-

747 4461 878 4514 gius;
901 4472 998 4515 quo
1020 4473 1046 4504 e
1067 4462 1204 4504 vivia
1224 4461 1443 4512 sublato,
1468 4461 1561 4503 hoc
1582 4460 1692 4514 ipso
1712 4470 1846 4502 anno
1884 4457 1989 4500 1550
2018 4468 2115 4511 quo
2142 4456 2404 4508 Claudius,
2424 4456 2535 4509 ejus
2555 4456 2721 4499 frater
2751 4455 3022 4509 carolique
3044 4460 3216 4509 pater,

748 4532 1122 4586 Lotharingius
1144 4531 1439 4576 cardinalis
1460 4532 1713 4586 appellari
1729 4530 1946 4574 Carolus
1965 4529 2152 4584 coepit,
2170 4540 2286 4572 cum
2306 4528 2465 4582 prius.
2482 4533 2538 4571 ut
2561 4539 2592 4571 a
2611 4537 2797 4581 patruo
2818 4527 3211 4580 discerneretur,

746 4603 1006 4647 Guisanus
1037 4602 1720 4657 appellaretur.—Polaacus
1739 4601 1924 4655 Joanni
1956 4601 2224 4655 Baptistae
2246 4598 2401 4643 Viola
2418 4632 2428 4651 ,
2450 4599 2794 4652 gratulatorie
2826 4599 2887 4641 de
2920 4597 3215 4641 cardinalis

743 4675 965 4718 Guisani
988 4676 1110 4730 (jam
1133 4674 1480 4728 Lotharingii)
1501 4674 1552 4717 in
1572 4675 1805 4717 favorem
1828 4673 2094 4717 Sociorum
2112 4671 2475 4726 parisiensium
2493 4671 2672 4724 gestis,
2694 4671 2722 4713 3
2740 4670 3074 4724 Septembris.
