3679 5414
1511 514 1635 571 ΑΝ.
1683 513 1813 571 1551
2625 521 2643 540 ·
2778 505 2889 565 219

410 662 530 724 nis
559 660 908 724 rationem
945 660 1272 738 exposuit
1315 668 1385 722 et
1427 658 1633 721 officii
1676 658 1787 720 sui
1823 655 2396 732 commonefecit;
2442 664 2512 716 et
2557 652 2884 734 quamvis

409 785 562 830 non
609 785 862 848 parum
892 766 982 829 ab
1011 766 1113 830 eis
1143 766 1541 844 timeretur,
1576 765 1722 828 fere
1753 764 2079 827 omnibus
2106 772 2343 825 tamen
2373 760 2876 823 satisfaciebat.

408 874 596 938 Cum
635 872 871 937 autem
908 875 994 936 de
1032 874 1151 936 illo
1197 872 1812 952 archiepiscopatu
1857 869 2235 933 obtinendo
2278 867 2564 948 quidam
2607 876 2878 946 ageret,

410 982 745 1061 quisnam
774 981 889 1043 ille
929 989 1113 1043 esset
1159 979 1552 1057 admonuit,
1602 996 1690 1041 ne
1733 994 1986 1058 parum
2024 977 2355 1040 idoneum
2395 975 2692 1053 elegisse
2724 991 2882 1053 poe·

417 1089 695 1151 niteret.

547 1194 681 1258 120.
766 1194 1222 1258 Messanense
1265 1193 1656 1270 Collegium
1703 1193 1777 1255 in
1825 1191 2065 1255 Sicilia
2100 1207 2388 1254 cursum
2427 1189 2710 1252 solitum
2747 1188 2883 1249 hoc

416 1321 607 1365 anno
636 1302 880 1381 tenuit,
915 1301 1165 1381 majori
1193 1310 1433 1363 tamen
1463 1300 1532 1362 in
1557 1299 1705 1362 dies
1730 1298 2052 1378 profectu
2083 1306 2152 1362 et
2181 1297 2416 1360 animo
2442 1295 2644 1377 juxta
2673 1311 2885 1357 voca·

417 1411 689 1473 tionem
734 1408 1047 1471 vivendi.
1091 1407 1465 1471 Admissus
1507 1415 1614 1469 est
1654 1407 1853 1469 initio
1892 1404 2098 1486 huJ‘us
2127 1406 2295 1468 anni
2337 1404 2409 1467 in
2451 1401 2888 1485 probationis

420 1518 711 1580 domum
746 1516 1033 1596 quidam
1072 1515 1256 1578 filius
1306 1514 1768 1578 Vicecomitis
1810 1514 1897 1576 de
1938 1513 2425 1590 Francavilla,
2471 1508 2887 1573 nobilissimi

420 1623 557 1686 viri
585 1622 1093 1701 MessanensiS,
1126 1640 1279 1696 non,
1301 1623 1528 1685 solum
1558 1638 1721 1684 cum
1748 1622 1935 1684 bona
1963 1620 2187 1700 patris
2207 1620 2453 1698 venia,
2485 1616 2608 1680 sed
2638 1617 2885 1680 eodem

420 1731 636 1793 etiam
672 1738 973 1808 rogante
1010 1738 1079 1791 et
1122 1729 1682 1792 commendante.
1730 1727 2283 1807 Quatuordecim
2324 1734 2492 1788 tunc
2537 1725 2652 1787 vel
2691 1724 2884 1803 quin·

422 1837 654 1900 decim
710 1845 912 1899 erant
967 1836 1039 1898 in
1098 1835 1615 1917 probationem;
1674 1836 1746 1897 in
1812 1833 2129 1913 Collegio
2186 1850 2360 1895 vero
2417 1831 2885 1911 undeviginti;

424 1961 668 2006 omnes
697 1961 992 2006 numero
1023 1952 1327 2024 quatuor
1356 1960 1573 2022 supra
1603 1943 1934 2021 triginta;
1968 1942 2093 2005 sed
2123 1958 2285 2003 cum
2306 1939 2382 2002 Ρ.
2411 1940 2889 2019 Hieronymus

422 2050 832 2124 Domenech
859 2050 931 2113 in
954 2050 1371 2131 Hispaniam
1398 2050 1911 2129 profectionem
1939 2058 2258 2127 pararet,
2292 2046 2368 2109 P.
2410 2046 2889 2126 Hieronymus

419 2157 692 2221 Natalis
723 2156 1018 2237 Proregi
1046 2158 1297 2221 adesse
1326 2166 1395 2220 et
1424 2157 1816 2236 Collegium
1837 2155 2294 2218 Messanense
2318 2154 2448 2217 sub
2470 2152 2545 2215 P.
2573 2152 2887 2216 Antonio

425 2264 731 2328 Vinchio
783 2265 1176 2344 relinquere
1231 2274 1527 2326 coactus
1576 2272 1682 2326 est
1732 2281 1774 2326 a
1817 2261 2297 2325 decimasexta
2341 2261 2453 2323 die
2495 2259 2888 2337 Februarii,

424 2389 565 2451 qua
595 2371 847 2435 litteris
869 2370 1201 2451 Proregis
1231 2381 1604 2450 evocatuS,
1647 2369 1980 2432 Messana
2024 2369 2139 2432 ille
2178 2377 2594 2431 recesserat.
2638 2365 2890 2429 Gravi·

320 2507 323 2510 >
426 2488 534 2541 ter
581 2487 727 2540 tam
779 2477 1199 2557 Collegiales
1255 2496 1467 2557 quam
1520 2476 2050 2555 MessanenseS,
2104 2474 2524 2556 praesertim
2576 2473 2692 2554 qui
2743 2470 2890 2552 ejus

425 2585 763 2648 lectiones
822 2584 1066 2648 audire
1096 2585 1283 2648 soliti
1324 2594 1527 2647 erant
1569 2585 1641 2646 in
1685 2583 2255 2664 quadragesima,
2305 2580 2454 2661 ejus
2499 2581 2892 2644 absentiam

425 2695 756 2756 tulerunt.
813 2692 987 2757 Cum
1039 2701 1278 2756 autem
1323 2701 1604 2773 praeter
1652 2699 1931 2772 tempus
1969 2691 2201 2772 ipsum
2247 2688 2885 2771 quadragesimale,

422 2798 730 2879 jubilaei,
764 2811 1054 2880 propter
1085 2799 1478 2864 Concilium
1508 2799 1862 2878 concessi,
1897 2798 2133 2878 gratia
2163 2797 2361 2860 multi
2389 2797 2481 2860 ad
2511 2795 2887 2859 confessio·

425 2924 587 2970 nem
615 2916 1091 2986 moverentur,
1120 2906 1344 2970 nostri
1366 2905 1819 2985 SacerdoteS,
1848 2906 1968 2985 qui
1989 2903 2365 2968 Messanae
2387 2904 2885 2981 versabantur,

428 3023 591 3077 ante
625 3015 857 3077 lucem
887 3014 1306 3077 matutinam
1335 3032 1557 3094 usque
1588 3013 1678 3076 ad
1709 3014 1891 3076 duas
1912 3015 2127 3076 horas
2146 3012 2377 3074 noctis
2407 3012 2480 3073 in
2509 3009 2885 3074 confessio·

424 3120 629 3183 nibus
660 3129 860 3184 erant
884 3138 1104 3201 usque
1136 3120 1313 3183 adeo
1338 3121 1696 3200 occupati,
1725 3131 1802 3183 ut
1832 3117 2353 3201 quodammodo
2378 3117 2732 3197 respirare
2764 3116 2890 3178 vix

427 3228 698 3306 liceret3
731 3237 800 3291 et
828 3237 1066 3291 tamen
1110 3245 1383 3306 eorum,
1427 3228 1543 3307 qui
1592 3227 1684 3291 ad
1720 3236 2004 3290 nostros
2045 3225 2596 3302 conveniebant,
2639 3221 2890 3302 majori

430 3335 613 3412 parti
644 3334 970 3398 satisfieri
999 3353 1144 3399 non
1184 3344 1494 3415 poterat;
1520 3335 1639 3415 qui
1664 3334 2038 3398 dominicis
2060 3333 2306 3396 diebus
2327 3332 2422 3395 ad
2461 3330 2886 3394 communio·

434 3457 595 3504 nem
643 3441 1108 3520 accedebant,
1161 3442 1409 3522 primis
1458 3442 1818 3505 mensibus
1868 3439 2076 3520 hujus
2125 3440 2294 3503 anni
2343 3437 2433 3501 ad
2483 3446 2762 3501 centum
2821 3445 2890 3498 et

432 3549 943 3629 quinquaginta
973 3548 1119 3612 fere
1149 3549 1646 3612 ascendebant.
2615 3540 2618 3547 ⁴

555 3654 687 3718 121.
775 3655 953 3719 Cum
971 3664 1205 3719 autem
1228 3656 1478 3719 classis
1500 3665 1865 3719 turcarum
1887 3656 2026 3718 hoc
2050 3671 2235 3717 anno
2258 3654 2351 3717 ad
2373 3653 2664 3716 Africae
2695 3669 2887 3714 recu—

432 3763 866 3839 perationem
888 3764 1004 3825 vel
1027 3763 1116 3825 ad
1140 3761 1423 3826 Siciliae
1453 3771 1521 3825 et
1544 3762 1845 3842 Apuliae
1868 3772 2077 3842 atque
2101 3761 2471 3824 Calabriae
2495 3759 2892 3825 maritimas

433 3886 595 3931 oras
632 3869 1070 3933 infestandas
1120 3870 1516 3933 adventura
1566 3878 1781 3947 esset,
1835 3869 2157 3932 homines
2205 3868 2403 3930 multi
2453 3867 2588 3930 hoc
2636 3867 2888 3930 timore

434 3975 716 4039 adducti
754 3978 846 4039 ad
883 3977 1397 4040 confessionem
1436 3985 1892 4057 peccatorum
1936 3976 2148 4039 etiam
2189 3984 2349 4054 post
2387 3973 2664 4037 Pascha
2704 3992 2890 4038 com-

433 4084 919 4148 movebantur.
948 4085 1125 4148 Cum
1149 4095 1386 4148 tamen
1408 4084 1683 4147 externi
1705 4085 2182 4161 turbarentur,
2197 4083 2329 4164 -qui
2355 4083 2426 4145 in
2449 4082 2890 4165 probationis

429 4191 717 4255 domum
766 4209 808 4253 a
858 4190 1209 4256 Societate
1266 4192 1556 4255 admissi
1612 4190 1893 4254 fuerant
1947 4208 2191 4254 eorum
2247 4190 2402 4269 filii,
2463 4207 2606 4251 non
2661 4192 2891 4252 solum

431 4298 758 4379 intrepidi
798 4300 870 4362 in
907 4299 1055 4362 suis
1098 4299 1721 4362 exercitationibus
1756 4299 2265 4375 versabantur,
2297 4314 2431 4359 nec
2461 4297 2546 4359 de
2575 4295 2894 4377 paternis

431 4399 757 4469 'domibus
798 4407 1199 4486 repetendis
1242 4407 1581 4485 agebant,
1629 4405 1750 4469 sed
1796 4406 1886 4468 ad
1926 4406 2163 4468 omnia
2200 4413 2489 4486 propter
2528 4403 2889 4467 Christum

432 4512 871 4592 patiendum,
914 4516 983 4576 et'
1024 4514 1116 4577 ad
1157 4514 1570 4576 servitutem
1599 4521 2012 4594 perpetuam
2055 4521 2123 4575 et
2167 4513 2258 4575 ad
2294 4520 2596 4575 mortem
2625 4527 2893 4589 magno

435 4620 670 4683 animo
701 4621 935 4700 parati
964 4630 1199 4701 erant,
1244 4629 1313 4684 et
1349 4619 1441 4683 ad
1484 4619 1967 4683 exhortandos
2004 4619 2259 4683 milites
2289 4620 2379 4682 ad
2408 4617 2688 4682 moenia
2720 4618 2886 4681 civi-

434 4727 600 4789 tatis
628 4743 704 4789 se
744 4726 967 4789 ituros
1006 4743 1269 4806 magno
1312 4727 1548 4790 animo
1592 4726 2015 4806 offerebant3
2060 4735 2263 4790 tanta
2302 4744 2425 4789 eos
2468 4726 2889 4806 consangui-
