3679 5414
1583 535 1588 540 ¹
1615 472 1740 529 ΑΝ.
1789 471 1927 529 Ιᾱῖὶ
2893 473 3004 533 655

636 613 779 676 536.
869 612 944 676 P.
994 632 1165 693 ergo
1204 614 1682 695 Hieronymus
1719 616 1858 679 25.ἃ
1905 614 2215 695 Augusti
2242 617 2579 680 Valentia
2628 617 2992 697 profectus

514 729 628 784 est
666 722 854 785 intra
901 723 1382 802 praescriptos
1433 723 1615 802 dies3
1669 723 1855 803 quod
1906 733 2143 786 tamen
2193 722 2341 786 fieri
2391 742 2533 787 non
2573 726 2799 803 potuit
2843 727 2995 789 sine

518 845 783 908 magno
814 829 1078 891 doloris
1107 847 1322 893 sensu
1350 830 1422 892 in
1452 831 1720 909 multiS‚
1773 831 1890 909 qui
1931 850 1974 893 a
2013 849 2089 894 se
2130 831 2370 894 divelli
2409 832 2533 894 tali
2575 841 2891 912 tempore
2926 841 2996 918 et

519 952 760 999 rerum
788 944 977 999 statu
1006 935 1082 999 P.
1116 936 1628 1024 Hieronymum
1660 954 1876 1017 aegre
1918 938 2299 1002 admodum
2337 938 2678 1002 serebant.
2717 938 2990 1002 Consti-

519 1042 652 1104 tuit
681 1053 919 1107 autem
957 1041 1335 1107 Rectorem
1376 1044 1672 1107 fratrem
1710 1055 2063 1124 nostrum,
2108 1045 2531 1124 cognomine
2579 1045 2990 1125 Gamerum,

515 1149 638 1227 qui
676 1151 978 1212 caeteris
1018 1152 1250 1230 magis
1288 1151 1585 1214 idoneus
1629 1151 2031 1228 videbatur,
2087 1152 2289 1231 eique
2331 1150 2631 1231 injunxit
2676 1155 2754 1216 ut
2793 1162 2999 1216 extra

518 1264 840 1336 tempora
877 1257 968 1319 ad
999 1257 2078 1351 sacerdotium‘promoveretur;
2114 1259 2582 1322 scholasticus
2619 1259 2807 1322 enim
2844 1268 2999 1323 erat

521 1362 943 1443 theologiae,
1000 1365 1114 1428 cui
1163 1364 1340 1428 duos
1392 1383 1617 1428 annos
1660 1364 1810 1445 jam
1860 1365 2323 1445 impenderat.
2365 1366 2455 1429 Et
2506 1366 2693 1446 quod
2744 1367 2997 1430 classis

521 1480 886 1535 turcarum
953 1471 1143 1536 sama
1212 1473 1715 1553 percrebuerat
1784 1473 1858 1535 in
1917 1472 2295 1553 Hispania,
2356 1491 2498 1535 non
2564 1473 2997 1537 existimavit

523 1576 599 1639 Ρ.
633 1577 1113 1659 Hieronymus
1142 1581 1401 1642 multos
1442 1599 1530 1643 ex
1571 1581 1712 1657 his,
1750 1581 1870 1660 qui
1917 1579 2007 1641 ad
2049 1577 2478 1642 Societatem
2507 1580 2991 1660 adspirabant,

519 1686 634 1747 vel
662 1685 969 1765 ingressi
1006 1704 1164 1749 eam
1202 1685 1352 1766 jam
1389 1697 1623 1765 erant,
1675 1687 1748 1749 in
1787 1687 2067 1750 Italiam
2107 1702 2263 1748 esse
2303 1684 2781 1761 deducendos;
2835 1705 2996 1752 cum

517 1792 649 1855 iter
682 1801 1019 1856 terrestre
1049 1803 1339 1873 propter
1370 1794 1553 1856 bella
1586 1811 1749 1857 cum
1780 1793 1981 1872 Rege
2012 1792 2407 1856 Galliarum
2437 1794 2755 1857 clausum
2785 1806 2996 1875 esset,

517 1882 586 1961 et
614 1900 984 1979 navigatio
1024 1910 1313 1980 propter
1355 1901 1656 1964 classem
1689 1899 1837 1980 jam
1891 1900 2152 1964 dictam
2202 1918 2456 1980 parum
2496 1910 2682 1964 esset
2718 1918 2995 1966 secura.

511 2003 734 2069 Tales
765 2017 1144 2087 propterea
1176 2025 1418 2070 secum
1448 2007 1759 2084 deduxit,
1805 2008 1928 2087 qui
1959 2023 2393 2087 magnopere
2439 2008 2509 2070 id
2548 2010 2996 2089 expetebant;

515 2129 699 2177 unus
740 2113 995 2176 horum
1037 2114 1165 2176 fuit
1207 2113 1284 2177 P.
1336 2111 1757 2191 Soldevilla,
1811 2115 1991 2176 alter
2034 2101 2456 2176 Vincentius
2498 2115 2648 2194 ille,
2694 2115 2813 2196 qui
2851 2115 2995 2179 Sal-

515 2220 868 2283 manticae
900 2219 1303 2299 studuerat,
1350 2219 1436 2283 de
1473 2238 1612 2301 quo
1651 2238 1902 2301 supra;
1960 2221 2136 2283 duos
2175 2229 2550 2301 praeterea
2594 2222 3001 2286 adolescen-

517 2337 659 2407 tes,
692 2328 815 2408 qui
850 2328 1124 2407 logicae
1156 2328 1420 2391 dabant
1451 2345 1774 2408 operam,
1809 2329 2109 2407 quique,
2142 2339 2425 2408 praeter
2456 2329 2773 2409 ipsorum
2802 2346 2999 2408 egre-

515 2433 637 2512 gia
666 2435 977 2513 ingenia,
1013 2435 1275 2497 utiliter
1306 2452 1395 2497 ex
1426 2435 1660 2514 patria
1697 2435 2044 2498 educendi
2073 2435 2531 2513 videbantur3
2571 2446 2640 2499 et
2671 2438 3001 2517 quamvis

515 2541 650 2603 iter
688 2541 857 2604 illud
897 2541 1230 2604 Valentia
1271 2541 1748 2604 Barcinonam
1795 2559 2050 2604 versus
2089 2542 2566 2621 periculosum
2607 2553 2792 2606 esset
2838 2561 2995 2623 pro·

514 2658 671 2729 pter
704 2665 1210 2712 saracenorum
1249 2649 1644 2729 piratarum
1691 2648 2169 2728 incursiones,
2216 2649 2336 2729 qui
2385 2649 2532 2713 fere
2575 2650 2710 2713 illis
2754 2650 2999 2715 diebus

517 2757 854 2836 oppidum
886 2757 1241 2837 quoddam
1286 2757 1725 2820 maritimum
1766 2766 1972 2819 erant
2013 2757 2289 2836 agressi
2328 2765 2398 2819 et
2438 2757 2686 2821 domos
2725 2759 2999 2839 aliquas

516 2864 1015 2927 combuserant
1065 2865 1137 2927 in
1181 2865 1334 2944 ipso
1363 2862 1646 2942 itinere,
1690 2882 1814 2944 per
1861 2864 2048 2943 quod
2085 2864 2313 2926 nostri
2355 2874 2558 2927 erant
2600 2866 2993 2936 transituri.

515 2970 704 3050 quod
732 2971 994 3053 alioqui
1038 2981 1107 3033 et
1136 2972 1450 3034 latrones
1493 2970 1959 3048 infestabant,
2006 2971 2394 3033 incolumes
2437 2971 2894 3035 nihilominus
2923 2982 2993 3035 et

514 3077 667 3141 sine
697 3079 838 3141 ulla
870 3079 1193 3141 molestia
1234 3079 1365 3140 iter
1396 3077 1563 3140 illud
1593 3088 1662 3140 et
1693 3078 1979 3158 quidem
2010 3094 2171 3141 cum
2202 3094 2467 3158 magna
2500 3080 2992 3143 consolatione

513 3186 861 3266 spirituali
891 3185 1371 3248 confecerunt.
1420 3184 1601 3248 Nam
1638 3195 2139 3264 praeterquam
2182 3185 2370 3265 quod
2412 3186 2860 3264 egredientes
2903 3187 2994 3249 ab

511 3291 838 3373 hospitiis
865 3292 1149 3355 litanias
1179 3292 1540 3369 dicebant,
1574 3302 1642 3354 et
1673 3309 1882 3354 mane
1914 3292 2268 3370 integram
2298 3290 2572 3371 horam,
2605 3293 2679 3354 in
2708 3293 2989 3356 silentio

512 3399 1066 3480 progrediendO,
1123 3409 1445 3477 orarent,
1504 3416 1588 3461 ac
1641 3399 1895 3461 deinde
1935 3399 2020 3461 de
2060 3399 2271 3461 rebus
2312 3398 2671 3463 meditatis
2715 3399 2992 3464 confer-

514 3639 577 3683 N.
604 3640 834 3694 Ignatii,
854 3640 1064 3684 litteras
1086 3641 1136 3684 in
1158 3640 1341 3694 quibus
1361 3650 1529 3682 sermo
1561 3638 1615 3682 fit
1638 3640 1699 3681 de
1721 3639 1962 3692 consiliu,
1986 3638 2119 3692 quod
2156 3639 2222 3682 ab
2253 3638 2457 3692 Ignatio
2492 3639 2667 3684 Patris
2698 3640 2994 3685 Domenech

512 3721 660 3756 soror
680 3714 999 3767 expetierat,
1023 3713 1176 3756 datas
1198 3712 1352 3755 fuisse
1375 3710 1520 3754 Patri
1542 3710 1843 3755 Baithasari
1866 3710 1994 3753 Diaz
2015 3710 2040 3751 4
2060 3709 2223 3763 Junii,
2257 3712 2381 3755 licet
2411 3712 2633 3756 iteratae
2656 3713 2759 3756 sint
2780 3712 2899 3765 Jnlii
2924 3715 3013 3777 15..

514 3782 627 3829 Hac
647 3790 824 3829 autem
843 3785 925 3828 die
949 3784 998 3827 15
1018 3784 1138 3837 Jnlii
1162 3783 1297 3826 mitti
1318 3788 1532 3836 coeptae
1555 3787 1674 3825 sunt
1694 3783 1879 3832 (verba
1901 3781 2131 3832 Polanci)
2151 3781 2298 3826 Patri
2330 3781 2645 3837 Hieronymo
2674 3784 2989 3833 Domenech‚

512 3862 566 3899 et
594 3856 798 3910 quidem
828 3855 1150 3910 quadruplici
1183 3855 1428 3898 distincta
1448 3854 1561 3897 via:
1586 3853 1649 3896 1.⁰
1672 3853 1787 3897 Una
1817 3853 2110 3896 obedientia
2142 3855 2382 3898 absoluta
2415 3855 2533 3908 “per
2562 3856 2711 3899 venir
2739 3867 2772 3899 a
2804 3856 2986 3910 Roma,

511 3927 754 3971 havendo
775 3928 974 3979 sanita,
996 3928 1078 3971 fra
1099 3926 1299 3971 duodici
1320 3925 1514 3980 giorni,
1536 3925 1788 3979 pattendo
1809 3936 1903 3978 per
1934 3924 2221 3968 Barcelona
2251 3936 2281 3968 o
2310 3927 2447 3975 altro
2477 3932 2652 3980 porto,
2685 3939 2738 3969 se
2769 3929 2857 3982 gia
2887 3940 2986 3972 non

510 4004 803 4052 aspettasse
824 4004 1058 4049 armata:
1097 3999 1248 4053 quale
1279 3996 1614 4051 aspettando.
1644 3999 1796 4050 potra
1828 4004 1970 4039 stare
2003 3996 2096 4039 sin’
2123 4008 2155 4038 a
2184 3998 2330 4039 venti
2360 3997 2529 4050 giorni
2558 3999 2609 4041 in
2640 3998 2911 4053 Valentia;
2932 4008 2985 4043 et

508 4068 804 4115 finalmente
827 4081 921 4113 con
942 4072 994 4113 la
1015 4071 1183 4124 prima
1204 4069 1539 4123 navigatione
1562 4069 1730 4112 buona
1751 4069 1845 4111 che
1868 4079 2040 4120 venga
2067 4079 2160 4121 per
2182 4075 2325 4111 tener
2347 4070 2379 4111 1·
2400 4070 2676 4114 invernata
2705 4070 2756 4113 in
2786 4070 2983 4115 Sicilia.

508 4141 582 4185 2⁰
603 4142 761 4186 Altra
782 4141 862 4185 del
885 4141 1053 4185 Padre
1074 4141 1243 4193 (Mtro.
1273 4140 1498 4194 Ignatio)
1527 4141 1850 4195 explicativa
1881 4139 1998 4183 dell'
2017 4141 2310 4183 obedientia
2340 4142 2391 4183 al
2423 4142 2571 4185 modo
2591 4142 2751 4185 detto.
2769 4142 2841 4185 3.⁰
2863 4142 2979 4187 Una

509 4212 886 4264 nitff’olanci)
904 4224 1059 4266 sopra
1083 4214 1118 4256 il
1137 4213 1430 4266 medesimo,
1453 4211 1665 4256 dicendo
1687 4212 1847 4255 etiam
1864 4211 1956 4253 che
1974 4222 2074 4253 non
2096 4211 2245 4254 daria
2266 4213 2526 4265 conseglio
2548 4212 2737 4256 Nostro
2759 4213 2927 4257 Padre
2951 4227 2983 4258 a

507 4295 605 4328 sna
622 4286 814 4329 sorella
839 4285 884 4329 d·
905 4285 1072 4328 intrat
1096 4286 1148 4328 in
1172 4285 1488 4328 monasterio
1508 4290 1566 4328 ut
1585 4294 1759 4337 supra.
1779 4283 1854 4326 4⁰
1875 4282 1982 4326 Che
2003 4294 2103 4326 non
2134 4283 2327 4326 accade
2350 4283 2446 4327 che
2468 4285 2640 4328 truovi
2662 4287 2982 4340 ripugnanza

508 4354 641 4396 nelle
661 4354 966 4399 confessioni
989 4355 1039 4398 di
1061 4354 1121 4397 N.
1141 4353 1371 4407 (Joannis
1395 4354 1457 4398 de
1478 4353 1654 4408 Vega,
1678 4352 1886 4397 Siciliae
1910 4352 2206 4406 Pro-regis),
2228 4353 2324 4396 che
2346 4354 2389 4397 si
2421 4354 2683 4407 giustifica
2716 4357 2855 4399 nella
2887 4368 2990 4400 mo-

509 4426 743 4470 narchia.
763 4427 836 4469 5.⁰
856 4427 936 4478 (de
958 4438 1092 4470 novo
1113 4426 1394 4471 valentiae
1424 4427 1652 4479 templo).
1684 4426 1755 4469 6.⁰
1788 4425 1894 4468 Che
1924 4425 2058 4467 meni
2091 4435 2211 4467 seco
2248 4425 2507 4479 mediocri,
2536 4437 2592 4469 se
2627 4437 2727 4470 non
2764 4427 2833 4470 ha
2867 4429 2989 4472 emi·

509 4498 670 4551 nenti,
691 4498 859 4542 dando
889 4498 1102 4552 ragione
1125 4497 1245 4542 delli
1267 4498 1416 4552 primi
1438 4498 1718 4550 venuti.„-·
1730 4497 1985 4540 Polancus
2000 4529 2010 4547 ‚
2034 4506 2099 4539 ex
2119 4507 2275 4547 com„
2298 4496 2442 4540 Patri
2460 4497 2686 4541 Antonio
2707 4498 2768 4540 de
2792 4499 2983 4549 Araoz,

510 4568 609 4613 duo
628 4571 939 4623 praesertim
961 4581 1071 4614 esse
1093 4571 1154 4613 de
1171 4571 1353 4629 quibus
1373 4570 1603 4614 nonnihil
1622 4570 1794 4612 dolere
1818 4579 1873 4612 se
1894 4568 2129 4622 Ignatius
2150 4567 2374 4611 ostendit
2397 4575 2448 4613 et
2470 4570 2720 4622 queritur,
2742 4580 2814 4613 sc.
2833 4602 2844 4624 ,
2868 4570 2986 4614 Hie·

508 4651 780 4698 ronymum
803 4641 1096 4686 Domenech
1116 4641 1338 4686 nondum
1358 4642 1611 4694 Hispania
1632 4641 1914 4683 excessisse
1935 4648 1987 4684 et
2008 4639 2217 4683 scholas
2238 4640 2289 4683 in
2310 4640 2543 4693 pluribus
2566 4640 2850 4696 Hispaniae
2873 4641 2987 4686 Col-

509 4714 662 4769 legiis
681 4714 922 4768 nondum,
944 4719 1000 4757 ut
1023 4714 1132 4768 ipse
1153 4715 1312 4769 cupit,
1337 4725 1450 4757 esse
1471 4714 1758 4765 institutas,
1783 4714 1803 4755 1
1827 4712 2165 4766 Septembris.
