<?xml version="1.0" encoding="UTF-8"?>
<!DOCTYPE html PUBLIC "-//W3C//DTD XHTML 1.0 Transitional//EN"
    "http://www.w3.org/TR/xhtml1/DTD/xhtml1-transitional.dtd">
<html xmlns="http://www.w3.org/1999/xhtml" xml:lang="en" lang="en">
 <head>
  <title>
</title>
<meta http-equiv="Content-Type" content="text/html;charset=utf-8" />
  <meta name='ocr-system' content='tesseract 3.04.00' />
  <meta name='ocr-capabilities' content='ocr_page ocr_carea ocr_par ocr_line ocrx_word'/>
</head>
<body>
  <div class='ocr_page' id='page_1' title='image "./vitaignatiiloio03polagoog_0690.png"; bbox 0 0 3679 5414; ppageno 0'>
   <div class='ocr_carea' id='block_1_1' title="bbox 783 433 2345 509">
    <p class='ocr_par' dir='ltr' id='par_1_1' title="bbox 783 433 2345 509">
     <span class='ocr_line' id='line_1_1' title="bbox 783 433 2345 509; baseline -0.002 -11"><span class='ocrx_word' id='word_1_1' title='bbox 783 437 900 498; x_wconf 79' lang='lat'>684</span> <span class='ocrx_word' id='word_1_2' title='bbox 1710 433 1966 495; x_wconf 68' lang='lat' dir='ltr'>Canon.</span> <span class='ocrx_word' id='word_1_3' title='bbox 2008 433 2163 495; x_wconf 82' lang='lat' dir='ltr'>Soc,</span> <span class='ocrx_word' id='word_1_4' title='bbox 2205 435 2345 509; x_wconf 68' lang='lat' dir='ltr'>st.</span> 
     </span>
    </p>
   </div>
   <div class='ocr_carea' id='block_1_2' title="bbox 776 580 3258 2052">
    <p class='ocr_par' dir='ltr' id='par_1_2' title="bbox 782 580 3258 1611">
     <span class='ocr_line' id='line_1_2' title="bbox 787 580 3258 665; baseline -0 -18"><span class='ocrx_word' id='word_1_5' title='bbox 787 593 859 647; x_wconf 91' lang='lat' dir='ltr'>et</span> <span class='ocrx_word' id='word_1_6' title='bbox 888 584 1140 647; x_wconf 78' lang='lat' dir='ltr'>indies</span> <span class='ocrx_word' id='word_1_7' title='bbox 1184 584 1257 645; x_wconf 90' lang='lat' dir='ltr'>in</span> <span class='ocrx_word' id='word_1_8' title='bbox 1295 583 1546 663; x_wconf 89' lang='lat' dir='ltr'>spiritu</span> <span class='ocrx_word' id='word_1_9' title='bbox 1586 582 2023 645; x_wconf 79' lang='lat' dir='ltr'>crescebant.</span> <span class='ocrx_word' id='word_1_10' title='bbox 2067 581 2457 645; x_wconf 85' lang='lat' dir='ltr'><strong>Ferebatur</strong></span> <span class='ocrx_word' id='word_1_11' title='bbox 2496 580 2570 645; x_wconf 94' lang='lat' dir='ltr'>P.</span> <span class='ocrx_word' id='word_1_12' title='bbox 2617 580 3006 645; x_wconf 87' lang='lat' dir='ltr'>Santacruz</span> <span class='ocrx_word' id='word_1_13' title='bbox 3045 601 3258 665; x_wconf 91' lang='lat' dir='ltr'>appo·</span> 
     </span>
     <span class='ocr_line' id='line_1_3' title="bbox 782 688 3256 767; baseline 0.001 -15"><span class='ocrx_word' id='word_1_14' title='bbox 782 692 921 754; x_wconf 90' lang='lat' dir='ltr'>site</span> <span class='ocrx_word' id='word_1_15' title='bbox 950 690 1331 754; x_wconf 86' lang='lat' dir='ltr'>admodum</span> <span class='ocrx_word' id='word_1_16' title='bbox 1359 690 1450 751; x_wconf 92' lang='lat' dir='ltr'>ad</span> <span class='ocrx_word' id='word_1_17' title='bbox 1481 690 1858 752; x_wconf 84' lang='lat' dir='ltr'>utilitatem</span> <span class='ocrx_word' id='word_1_18' title='bbox 1888 688 2324 752; x_wconf 91' lang='lat' dir='ltr'>audientium</span> <span class='ocrx_word' id='word_1_19' title='bbox 2366 689 2807 767; x_wconf 91' lang='lat' dir='ltr'>concionari,</span> <span class='ocrx_word' id='word_1_20' title='bbox 2848 707 2990 753; x_wconf 90' lang='lat' dir='ltr'>non</span> <span class='ocrx_word' id='word_1_21' title='bbox 3030 693 3256 754; x_wconf 90' lang='lat' dir='ltr'>solum</span> 
     </span>
     <span class='ocr_line' id='line_1_4' title="bbox 788 794 3255 878; baseline -0 -17"><span class='ocrx_word' id='word_1_22' title='bbox 788 798 880 861; x_wconf 92' lang='lat' dir='ltr'>ad</span> <span class='ocrx_word' id='word_1_23' title='bbox 908 795 1337 861; x_wconf 91' lang='lat' dir='ltr'>movendum</span> <span class='ocrx_word' id='word_1_24' title='bbox 1368 796 1494 859; x_wconf 92' lang='lat' dir='ltr'>sed</span> <span class='ocrx_word' id='word_1_25' title='bbox 1523 796 1738 858; x_wconf 86' lang='lat' dir='ltr'>etiam</span> <span class='ocrx_word' id='word_1_26' title='bbox 1768 795 1859 857; x_wconf 91' lang='lat' dir='ltr'>ad</span> <span class='ocrx_word' id='word_1_27' title='bbox 1889 794 2321 875; x_wconf 90' lang='lat' dir='ltr'>docendum;</span> <span class='ocrx_word' id='word_1_28' title='bbox 2355 805 2423 858; x_wconf 91' lang='lat' dir='ltr'>et</span> <span class='ocrx_word' id='word_1_29' title='bbox 2454 796 2613 859; x_wconf 91' lang='lat' dir='ltr'>ideo</span> <span class='ocrx_word' id='word_1_30' title='bbox 2645 795 2739 859; x_wconf 91' lang='lat' dir='ltr'>ad</span> <span class='ocrx_word' id='word_1_31' title='bbox 2767 797 2905 860; x_wconf 90' lang='lat' dir='ltr'>tria</span> <span class='ocrx_word' id='word_1_32' title='bbox 2944 799 3059 860; x_wconf 89' lang='lat' dir='ltr'>vel</span> <span class='ocrx_word' id='word_1_33' title='bbox 3090 816 3255 878; x_wconf 91' lang='lat' dir='ltr'>qua·</span> 
     </span>
     <span class='ocr_line' id='line_1_5' title="bbox 787 902 3256 985; baseline 0 -18"><span class='ocrx_word' id='word_1_34' title='bbox 787 914 945 968; x_wconf 92' lang='lat' dir='ltr'>tuor</span> <span class='ocrx_word' id='word_1_35' title='bbox 974 912 1239 985; x_wconf 91' lang='lat' dir='ltr'>puncta</span> <span class='ocrx_word' id='word_1_36' title='bbox 1269 904 1650 966; x_wconf 86' lang='lat' dir='ltr'>conciones</span> <span class='ocrx_word' id='word_1_37' title='bbox 1676 902 2103 981; x_wconf 84' lang='lat' dir='ltr'>reducebat,</span> <span class='ocrx_word' id='word_1_38' title='bbox 2144 912 2220 964; x_wconf 92' lang='lat' dir='ltr'>ut</span> <span class='ocrx_word' id='word_1_39' title='bbox 2259 919 2343 965; x_wconf 91' lang='lat' dir='ltr'>ea</span> <span class='ocrx_word' id='word_1_40' title='bbox 2386 902 2456 965; x_wconf 90' lang='lat' dir='ltr'>in</span> <span class='ocrx_word' id='word_1_41' title='bbox 2503 903 2871 967; x_wconf 89' lang='lat' dir='ltr'>hominum</span> <span class='ocrx_word' id='word_1_42' title='bbox 2913 906 3256 967; x_wconf 90' lang='lat' dir='ltr'>memoria</span> 
     </span>
     <span class='ocr_line' id='line_1_6' title="bbox 787 1008 3255 1092; baseline 0 -20"><span class='ocrx_word' id='word_1_43' title='bbox 787 1011 1144 1092; x_wconf 90' lang='lat' dir='ltr'>infigeret,</span> <span class='ocrx_word' id='word_1_44' title='bbox 1200 1020 1300 1088; x_wconf 91' lang='lat' dir='ltr'>et,</span> <span class='ocrx_word' id='word_1_45' title='bbox 1355 1011 1418 1072; x_wconf 91' lang='lat' dir='ltr'>si</span> <span class='ocrx_word' id='word_1_46' title='bbox 1462 1009 2064 1071; x_wconf 85' lang='lat' dir='ltr'>obliviscebantur</span> <span class='ocrx_word' id='word_1_47' title='bbox 2103 1008 2400 1088; x_wconf 90' lang='lat' dir='ltr'>alicujus</span> <span class='ocrx_word' id='word_1_48' title='bbox 2452 1027 2730 1086; x_wconf 89' lang='lat' dir='ltr'>eorum,</span> <span class='ocrx_word' id='word_1_49' title='bbox 2774 1011 2866 1074; x_wconf 90' lang='lat' dir='ltr'>ad</span> <span class='ocrx_word' id='word_1_50' title='bbox 2909 1011 3255 1091; x_wconf 87' lang='lat' dir='ltr'>hospitale</span> 
     </span>
     <span class='ocr_line' id='line_1_7' title="bbox 783 1113 3251 1197; baseline 0 -18"><span class='ocrx_word' id='word_1_51' title='bbox 783 1118 1186 1195; x_wconf 86' lang='lat' dir='ltr'>veniebant,</span> <span class='ocrx_word' id='word_1_52' title='bbox 1213 1117 1384 1180; x_wconf 90' lang='lat' dir='ltr'>utin</span> <span class='ocrx_word' id='word_1_53' title='bbox 1413 1116 1829 1179; x_wconf 89' lang='lat' dir='ltr'>memoriam</span> <span class='ocrx_word' id='word_1_54' title='bbox 1860 1115 1992 1178; x_wconf 88' lang='lat' dir='ltr'>sibi</span> <span class='ocrx_word' id='word_1_55' title='bbox 2021 1133 2268 1178; x_wconf 88' lang='lat' dir='ltr'>rursus</span> <span class='ocrx_word' id='word_1_56' title='bbox 2299 1113 2376 1176; x_wconf 90' lang='lat' dir='ltr'>P.</span> <span class='ocrx_word' id='word_1_57' title='bbox 2420 1114 2811 1180; x_wconf 87' lang='lat' dir='ltr'>Santacruz</span> <span class='ocrx_word' id='word_1_58' title='bbox 2854 1127 3251 1197; x_wconf 87' lang='lat' dir='ltr'>revocaret;</span> 
     </span>
     <span class='ocr_line' id='line_1_8' title="bbox 783 1223 3254 1306; baseline 0 -18"><span class='ocrx_word' id='word_1_59' title='bbox 783 1235 855 1288; x_wconf 93' lang='lat' dir='ltr'>et</span> <span class='ocrx_word' id='word_1_60' title='bbox 885 1225 1282 1305; x_wconf 89' lang='lat' dir='ltr'>augebatur</span> <span class='ocrx_word' id='word_1_61' title='bbox 1310 1224 1424 1287; x_wconf 91' lang='lat' dir='ltr'>hic</span> <span class='ocrx_word' id='word_1_62' title='bbox 1455 1224 1750 1302; x_wconf 80' lang='lat' dir='ltr'>fructuS,</span> <span class='ocrx_word' id='word_1_63' title='bbox 1788 1224 1955 1286; x_wconf 90' lang='lat' dir='ltr'>dum</span> <span class='ocrx_word' id='word_1_64' title='bbox 1985 1223 2105 1286; x_wconf 92' lang='lat' dir='ltr'>alii</span> <span class='ocrx_word' id='word_1_65' title='bbox 2137 1240 2298 1286; x_wconf 90' lang='lat' dir='ltr'>cum</span> <span class='ocrx_word' id='word_1_66' title='bbox 2329 1224 2486 1286; x_wconf 89' lang='lat' dir='ltr'>aliis</span> <span class='ocrx_word' id='word_1_67' title='bbox 2520 1223 2606 1287; x_wconf 92' lang='lat' dir='ltr'>de</span> <span class='ocrx_word' id='word_1_68' title='bbox 2636 1224 2776 1303; x_wconf 91' lang='lat' dir='ltr'>his,</span> <span class='ocrx_word' id='word_1_69' title='bbox 2810 1243 2992 1306; x_wconf 91' lang='lat' dir='ltr'>quae</span> <span class='ocrx_word' id='word_1_70' title='bbox 3022 1226 3254 1289; x_wconf 87' lang='lat' dir='ltr'>audie-</span> 
     </span>
     <span class='ocr_line' id='line_1_9' title="bbox 786 1311 3255 1411; baseline 0 -16"><span class='ocrx_word' id='word_1_71' title='bbox 786 1342 978 1411; x_wconf 90' lang='lat' dir='ltr'>rant,</span> <span class='ocrx_word' id='word_1_72' title='bbox 1008 1331 1446 1411; x_wconf 81' lang='lat' dir='ltr'>conferrent3</span> <span class='ocrx_word' id='word_1_73' title='bbox 1482 1350 1612 1394; x_wconf 91' lang='lat' dir='ltr'>nec</span> <span class='ocrx_word' id='word_1_74' title='bbox 1662 1348 1974 1411; x_wconf 91' lang='lat' dir='ltr'>unquam</span> <span class='ocrx_word' id='word_1_75' title='bbox 2015 1348 2092 1393; x_wconf 92' lang='lat' dir='ltr'>se</span> <span class='ocrx_word' id='word_1_76' title='bbox 2133 1331 2517 1394; x_wconf 90' lang='lat' dir='ltr'>conciones</span> <span class='ocrx_word' id='word_1_77' title='bbox 2556 1332 2916 1395; x_wconf 90' lang='lat' dir='ltr'>audivisse</span> <span class='ocrx_word' id='word_1_78' title='bbox 2957 1311 3255 1396; x_wconf 86' lang='lat' dir='ltr'>affirma-</span> 
     </span>
     <span class='ocr_line' id='line_1_10' title="bbox 784 1438 3255 1519; baseline 0 -17"><span class='ocrx_word' id='word_1_79' title='bbox 784 1442 985 1519; x_wconf 88' lang='lat' dir='ltr'>bant,</span> <span class='ocrx_word' id='word_1_80' title='bbox 1021 1439 1275 1519; x_wconf 91' lang='lat' dir='ltr'>quibus</span> <span class='ocrx_word' id='word_1_81' title='bbox 1307 1449 1454 1502; x_wconf 91' lang='lat' dir='ltr'>tam</span> <span class='ocrx_word' id='word_1_82' title='bbox 1483 1440 1942 1501; x_wconf 86' lang='lat' dir='ltr'>vehementer</span> <span class='ocrx_word' id='word_1_83' title='bbox 1978 1438 2070 1501; x_wconf 91' lang='lat' dir='ltr'>ad</span> <span class='ocrx_word' id='word_1_84' title='bbox 2101 1438 2439 1501; x_wconf 91' lang='lat' dir='ltr'>virtutem</span> <span class='ocrx_word' id='word_1_85' title='bbox 2469 1439 2980 1519; x_wconf 88' lang='lat' dir='ltr'>capessendam</span> <span class='ocrx_word' id='word_1_86' title='bbox 3006 1450 3073 1503; x_wconf 91' lang='lat' dir='ltr'>et</span> <span class='ocrx_word' id='word_1_87' title='bbox 3103 1439 3255 1503; x_wconf 92' lang='lat' dir='ltr'>Deo</span> 
     </span>
     <span class='ocr_line' id='line_1_11' title="bbox 787 1535 2971 1611; baseline -0.003 0"><span class='ocrx_word' id='word_1_88' title='bbox 787 1546 1316 1611; x_wconf 90' lang='lat' dir='ltr'>inserviendum</span> <span class='ocrx_word' id='word_1_89' title='bbox 1344 1546 1979 1609; x_wconf 88' lang='lat' dir='ltr'>inflammarentur.</span> <span class='ocrx_word' id='word_1_90' title='bbox 2966 1535 2971 1540; x_wconf 71' lang='grc'><strong>’</strong></span> 
     </span>
    </p>

    <p class='ocr_par' dir='ltr' id='par_1_3' title="bbox 776 1651 3257 2052">
     <span class='ocr_line' id='line_1_12' title="bbox 900 1651 3254 1736; baseline 0 -18"><span class='ocrx_word' id='word_1_91' title='bbox 900 1655 1043 1718; x_wconf 86' lang='grc'>591.</span> <span class='ocrx_word' id='word_1_92' title='bbox 1131 1654 1391 1717; x_wconf 91' lang='lat' dir='ltr'>Missus</span> <span class='ocrx_word' id='word_1_93' title='bbox 1421 1655 1637 1716; x_wconf 89' lang='lat' dir='ltr'>etiam</span> <span class='ocrx_word' id='word_1_94' title='bbox 1666 1652 1796 1715; x_wconf 87' lang='lat' dir='ltr'>fuit</span> <span class='ocrx_word' id='word_1_95' title='bbox 1818 1652 1895 1715; x_wconf 90' lang='lat' dir='ltr'>P.</span> <span class='ocrx_word' id='word_1_96' title='bbox 1920 1651 2234 1733; x_wconf 90' lang='lat' dir='ltr'>Joannes</span> <span class='ocrx_word' id='word_1_97' title='bbox 2256 1655 2342 1718; x_wconf 89' lang='lat' dir='ltr'>de</span> <span class='ocrx_word' id='word_1_98' title='bbox 2372 1652 2602 1717; x_wconf 86' lang='lat' dir='ltr'>Sousa</span> <span class='ocrx_word' id='word_1_99' title='bbox 2632 1655 2723 1718; x_wconf 91' lang='lat' dir='ltr'>ad</span> <span class='ocrx_word' id='word_1_100' title='bbox 2755 1656 2989 1718; x_wconf 90' lang='lat' dir='ltr'>locum</span> <span class='ocrx_word' id='word_1_101' title='bbox 3017 1674 3254 1736; x_wconf 86' lang='lat' dir='ltr'>quem-</span> 
     </span>
     <span class='ocr_line' id='line_1_13' title="bbox 777 1760 3257 1841; baseline 0.001 -18"><span class='ocrx_word' id='word_1_102' title='bbox 777 1761 949 1824; x_wconf 90' lang='lat' dir='ltr'>dam</span> <span class='ocrx_word' id='word_1_103' title='bbox 979 1762 1288 1825; x_wconf 89' lang='lat' dir='ltr'>dissidiis</span> <span class='ocrx_word' id='word_1_104' title='bbox 1317 1762 1602 1841; x_wconf 90' lang='lat' dir='ltr'>plenum</span> <span class='ocrx_word' id='word_1_105' title='bbox 1634 1768 1845 1840; x_wconf 87' lang='lat' dir='ltr'>atque</span> <span class='ocrx_word' id='word_1_106' title='bbox 1876 1760 2088 1840; x_wconf 80' lang='lat' dir='ltr'>odiiS,</span> <span class='ocrx_word' id='word_1_107' title='bbox 2122 1760 2242 1823; x_wconf 93' lang='lat' dir='ltr'>ubi</span> <span class='ocrx_word' id='word_1_108' title='bbox 2272 1761 2364 1823; x_wconf 88' lang='lat' dir='ltr'>ad</span> <span class='ocrx_word' id='word_1_109' title='bbox 2393 1761 2747 1824; x_wconf 89' lang='lat' dir='ltr'>vindictas</span> <span class='ocrx_word' id='word_1_110' title='bbox 2777 1762 3257 1825; x_wconf 85' lang='lat' dir='ltr'>et·homicidia</span> 
     </span>
     <span class='ocr_line' id='line_1_14' title="bbox 783 1865 3254 1949; baseline -0 -17"><span class='ocrx_word' id='word_1_111' title='bbox 783 1870 1065 1949; x_wconf 88' lang='lat' dir='ltr'>plurimi</span> <span class='ocrx_word' id='word_1_112' title='bbox 1095 1877 1299 1931; x_wconf 91' lang='lat' dir='ltr'>erant</span> <span class='ocrx_word' id='word_1_113' title='bbox 1329 1868 1537 1930; x_wconf 89' lang='lat' dir='ltr'>valde</span> <span class='ocrx_word' id='word_1_114' title='bbox 1580 1866 1935 1947; x_wconf 88' lang='lat' dir='ltr'>propensi.</span> <span class='ocrx_word' id='word_1_115' title='bbox 1980 1865 2376 1931; x_wconf 84' lang='lat' dir='ltr'>Postulavit</span> <span class='ocrx_word' id='word_1_116' title='bbox 2416 1868 2504 1930; x_wconf 92' lang='lat' dir='ltr'>ab</span> <span class='ocrx_word' id='word_1_117' title='bbox 2544 1869 2648 1930; x_wconf 87' lang='lat' dir='ltr'>eis</span> <span class='ocrx_word' id='word_1_118' title='bbox 2690 1877 2768 1931; x_wconf 91' lang='lat' dir='ltr'>ut</span> <span class='ocrx_word' id='word_1_119' title='bbox 2797 1868 2908 1931; x_wconf 86' lang='lat' dir='ltr'>die</span> <span class='ocrx_word' id='word_1_120' title='bbox 2937 1871 3254 1948; x_wconf 89' lang='lat' dir='ltr'>sequenti</span> 
     </span>
     <span class='ocr_line' id='line_1_15' title="bbox 776 1958 3253 2052; baseline 0 -15"><span class='ocrx_word' id='word_1_121' title='bbox 776 1958 1030 2039; x_wconf 88' lang='lat' dir='ltr'>omnes</span> <span class='ocrx_word' id='word_1_122' title='bbox 1057 1977 1131 2039; x_wconf 92' lang='lat' dir='ltr'>in</span> <span class='ocrx_word' id='word_1_123' title='bbox 1160 1975 1534 2038; x_wconf 91' lang='lat' dir='ltr'>ecclesiam</span> <span class='ocrx_word' id='word_1_124' title='bbox 1574 1974 2070 2052; x_wconf 89' lang='lat' dir='ltr'>convenirent;</span> <span class='ocrx_word' id='word_1_125' title='bbox 2115 1974 2234 2036; x_wconf 89' lang='lat' dir='ltr'>ubi</span> <span class='ocrx_word' id='word_1_126' title='bbox 2267 1992 2428 2037; x_wconf 92' lang='lat' dir='ltr'>cum</span> <span class='ocrx_word' id='word_1_127' title='bbox 2464 1975 2860 2038; x_wconf 88' lang='lat' dir='ltr'>ferventem</span> <span class='ocrx_word' id='word_1_128' title='bbox 2891 1975 3253 2038; x_wconf 89' lang='lat' dir='ltr'>habuisset</span> 
     </span>
    </p>
   </div>
   <div class='ocr_carea' id='block_1_3' title="bbox 784 2080 3253 2163">
    <p class='ocr_par' dir='ltr' id='par_1_4' title="bbox 784 2080 3253 2163">
     <span class='ocr_line' id='line_1_16' title="bbox 784 2080 3253 2163; baseline 0 -18"><span class='ocrx_word' id='word_1_129' title='bbox 784 2085 1232 2162; x_wconf 89' lang='lat' dir='ltr'>concionem,</span> <span class='ocrx_word' id='word_1_130' title='bbox 1286 2083 1607 2145; x_wconf 91' lang='lat' dir='ltr'>homines</span> <span class='ocrx_word' id='word_1_131' title='bbox 1669 2081 1799 2157; x_wconf 89' lang='lat' dir='ltr'>illi,</span> <span class='ocrx_word' id='word_1_132' title='bbox 1848 2080 1937 2143; x_wconf 92' lang='lat' dir='ltr'>ad</span> <span class='ocrx_word' id='word_1_133' title='bbox 1981 2082 2478 2145; x_wconf 86' lang='lat' dir='ltr'>contritionem</span> <span class='ocrx_word' id='word_1_134' title='bbox 2522 2091 2613 2145; x_wconf 62' lang='lat' dir='ltr'>et&gt;</span> <span class='ocrx_word' id='word_1_135' title='bbox 2644 2085 3004 2163; x_wconf 86' lang='lat' dir='ltr'>lacrymas</span> <span class='ocrx_word' id='word_1_136' title='bbox 3047 2085 3253 2147; x_wconf 87' lang='lat' dir='ltr'>vehe-</span> 
     </span>
    </p>
   </div>
   <div class='ocr_carea' id='block_1_4' title="bbox 781 2191 3252 2469">
    <p class='ocr_par' dir='ltr' id='par_1_5' title="bbox 781 2191 3252 2469">
     <span class='ocr_line' id='line_1_17' title="bbox 785 2191 3249 2282; baseline -0 -26"><span class='ocrx_word' id='word_1_137' title='bbox 785 2202 1055 2256; x_wconf 90' lang='lat' dir='ltr'>menter</span> <span class='ocrx_word' id='word_1_138' title='bbox 1087 2191 1452 2268; x_wconf 92' lang='lat' dir='ltr'>commoti,</span> <span class='ocrx_word' id='word_1_139' title='bbox 1489 2207 1734 2253; x_wconf 90' lang='lat' dir='ltr'>omnes</span> <span class='ocrx_word' id='word_1_140' title='bbox 1765 2206 1932 2251; x_wconf 91' lang='lat' dir='ltr'>suas</span> <span class='ocrx_word' id='word_1_141' title='bbox 1971 2192 2504 2254; x_wconf 86' lang='lat' dir='ltr'>controversias</span> <span class='ocrx_word' id='word_1_142' title='bbox 2542 2191 2614 2254; x_wconf 93' lang='lat' dir='ltr'>in</span> <span class='ocrx_word' id='word_1_143' title='bbox 2644 2208 2806 2254; x_wconf 87' lang='lat' dir='ltr'>eum</span> <span class='ocrx_word' id='word_1_144' title='bbox 2834 2191 3249 2282; x_wconf 82' lang='lat' dir='ltr'>rejecerunt,</span> 
     </span>
     <span class='ocr_line' id='line_1_18' title="bbox 781 2295 3252 2376; baseline -0.001 -13"><span class='ocrx_word' id='word_1_145' title='bbox 781 2309 852 2362; x_wconf 90' lang='lat' dir='ltr'>et</span> <span class='ocrx_word' id='word_1_146' title='bbox 899 2300 1181 2363; x_wconf 91' lang='lat' dir='ltr'>demum</span> <span class='ocrx_word' id='word_1_147' title='bbox 1231 2307 1473 2361; x_wconf 91' lang='lat' dir='ltr'>mutuo</span> <span class='ocrx_word' id='word_1_148' title='bbox 1525 2316 1601 2360; x_wconf 88' lang='lat' dir='ltr'>se</span> <span class='ocrx_word' id='word_1_149' title='bbox 1641 2298 2192 2376; x_wconf 91' lang='lat' dir='ltr'>complectentes</span> <span class='ocrx_word' id='word_1_150' title='bbox 2236 2295 2309 2358; x_wconf 89' lang='lat' dir='ltr'>in</span> <span class='ocrx_word' id='word_1_151' title='bbox 2351 2295 2583 2360; x_wconf 90' lang='lat' dir='ltr'>medio</span> <span class='ocrx_word' id='word_1_152' title='bbox 2628 2298 2976 2361; x_wconf 91' lang='lat' dir='ltr'>ecclesiae</span> <span class='ocrx_word' id='word_1_153' title='bbox 3020 2299 3252 2361; x_wconf 92' lang='lat' dir='ltr'>amici-</span> 
     </span>
     <span class='ocr_line' id='line_1_19' title="bbox 794 2393 3149 2469; baseline -0.003 -2"><span class='ocrx_word' id='word_1_154' title='bbox 794 2407 964 2469; x_wconf 91' lang='lat' dir='ltr'>tiam</span> <span class='ocrx_word' id='word_1_155' title='bbox 994 2408 1177 2469; x_wconf 89' lang='lat' dir='ltr'>inter</span> <span class='ocrx_word' id='word_1_156' title='bbox 1208 2423 1284 2467; x_wconf 91' lang='lat' dir='ltr'>se</span> <span class='ocrx_word' id='word_1_157' title='bbox 1315 2403 1774 2467; x_wconf 85' lang='lat' dir='ltr'>renovarunt.</span> <span class='ocrx_word' id='word_1_158' title='bbox 3136 2393 3149 2409; x_wconf 86' lang='lat'><strong><em>&#39;</em></strong></span> 
     </span>
    </p>
   </div>
   <div class='ocr_carea' id='block_1_5' title="bbox 1414 2694 2630 2763">
    <p class='ocr_par' dir='ltr' id='par_1_6' title="bbox 1414 2694 2630 2763">
     <span class='ocr_line' id='line_1_20' title="bbox 1414 2694 2630 2763; baseline 0.003 -4"><span class='ocrx_word' id='word_1_159' title='bbox 1414 2695 1542 2760; x_wconf 94' lang='lat' dir='ltr'>DE</span> <span class='ocrx_word' id='word_1_160' title='bbox 1587 2694 1856 2761; x_wconf 91' lang='lat' dir='ltr'>DOMO</span> <span class='ocrx_word' id='word_1_161' title='bbox 1901 2695 2630 2763; x_wconf 86' lang='lat' dir='ltr'>ULYSSIPONENSI</span> 
     </span>
    </p>
   </div>
   <div class='ocr_carea' id='block_1_6' title="bbox 775 2935 3291 4730">
    <p class='ocr_par' dir='ltr' id='par_1_7' title="bbox 775 2935 3291 4730">
     <span class='ocr_line' id='line_1_21' title="bbox 899 2935 3253 3018; baseline 0.001 -20"><span class='ocrx_word' id='word_1_162' title='bbox 899 2936 1040 2998; x_wconf 86' lang='lat'>592.</span> <span class='ocrx_word' id='word_1_163' title='bbox 1131 2935 1703 2999; x_wconf 90' lang='lat' dir='ltr'>Concionabatur</span> <span class='ocrx_word' id='word_1_164' title='bbox 1733 2936 1808 2999; x_wconf 91' lang='lat' dir='ltr'>P.</span> <span class='ocrx_word' id='word_1_165' title='bbox 1844 2935 2156 3018; x_wconf 91' lang='lat' dir='ltr'>Joannes</span> <span class='ocrx_word' id='word_1_166' title='bbox 2185 2937 2272 3000; x_wconf 92' lang='lat' dir='ltr'>de</span> <span class='ocrx_word' id='word_1_167' title='bbox 2314 2935 2458 3001; x_wconf 87' lang='lat' dir='ltr'>San</span> <span class='ocrx_word' id='word_1_168' title='bbox 2505 2937 2769 3017; x_wconf 88' lang='lat' dir='ltr'>Miguel</span> <span class='ocrx_word' id='word_1_169' title='bbox 2798 2956 2961 3002; x_wconf 91' lang='lat' dir='ltr'>cum</span> <span class='ocrx_word' id='word_1_170' title='bbox 2992 2954 3253 3017; x_wconf 88' lang='lat' dir='ltr'>magna</span> 
     </span>
     <span class='ocr_line' id='line_1_22' title="bbox 781 3032 3253 3126; baseline 0 -20"><span class='ocrx_word' id='word_1_171' title='bbox 781 3043 1148 3106; x_wconf 90' lang='lat' dir='ltr'>hominum</span> <span class='ocrx_word' id='word_1_172' title='bbox 1176 3043 1660 3106; x_wconf 89' lang='lat' dir='ltr'>satisfactione</span> <span class='ocrx_word' id='word_1_173' title='bbox 1690 3043 1763 3105; x_wconf 88' lang='lat' dir='ltr'>in</span> <span class='ocrx_word' id='word_1_174' title='bbox 1795 3041 1969 3105; x_wconf 90' lang='lat' dir='ltr'>aede</span> <span class='ocrx_word' id='word_1_175' title='bbox 1998 3041 2241 3107; x_wconf 87' lang='lat' dir='ltr'>Sancti</span> <span class='ocrx_word' id='word_1_176' title='bbox 2272 3045 2596 3124; x_wconf 88' lang='lat' dir='ltr'>Antonii,</span> <span class='ocrx_word' id='word_1_177' title='bbox 2645 3055 2715 3108; x_wconf 90' lang='lat' dir='ltr'>et</span> <span class='ocrx_word' id='word_1_178' title='bbox 2749 3047 2914 3126; x_wconf 92' lang='lat' dir='ltr'>quia</span> <span class='ocrx_word' id='word_1_179' title='bbox 2953 3032 3253 3108; x_wconf 89' lang='lat' dir='ltr'>ecclesia</span> 
     </span>
     <span class='ocr_line' id='line_1_23' title="bbox 775 3150 3255 3234; baseline 0 -19"><span class='ocrx_word' id='word_1_180' title='bbox 775 3153 1047 3231; x_wconf 81' lang='lat' dir='ltr'>exigua</span> <span class='ocrx_word' id='word_1_181' title='bbox 1078 3161 1185 3215; x_wconf 92' lang='lat' dir='ltr'>est</span> <span class='ocrx_word' id='word_1_182' title='bbox 1213 3152 1306 3215; x_wconf 91' lang='lat' dir='ltr'>ad</span> <span class='ocrx_word' id='word_1_183' title='bbox 1336 3168 1675 3231; x_wconf 88' lang='lat' dir='ltr'>magnam</span> <span class='ocrx_word' id='word_1_184' title='bbox 1713 3151 2080 3214; x_wconf 90' lang='lat' dir='ltr'>hominum</span> <span class='ocrx_word' id='word_1_185' title='bbox 2117 3150 2623 3232; x_wconf 88' lang='lat' dir='ltr'>frequentiam,</span> <span class='ocrx_word' id='word_1_186' title='bbox 2667 3164 2876 3232; x_wconf 90' lang='lat' dir='ltr'>porta</span> <span class='ocrx_word' id='word_1_187' title='bbox 2906 3152 3255 3234; x_wconf 90' lang='lat' dir='ltr'>quaedam</span> 
     </span>
     <span class='ocr_line' id='line_1_24' title="bbox 785 3258 3257 3339; baseline 0 -17"><span class='ocrx_word' id='word_1_188' title='bbox 785 3259 888 3322; x_wconf 86' lang='lat' dir='ltr'>eis</span> <span class='ocrx_word' id='word_1_189' title='bbox 933 3260 1416 3339; x_wconf 87' lang='lat' dir='ltr'>aperiebatur,</span> <span class='ocrx_word' id='word_1_190' title='bbox 1460 3276 1642 3339; x_wconf 92' lang='lat' dir='ltr'>quae</span> <span class='ocrx_word' id='word_1_191' title='bbox 1667 3258 1760 3320; x_wconf 90' lang='lat' dir='ltr'>ad</span> <span class='ocrx_word' id='word_1_192' title='bbox 1792 3258 2180 3321; x_wconf 88' lang='lat' dir='ltr'>claustrum</span> <span class='ocrx_word' id='word_1_193' title='bbox 2204 3259 2471 3338; x_wconf 90' lang='lat' dir='ltr'>vergit,</span> <span class='ocrx_word' id='word_1_194' title='bbox 2505 3268 2580 3321; x_wconf 95' lang='lat' dir='ltr'>ut</span> <span class='ocrx_word' id='word_1_195' title='bbox 2611 3277 2699 3322; x_wconf 83' lang='lat' dir='ltr'>ex</span> <span class='ocrx_word' id='word_1_196' title='bbox 2729 3278 2812 3323; x_wconf 91' lang='lat' dir='ltr'>eo</span> <span class='ocrx_word' id='word_1_197' title='bbox 2844 3261 3257 3323; x_wconf 91' lang='lat' dir='ltr'>concionem</span> 
     </span>
     <span class='ocr_line' id='line_1_25' title="bbox 783 3364 3254 3447; baseline 0 -18"><span class='ocrx_word' id='word_1_198' title='bbox 783 3367 1028 3430; x_wconf 90' lang='lat' dir='ltr'>audire</span> <span class='ocrx_word' id='word_1_199' title='bbox 1058 3367 1296 3447; x_wconf 90' lang='lat' dir='ltr'>plures</span> <span class='ocrx_word' id='word_1_200' title='bbox 1325 3376 1635 3446; x_wconf 89' lang='lat' dir='ltr'>possent.</span> <span class='ocrx_word' id='word_1_201' title='bbox 1670 3364 2036 3444; x_wconf 89' lang='lat' dir='ltr'>Quaedam</span> <span class='ocrx_word' id='word_1_202' title='bbox 2058 3366 2237 3428; x_wconf 90' lang='lat' dir='ltr'>viris</span> <span class='ocrx_word' id='word_1_203' title='bbox 2260 3366 2746 3429; x_wconf 87' lang='lat' dir='ltr'>saecularibus</span> <span class='ocrx_word' id='word_1_204' title='bbox 2768 3366 3045 3447; x_wconf 90' lang='lat' dir='ltr'>spiritui</span> <span class='ocrx_word' id='word_1_205' title='bbox 3070 3367 3254 3429; x_wconf 88' lang='lat' dir='ltr'>dedi·</span> 
     </span>
     <span class='ocr_line' id='line_1_26' title="bbox 784 3473 3291 3556; baseline 0 -20"><span class='ocrx_word' id='word_1_206' title='bbox 784 3475 907 3553; x_wconf 91' lang='lat' dir='ltr'>tis,</span> <span class='ocrx_word' id='word_1_207' title='bbox 969 3477 1090 3556; x_wconf 90' lang='lat' dir='ltr'>qui</span> <span class='ocrx_word' id='word_1_208' title='bbox 1147 3493 1189 3536; x_wconf 92' lang='lat' dir='ltr'>a</span> <span class='ocrx_word' id='word_1_209' title='bbox 1246 3475 1512 3538; x_wconf 89' lang='lat' dir='ltr'>nostris</span> <span class='ocrx_word' id='word_1_210' title='bbox 1561 3473 1887 3536; x_wconf 85' lang='lat' dir='ltr'>instructi</span> <span class='ocrx_word' id='word_1_211' title='bbox 1936 3473 2253 3554; x_wconf 89' lang='lat' dir='ltr'>fuerant,</span> <span class='ocrx_word' id='word_1_212' title='bbox 2321 3474 2732 3537; x_wconf 90' lang='lat' dir='ltr'>acciderunt</span> <span class='ocrx_word' id='word_1_213' title='bbox 2783 3475 2960 3537; x_wconf 89' lang='lat' dir='ltr'>satis</span> <span class='ocrx_word' id='word_1_214' title='bbox 3009 3485 3291 3538; x_wconf 86' lang='lat' dir='ltr'>notatu.</span> 
     </span>
     <span class='ocr_line' id='line_1_27' title="bbox 775 3580 3257 3662; baseline -0.001 -16"><span class='ocrx_word' id='word_1_215' title='bbox 775 3581 1032 3661; x_wconf 78' lang='lat' dir='ltr'>digna,</span> <span class='ocrx_word' id='word_1_216' title='bbox 1067 3600 1158 3645; x_wconf 87' lang='lat' dir='ltr'>ex</span> <span class='ocrx_word' id='word_1_217' title='bbox 1187 3582 1438 3662; x_wconf 90' lang='lat' dir='ltr'>quibus</span> <span class='ocrx_word' id='word_1_218' title='bbox 1470 3582 1607 3644; x_wconf 92' lang='lat' dir='ltr'>duo</span> <span class='ocrx_word' id='word_1_219' title='bbox 1651 3589 1927 3643; x_wconf 90' lang='lat' dir='ltr'>tantum</span> <span class='ocrx_word' id='word_1_220' title='bbox 1957 3580 2072 3643; x_wconf 91' lang='lat' dir='ltr'>hic</span> <span class='ocrx_word' id='word_1_221' title='bbox 2113 3582 2482 3661; x_wconf 88' lang='lat' dir='ltr'>attingam.</span> <span class='ocrx_word' id='word_1_222' title='bbox 2530 3580 2834 3660; x_wconf 86' lang='lat' dir='ltr'>Quidam</span> <span class='ocrx_word' id='word_1_223' title='bbox 2877 3590 3030 3644; x_wconf 87' lang='lat' dir='ltr'>erat</span> <span class='ocrx_word' id='word_1_224' title='bbox 3073 3582 3257 3644; x_wconf 90' lang='lat' dir='ltr'>bono</span> 
     </span>
     <span class='ocr_line' id='line_1_28' title="bbox 783 3687 3255 3769; baseline 0 -18"><span class='ocrx_word' id='word_1_225' title='bbox 783 3689 1145 3769; x_wconf 90' lang='lat' dir='ltr'>praeditus</span> <span class='ocrx_word' id='word_1_226' title='bbox 1169 3688 1470 3769; x_wconf 85' lang='lat' dir='ltr'>judicio,</span> <span class='ocrx_word' id='word_1_227' title='bbox 1514 3688 1631 3767; x_wconf 91' lang='lat' dir='ltr'>qui</span> <span class='ocrx_word' id='word_1_228' title='bbox 1674 3704 1935 3766; x_wconf 89' lang='lat' dir='ltr'>magna</span> <span class='ocrx_word' id='word_1_229' title='bbox 1978 3704 2152 3750; x_wconf 90' lang='lat' dir='ltr'>cura</span> <span class='ocrx_word' id='word_1_230' title='bbox 2192 3705 2278 3750; x_wconf 92' lang='lat' dir='ltr'>ac</span> <span class='ocrx_word' id='word_1_231' title='bbox 2316 3687 2558 3750; x_wconf 90' lang='lat' dir='ltr'>labore</span> <span class='ocrx_word' id='word_1_232' title='bbox 2604 3687 3089 3751; x_wconf 89' lang='lat' dir='ltr'>difficultatem</span> <span class='ocrx_word' id='word_1_233' title='bbox 3119 3698 3255 3751; x_wconf 88' lang='lat' dir='ltr'>sta·</span> 
     </span>
     <span class='ocr_line' id='line_1_29' title="bbox 779 3794 3256 3876; baseline 0 -17"><span class='ocrx_word' id='word_1_234' title='bbox 779 3796 1069 3859; x_wconf 90' lang='lat' dir='ltr'>biliendi</span> <span class='ocrx_word' id='word_1_235' title='bbox 1112 3795 1348 3859; x_wconf 89' lang='lat' dir='ltr'>cordis</span> <span class='ocrx_word' id='word_1_236' title='bbox 1400 3797 1473 3858; x_wconf 93' lang='lat' dir='ltr'>in</span> <span class='ocrx_word' id='word_1_237' title='bbox 1523 3795 1846 3857; x_wconf 91' lang='lat' dir='ltr'>oratione</span> <span class='ocrx_word' id='word_1_238' title='bbox 1887 3794 2250 3872; x_wconf 88' lang='lat' dir='ltr'>vincebat,</span> <span class='ocrx_word' id='word_1_239' title='bbox 2297 3794 2417 3873; x_wconf 90' lang='lat' dir='ltr'>qui</span> <span class='ocrx_word' id='word_1_240' title='bbox 2457 3813 2618 3858; x_wconf 92' lang='lat' dir='ltr'>cum</span> <span class='ocrx_word' id='word_1_241' title='bbox 2648 3805 2813 3858; x_wconf 90' lang='lat' dir='ltr'>ante</span> <span class='ocrx_word' id='word_1_242' title='bbox 2856 3796 3086 3858; x_wconf 92' lang='lat' dir='ltr'>lucem</span> <span class='ocrx_word' id='word_1_243' title='bbox 3126 3813 3256 3876; x_wconf 92' lang='lat' dir='ltr'>pro</span> 
     </span>
     <span class='ocr_line' id='line_1_30' title="bbox 782 3900 3256 3981; baseline 0 -18"><span class='ocrx_word' id='word_1_244' title='bbox 782 3919 978 3965; x_wconf 91' lang='lat' dir='ltr'>more</span> <span class='ocrx_word' id='word_1_245' title='bbox 1009 3901 1123 3966; x_wconf 91' lang='lat' dir='ltr'>die</span> <span class='ocrx_word' id='word_1_246' title='bbox 1153 3902 1461 3981; x_wconf 91' lang='lat' dir='ltr'>quodam</span> <span class='ocrx_word' id='word_1_247' title='bbox 1491 3909 1817 3979; x_wconf 88' lang='lat' dir='ltr'>surgeret</span> <span class='ocrx_word' id='word_1_248' title='bbox 1847 3910 1917 3963; x_wconf 94' lang='lat' dir='ltr'>et</span> <span class='ocrx_word' id='word_1_249' title='bbox 1947 3901 2100 3963; x_wconf 91' lang='lat' dir='ltr'>sine</span> <span class='ocrx_word' id='word_1_250' title='bbox 2138 3901 2399 3962; x_wconf 87' lang='lat' dir='ltr'>lumine</span> <span class='ocrx_word' id='word_1_251' title='bbox 2440 3900 2532 3962; x_wconf 91' lang='lat' dir='ltr'>ad</span> <span class='ocrx_word' id='word_1_252' title='bbox 2574 3902 2930 3980; x_wconf 92' lang='lat' dir='ltr'>quoddam</span> <span class='ocrx_word' id='word_1_253' title='bbox 2972 3902 3256 3964; x_wconf 91' lang='lat' dir='ltr'>cubicu-</span> 
     </span>
     <span class='ocr_line' id='line_1_31' title="bbox 787 4005 3258 4087; baseline 0 -18"><span class='ocrx_word' id='word_1_254' title='bbox 787 4009 959 4087; x_wconf 91' lang='lat' dir='ltr'>lum,</span> <span class='ocrx_word' id='word_1_255' title='bbox 994 4008 1113 4071; x_wconf 92' lang='lat' dir='ltr'>ubi</span> <span class='ocrx_word' id='word_1_256' title='bbox 1142 4010 1339 4071; x_wconf 91' lang='lat' dir='ltr'>solus</span> <span class='ocrx_word' id='word_1_257' title='bbox 1378 4016 1708 4071; x_wconf 90' lang='lat' dir='ltr'>oraturus</span> <span class='ocrx_word' id='word_1_258' title='bbox 1739 4017 1924 4085; x_wconf 89' lang='lat' dir='ltr'>erat,</span> <span class='ocrx_word' id='word_1_259' title='bbox 1968 4005 2463 4085; x_wconf 89' lang='lat' dir='ltr'>descenderet,</span> <span class='ocrx_word' id='word_1_260' title='bbox 2508 4015 2577 4068; x_wconf 92' lang='lat' dir='ltr'>et</span> <span class='ocrx_word' id='word_1_261' title='bbox 2617 4007 2687 4069; x_wconf 90' lang='lat' dir='ltr'>in</span> <span class='ocrx_word' id='word_1_262' title='bbox 2729 4016 3067 4071; x_wconf 91' lang='lat' dir='ltr'>consueto</span> <span class='ocrx_word' id='word_1_263' title='bbox 3097 4009 3258 4070; x_wconf 90' lang='lat' dir='ltr'>loco</span> 
     </span>
     <span class='ocr_line' id='line_1_32' title="bbox 784 4113 3261 4196; baseline 0 -19"><span class='ocrx_word' id='word_1_264' title='bbox 784 4133 861 4178; x_wconf 87' lang='lat' dir='ltr'>se</span> <span class='ocrx_word' id='word_1_265' title='bbox 904 4115 996 4178; x_wconf 92' lang='lat' dir='ltr'>ad</span> <span class='ocrx_word' id='word_1_266' title='bbox 1040 4116 1435 4179; x_wconf 91' lang='lat' dir='ltr'>orationem</span> <span class='ocrx_word' id='word_1_267' title='bbox 1479 4122 1970 4194; x_wconf 90' lang='lat' dir='ltr'>componeret,</span> <span class='ocrx_word' id='word_1_268' title='bbox 2020 4115 2239 4178; x_wconf 93' lang='lat' dir='ltr'>ictum</span> <span class='ocrx_word' id='word_1_269' title='bbox 2286 4113 2666 4195; x_wconf 92' lang='lat' dir='ltr'>quemdam</span> <span class='ocrx_word' id='word_1_270' title='bbox 2714 4116 2787 4177; x_wconf 90' lang='lat' dir='ltr'>in</span> <span class='ocrx_word' id='word_1_271' title='bbox 2831 4116 3060 4196; x_wconf 90' lang='lat' dir='ltr'>capite</span> <span class='ocrx_word' id='word_1_272' title='bbox 3112 4125 3261 4179; x_wconf 91' lang='lat' dir='ltr'>tam</span> 
     </span>
     <span class='ocr_line' id='line_1_33' title="bbox 783 4204 3260 4303; baseline -0 -18"><span class='ocrx_word' id='word_1_273' title='bbox 783 4238 1083 4301; x_wconf 87' lang='lat' dir='ltr'>gravem</span> <span class='ocrx_word' id='word_1_274' title='bbox 1114 4223 1418 4303; x_wconf 89' lang='lat' dir='ltr'>accepit,</span> <span class='ocrx_word' id='word_1_275' title='bbox 1447 4204 1523 4284; x_wconf 84' lang='lat' dir='ltr'>ut</span> <span class='ocrx_word' id='word_1_276' title='bbox 1546 4219 2068 4302; x_wconf 90' lang='lat' dir='ltr'>quodammodo</span> <span class='ocrx_word' id='word_1_277' title='bbox 2092 4236 2379 4282; x_wconf 90' lang='lat' dir='ltr'>sensum</span> <span class='ocrx_word' id='word_1_278' title='bbox 2404 4220 2780 4299; x_wconf 89' lang='lat' dir='ltr'>amitteret,</span> <span class='ocrx_word' id='word_1_279' title='bbox 2809 4229 2877 4282; x_wconf 88' lang='lat' dir='ltr'>et</span> <span class='ocrx_word' id='word_1_280' title='bbox 2902 4222 3158 4284; x_wconf 87' lang='lat' dir='ltr'>vulnus</span> <span class='ocrx_word' id='word_1_281' title='bbox 3181 4239 3260 4284; x_wconf 91' lang='lat' dir='ltr'>se</span> 
     </span>
     <span class='ocr_line' id='line_1_34' title="bbox 784 4328 3260 4411; baseline 0 -21"><span class='ocrx_word' id='word_1_282' title='bbox 784 4329 857 4391; x_wconf 95' lang='lat' dir='ltr'>in</span> <span class='ocrx_word' id='word_1_283' title='bbox 895 4331 1129 4411; x_wconf 90' lang='lat' dir='ltr'>capite</span> <span class='ocrx_word' id='word_1_284' title='bbox 1181 4331 1541 4411; x_wconf 88' lang='lat' dir='ltr'>accepisse</span> <span class='ocrx_word' id='word_1_285' title='bbox 1587 4346 1929 4409; x_wconf 89' lang='lat' dir='ltr'>magnum</span> <span class='ocrx_word' id='word_1_286' title='bbox 1971 4337 2283 4410; x_wconf 90' lang='lat' dir='ltr'>putaret,</span> <span class='ocrx_word' id='word_1_287' title='bbox 2333 4345 2498 4390; x_wconf 91' lang='lat' dir='ltr'>nam</span> <span class='ocrx_word' id='word_1_288' title='bbox 2542 4335 2611 4390; x_wconf 91' lang='lat' dir='ltr'>et</span> <span class='ocrx_word' id='word_1_289' title='bbox 2664 4328 2956 4406; x_wconf 90' lang='lat' dir='ltr'>sanguis</span> <span class='ocrx_word' id='word_1_290' title='bbox 3000 4346 3089 4390; x_wconf 81' lang='lat' dir='ltr'>ex</span> <span class='ocrx_word' id='word_1_291' title='bbox 3134 4346 3260 4391; x_wconf 91' lang='lat' dir='ltr'>ore</span> 
     </span>
     <span class='ocr_line' id='line_1_35' title="bbox 787 4434 3261 4517; baseline 0.001 -21"><span class='ocrx_word' id='word_1_292' title='bbox 787 4436 998 4500; x_wconf 88' lang='lat' dir='ltr'>laesis</span> <span class='ocrx_word' id='word_1_293' title='bbox 1027 4438 1344 4516; x_wconf 88' lang='lat' dir='ltr'>gingivis</span> <span class='ocrx_word' id='word_1_294' title='bbox 1374 4437 1672 4517; x_wconf 88' lang='lat' dir='ltr'>erupuit.</span> <span class='ocrx_word' id='word_1_295' title='bbox 1709 4436 1957 4516; x_wconf 92' lang='lat' dir='ltr'>Coepit</span> <span class='ocrx_word' id='word_1_296' title='bbox 1997 4442 2234 4497; x_wconf 88' lang='lat' dir='ltr'>autem</span> <span class='ocrx_word' id='word_1_297' title='bbox 2273 4452 2531 4497; x_wconf 90' lang='lat' dir='ltr'>nomen</span> <span class='ocrx_word' id='word_1_298' title='bbox 2571 4434 2739 4517; x_wconf 91' lang='lat' dir='ltr'>Jesu</span> <span class='ocrx_word' id='word_1_299' title='bbox 2779 4435 3154 4513; x_wconf 87' lang='lat' dir='ltr'>invocare,</span> <span class='ocrx_word' id='word_1_300' title='bbox 3187 4445 3261 4498; x_wconf 86' lang='lat' dir='ltr'>et</span> 
     </span>
     <span class='ocr_line' id='line_1_36' title="bbox 779 4541 3259 4623; baseline -0.001 -17"><span class='ocrx_word' id='word_1_301' title='bbox 779 4545 1130 4623; x_wconf 85' lang='lat' dir='ltr'>cognovit</span> <span class='ocrx_word' id='word_1_302' title='bbox 1168 4562 1244 4606; x_wconf 90' lang='lat' dir='ltr'>se</span> <span class='ocrx_word' id='word_1_303' title='bbox 1282 4544 1354 4607; x_wconf 90' lang='lat' dir='ltr'>id</span> <span class='ocrx_word' id='word_1_304' title='bbox 1396 4563 1438 4606; x_wconf 90' lang='lat' dir='ltr'>a</span> <span class='ocrx_word' id='word_1_305' title='bbox 1469 4545 1812 4608; x_wconf 89' lang='lat' dir='ltr'>daemone</span> <span class='ocrx_word' id='word_1_306' title='bbox 1837 4559 2130 4623; x_wconf 86' lang='lat' dir='ltr'>passum</span> <span class='ocrx_word' id='word_1_307' title='bbox 2152 4558 2342 4620; x_wconf 89' lang='lat' dir='ltr'>esse,</span> <span class='ocrx_word' id='word_1_308' title='bbox 2371 4550 2441 4604; x_wconf 91' lang='lat' dir='ltr'>et</span> <span class='ocrx_word' id='word_1_309' title='bbox 2464 4542 2857 4605; x_wconf 90' lang='lat' dir='ltr'>orationem</span> <span class='ocrx_word' id='word_1_310' title='bbox 2882 4559 3024 4604; x_wconf 90' lang='lat' dir='ltr'>non</span> <span class='ocrx_word' id='word_1_311' title='bbox 3054 4541 3259 4604; x_wconf 80' lang='lat' dir='ltr'>omis·</span> 
     </span>
     <span class='ocr_line' id='line_1_37' title="bbox 785 4647 3263 4730; baseline -0 -20"><span class='ocrx_word' id='word_1_312' title='bbox 785 4651 910 4728; x_wconf 90' lang='lat' dir='ltr'>sit,</span> <span class='ocrx_word' id='word_1_313' title='bbox 965 4652 1216 4713; x_wconf 88' lang='lat' dir='ltr'>timore</span> <span class='ocrx_word' id='word_1_314' title='bbox 1268 4650 1565 4730; x_wconf 81' lang='lat' dir='ltr'>abjecto,</span> <span class='ocrx_word' id='word_1_315' title='bbox 1623 4649 1731 4711; x_wconf 92' lang='lat' dir='ltr'>De</span> <span class='ocrx_word' id='word_1_316' title='bbox 1782 4650 1922 4711; x_wconf 92' lang='lat' dir='ltr'>alio</span> <span class='ocrx_word' id='word_1_317' title='bbox 1973 4649 2187 4711; x_wconf 88' lang='lat' dir='ltr'>etiam</span> <span class='ocrx_word' id='word_1_318' title='bbox 2237 4647 2522 4728; x_wconf 89' lang='lat' dir='ltr'>dicitur,</span> <span class='ocrx_word' id='word_1_319' title='bbox 2578 4648 2696 4728; x_wconf 89' lang='lat' dir='ltr'>qui</span> <span class='ocrx_word' id='word_1_320' title='bbox 2747 4665 2907 4710; x_wconf 91' lang='lat' dir='ltr'>cum</span> <span class='ocrx_word' id='word_1_321' title='bbox 2956 4648 3263 4726; x_wconf 87' lang='lat' dir='ltr'>genibus</span> 
     </span>
    </p>
   </div>
  </div>
 </body>
</html>
