3679 5414
671 467 774 531 164
1579 463 1833 523 Cimon.
1875 460 2033 529 Soc.
2072 462 2215 535 Jsss.

666 620 903 691 gerat,
949 607 1191 689 jussus
1227 617 1334 673 est
1372 609 1445 671 in
1483 616 1824 688 suggestu
1875 609 2158 687 culpam
2195 607 2453 671 dicere.
2508 605 2852 686 Quamvis
2900 606 3136 687 frigus

667 726 955 799 propter
982 718 1187 780 nives
1215 734 1299 780 eo
1338 726 1653 796 tempore
1681 733 1825 779 non
1856 714 2209 795 exiguum
2231 723 2447 794 esset,
2483 714 2669 795 quod
2708 713 2925 794 Duci‚
2958 723 3136 779 tem‘

670 825 938 911 peratis
967 824 1141 888 locis
1170 832 1485 902 assueto,
1517 823 1693 886 satis
1720 823 2096 886 molestum
2133 831 2319 900 erat,
2360 830 2556 885 tanto
2597 822 2914 902 patiendi
2950 823 3132 885 desi-

666 932 861 995 derio
912 931 1304 1008 tenebatur,
1350 939 1427 993 ut
1467 931 1890 993 auctoritate
1934 946 2020 992 ac
2062 929 2463 993 obedientia
2513 928 2588 992 P.
2642 929 2901 1009 Ignatii
2948 946 3137 1010 opus

664 1038 903 1127 fuerit,
938 1046 1014 1102 ut
1045 1038 1475 1101 chirothecis
1504 1037 1576 1099 in
1598 1036 1851 1100 itinere
1889 1036 1994 1100 uti
2031 1037 2246 1100 vellet
2278 1035 2319 1098 ¹.

718 1214 726 1223 ‚
781 1145 844 1208 5.
931 1144 1107 1209 Cum
1156 1143 1452 1223 triginta
1500 1143 1699 1223 equis
1740 1143 2029 1206 tandem
2071 1160 2162 1206 ex
2199 1143 2411 1207 domo
2461 1160 2759 1205 romana
2807 1143 3130 1219 recessit,

663 1270 906 1341 secum
934 1253 1202 1316 ducens
1228 1249 1309 1313 P.
1340 1250 1758 1314 Michaelem
1785 1249 2154 1328 Ochioam,
2189 1251 2310 1330 qui
2330 1249 2614 1330 Tybure
2644 1267 2832 1313 anno
2855 1259 3124 1329 praete·

661 1360 799 1423 rito
828 1359 1085 1437 fuerat,
1119 1376 1204 1420 ac
1233 1357 1310 1421 P.
1338 1355 1703 1420 Andream
1732 1357 1819 1419 de
1844 1355 2116 1420 Oviedo
2140 1355 2411 1419 Romae
2437 1356 2859 1435 relinquens,
2892 1355 3133 1419 Dedu-

662 1467 765 1530 xit
794 1466 1010 1529 etiam
1048 1480 1290 1528 secum
1332 1462 1408 1527 P.
1441 1463 1499 1526 F
1503 1464 1907 1527 ranciscum
1937 1463 2023 1527 de
2060 1461 2350 1542 Strada,
2386 1463 2504 1543 qui
2545 1463 2697 1543 ipso
2729 1462 2841 1526 die
2882 1460 3134 1526 Sancti

659 1572 919 1653 Ignatii
938 1571 1212 1652 Romae
1236 1570 1749 1652 professionem
1772 1572 2160 1633 solemnem
2183 1577 2486 1649 quatuor
2512 1578 2865 1649 votorum,
2893 1568 3126 1633 triduo

661 1680 934 1744 scilicet
956 1687 1119 1742 ante
1146 1694 1531 1757 recessum,
1566 1677 1919 1740 emiserat.
1954 1676 2029 1740 P.
2065 1676 2423 1740 Antonius
2444 1676 2708 1757 Ara02,
2740 1676 3126 1757 Hispaniae

659 1786 1153 1865 ProvinciaIiS,
1189 1794 1258 1849 et
1286 1783 1364 1847 P.
1394 1784 1706 1868 Jacobus
1733 1782 1967 1847 Miron
1998 1801 2161 1848 cum
2190 1783 2438 1847 eodem
2465 1784 2742 1847 rediere
2772 1802 2857 1847 ac
2885 1783 2962 1847 P.
3005 1782 3133 1847 Pe-

660 1904 815 1985 trus
865 1893 952 1956 de
1002 1892 1342 1956 Tablares
1392 1901 1461 1955 et
1506 1891 1627 1955 alii
1674 1891 1993 1954 nonnulli
2044 1908 2134 1954 ex
2182 1891 2479 1969 nostriS,
2531 1892 2653 1971 qui
2702 1909 2863 1954 cum
2914 1909 2998 1954 eo
3036 1909 3132 1954 ex

660 2000 1009 2082 Hispania
1036 2009 1404 2063 venerant.
1443 1998 1842 2063 Comitatus
1871 2007 1979 2062 est
2012 1999 2225 2062 etiam
2256 1998 2583 2062 eumdem
2612 1996 2837 2062 Senas
2873 1997 2951 2061 P.
2983 1998 3130 2061 An-

662 2107 872 2170 dreas
918 2106 976 2169 F
979 2106 1248 2186 rusiuS,
1300 2106 1420 2186 qui
1468 2104 1813 2169 Venetias
1861 2114 2058 2168 recta
2108 2105 2443 2186 perrexit.
2484 2104 2641 2185 Ipse
2683 2114 2919 2169 autem
2959 2105 3134 2169 Dux

663 2214 986 2285 Genuam
1029 2230 1105 2276 se
1158 2212 1553 2291 convertit,
1597 2218 1965 2292 quousque
2004 2210 2081 2274 P.
2120 2211 2469 2294 Jacobum
2510 2212 2797 2293 Laynez
2839 2210 3135 2275 deduxit

661 2330 732 2384 et
761 2321 913 2401 ipse
943 2320 1266 2384 Genuam
1294 2319 1610 2399 perrexit
1642 2317 1827 2396 (sic).

660 2433 667 2439 ’
782 2426 843 2490 6.
930 2425 1173 2506 Aliqui
1222 2425 1719 2488 existimarunt
1769 2425 2045 2488 Ducem
2081 2423 2405 2488 Gandiae
2442 2426 2739 2488 multum
2787 2425 3136 2505 pecuniae

664 2533 903 2622 domui
942 2542 1230 2596 nostrae
1279 2548 1619 2595 romanae
1658 2530 1967 2612 dedisse,
2009 2540 2079 2595 et
2126 2549 2377 2595 verum
2428 2531 2711 2612 quidem
2759 2542 2865 2596 est
2913 2532 3131 2613 quod,

663 2640 964 2703 Romam
990 2640 1313 2719 venienS,
1348 2639 1530 2702 dixit
1556 2637 1632 2701 P.
1666 2639 1945 2719 Ignatio
1975 2656 2053 2702 se
2091 2639 2334 2702 nescio
2364 2648 2535 2720 quot
2573 2639 2794 2702 millia
2844 2639 3136 2703 ducato·

663 2764 823 2812 rum
852 2746 1151 2826 adferre,
1185 2764 1369 2827 quae
1392 2745 1468 2809 P.
1498 2746 1774 2827 Ignatio
1798 2745 2139 2810 offerebat
2155 2795 2170 2825 ,
2203 2745 2509 2810 subdens
2529 2755 2606 2810 ut
2629 2764 2875 2810 mensa
2897 2747 3130 2828 ipsum

666 2873 750 2918 ac
802 2871 969 2918 suos
1011 2854 1369 2933 exciperet
1405 2862 1475 2917 et
1512 2853 1599 2917 de
1642 2854 1763 2917 illa
1799 2854 2125 2935 pecunia,
2167 2863 2374 2934 prout
2415 2855 2648 2932 vellet,
2697 2855 3129 2934 disponeret.

665 2961 904 3027 Noluit
951 2971 1188 3025 tamen
1236 2959 1314 3023 P.
1364 2959 1683 3041 Ignatius
1732 2978 1821 3023 ne
1871 2977 2090 3024 unum
2136 2960 2419 3041 quidem
2460 2978 2754 3024 aureum
2802 2961 2873 3024 in
2922 2979 3133 3024 usum

665 3067 948 3148 quidem
977 3068 1325 3149 accipere.
1358 3068 1520 3150 Jam
1547 3067 1820 3148 pridem
1838 3115 1854 3143 ,
1888 3083 2050 3130 cum
2079 3075 2268 3130 esset
2298 3066 2621 3131 Gandiae
2649 3075 2719 3130 et
2748 3068 3131 3134 intellexis-

665 3186 773 3258 set
803 3184 1159 3240 mortuum
1188 3192 1343 3239 esse
1371 3173 1447 3237 P.
1496 3173 1784 3237 Petrum
1822 3173 2235 3254 Codacium,
2276 3184 2811 3255 procuratorem
2851 3175 3131 3255 domuS,

663 3284 828 3364 piae
875 3283 1282 3361 memoriae,
1337 3291 1406 3372 et
1456 3282 1694 3346 debita
1738 3282 2110 3362 reliquisse
2158 3282 2727 3362 octingentorum
2775 3283 2894 3346 vel
2941 3282 3133 3346 mille

666 3389 1109 3468 ducatorum,
1145 3390 1215 3452 id
1246 3388 1558 3451 debitum
1586 3387 1767 3451 dixit
1796 3380 2078 3451 se‘velle
2107 3389 2410 3466 solvere,
2443 3396 2513 3452 et
2541 3388 2633 3451 ad
2655 3389 2727 3451 id
2754 3389 3136 3469 pecuniam

666 3497 879 3577 misit,
913 3514 1094 3577 quae
1123 3513 1267 3559 non
1296 3495 1426 3558 fuit
1464 3504 1885 3575 recuperata
1924 3494 2194 3558 Romae
2224 3511 2446 3575 usque
2485 3495 2576 3559 ad
2617 3496 2840 3574 ipsius
2868 3494 3127 3558 adven·

666 3613 837 3667 tum.
870 3602 1009 3668 Sed
1037 3611 1321 3683 praeter
1349 3602 1536 3665 hanc
1566 3600 2116 3682 eleemosynam,
2151 3610 2227 3665 ut
2257 3601 2428 3680 dixi,
2461 3619 2552 3664 ex
2589 3601 2936 3682 Hispania
2965 3601 3126 3663 mis-

668 3729 846 3790 sam,
877 3711 1057 3774 nihil
1083 3710 1173 3773 ab
1203 3727 1287 3773 eo
1317 3708 1394 3772 P.
1432 3709 1749 3789 Ignatius
1776 3709 2003 3772 voluit
2033 3710 2391 3790 accipere;
2425 3709 2751 3790 quamvis
2783 3709 2873 3771 ad
2900 3708 3131 3771 lectos

666 3828 734 3882 et
757 3818 1215 3899 supellectilia
1238 3816 1331 3881 ad
1354 3814 1502 3894 ejus
1520 3825 1591 3880 et
1613 3815 1934 3895 aliorum,
1961 3818 2080 3898 qui
2104 3817 2334 3897 ipsum
2350 3816 2891 3894 comitabantur,
2913 3832 3128 3879 usum

664 3926 977 3991 debitum
1008 3926 1273 4006 aliquot
1302 3932 1759 3989 centenorum
1787 3941 2168 3988 aureorum
2199 3924 2449 3987 domus
2477 3922 2833 3987 conflavit.
2864 3922 3124 4002 Quam·

664 4035 785 4097 diu
841 4034 1056 4098 etiam
1113 4032 1305 4097 domi
1360 4040 1648 4095 nostrae
1714 4031 1880 4094 Dux
1936 4031 2099 4110 suit,
2170 4040 2246 4094 ut
2311 4030 2821 4095 habitationem
2883 4030 3131 4094 habuit

663 4140 870 4228 horto
904 4139 1322 4204 intermedio
1350 4148 1787 4219 separatam,
1821 4138 1922 4201 ita
1951 4148 2022 4202 et
2050 4138 2360 4201 culinam
2388 4146 2458 4200 et
2498 4154 2789 4217 penum;
2829 4154 2962 4200 nec
3004 4153 3126 4199 vo-

663 4248 791 4316 luit
831 4247 906 4320 P.
949 4247 1268 4327 Ignatius
1294 4255 1370 4309 ut
1402 4246 1652 4308 domus
1687 4253 1936 4308 nostra
1977 4245 2240 4325 aliquid
2276 4246 2393 4308 vel
2435 4244 2527 4308 ad
2569 4245 2838 4308 victum
2880 4244 2997 4307 vel
3036 4242 3132 4306 ad

667 4355 1005 4431 vestitum
1034 4354 1123 4416 ab
1153 4353 1429 4434 hospite
1468 4352 1860 4432 acciperet;
1901 4360 1972 4415 et
2009 4351 2083 4416 id
2109 4368 2252 4415 non
2289 4359 2671 4432 propterea
2707 4351 2897 4431 quod
2935 4349 3128 4413 dubi·
3173 4403 3178 4408 .

744 4563 781 4618 ,1,
825 4560 1095 4614 Polancus,
1117 4571 1185 4605 ex
1204 4561 1597 4614 commissione,
1619 4559 1932 4617 Hleronymo
1954 4559 2128 4604 Natali
2143 4592 2155 4615 ,
2177 4559 2239 4603 de
2259 4557 2347 4611 iis»,
2370 4570 2501 4614 quae
2521 4558 2717 4602 Romae
2737 4562 2975 4612 gesserat
2994 4556 3130 4602 Gau·
3157 4585 3178 4624 '-

663 4635 780 4679 diae
814 4632 947 4687 Dux,
981 4633 1030 4676 2¹
1068 4630 1618 4676 Febmaril.-Similes
1649 4631 1746 4675 hoc
1782 4637 2013 4685 tempore
2049 4631 2235 4675 missae
2267 4636 2386 4675 sunt
2415 4632 2482 4675 ad
2511 4641 2688 4674 omnes
2708 4629 2814 4672 fere
2849 4627 3128 4673 Societatls

664 4708 843 4754 domos
860 4715 921 4751 ac
942 4706 1120 4760 plnres
1140 4703 1418 4750 Societatts
1438 4703 1632 4749 amicos
1652 4709 1705 4747 et
1723 4704 2103 4748 benefactorem
2141 4734 2146 4738 -
