3679 5414
731 459 842 520 340
1649 458 1905 521 Canon.
1946 458 2104 519 Soc.
2144 458 2284 533 Jns.

732 607 907 685 suit;
938 616 1010 670 et
1038 607 1137 669 ita
1166 605 1410 670 scribit
1439 605 1590 687 ipse
1627 600 1918 687 sperare
1959 623 2037 668 se
2076 605 2266 686 quod
2302 604 2418 668 hic
2454 604 2728 669 fructus
2769 605 2911 669 late
2948 614 3197 686 patere

729 712 1006 777 debeat.
1715 720 1718 721 *

849 821 992 883 357.
1077 819 1322 901 Neque
1358 818 1528 884 illud
1558 819 2265 902 praetermittendum
2294 819 2600 898 videtur,
2636 819 2937 899 scilicet,
2980 820 3189 901 quod,

728 946 892 992 cum
934 930 1007 992 in
1057 928 1563 1009 temporalibus
1600 944 1941 1008 magnam
1976 927 2350 1009 penuriam
2385 926 2613 991 nostri
2660 926 3193 1008 Complutensae

727 1044 1167 1118 paterentur,
1200 1036 1624 1116 permissum
1660 1045 1769 1100 est
1819 1053 1864 1098 a
1902 1034 1979 1098 P.
2020 1034 2299 1115 Ignatio
2346 1043 2423 1097 ut
2462 1034 2601 1097 duo
2642 1035 3042 1100 sacerdotia
3079 1054 3192 1100 cu-

724 1160 884 1210 ram
914 1143 1314 1206 animarum
1353 1141 1720 1218 habentia,
1765 1159 1949 1223 quae
1988 1140 2261 1205 Doctor
2299 1140 2635 1222 Vergara
2672 1142 3085 1223 possederat
3124 1153 3194 1207 et

726 1258 1134 1331 permutare
1165 1267 1327 1313 cum
1371 1249 1530 1312 aliis
1570 1248 2010 1330 simplicibus
2039 1248 2366 1330 cupiebat
2404 1258 2480 1312 ut
2518 1248 3001 1330 Complutensi
3038 1249 3191 1315 Col·

725 1357 913 1438 legio
942 1357 1331 1434 unirentur,
1365 1357 1627 1419 nostris
1657 1355 2172 1435 conferrentur,
2206 1355 2375 1419 dum
2395 1357 2761 1438 negotium
2781 1357 2918 1420 hoc
2939 1359 3189 1422 transi-

725 1473 1036 1545 geretur;
1069 1464 1262 1545 quod
1290 1472 1529 1527 tamen
1559 1472 1810 1544 postea
1838 1452 2107 1527 factum
2135 1482 2280 1527 non
2308 1472 2417 1526 est
2449 1461 2490 1527 ¹.

845 1570 987 1634 358.
1072 1570 1150 1634 P.
1175 1571 1416 1635 Araoz
1445 1569 1919 1634 Provincialis
1948 1571 2078 1634 sub
2107 1572 2275 1634 anni
2304 1570 2536 1649 finem,
2563 1571 2854 1647 scilicet,
2882 1573 3013 1636 sub
3040 1572 3191 1653 ipsa

725 1678 972 1759 vig-ilia
1002 1678 1276 1742 Natalis
1306 1677 1594 1742 Domini
1632 1676 2085 1758 Complutum
2120 1678 2348 1757 venit,
2397 1687 2468 1741 et
2503 1687 2790 1742 nostros
2825 1696 2958 1743 sua
2996 1697 3190 1760 prae·

726 1786 955 1850 sentia
985 1787 1393 1850 consolatus
1422 1794 1551 1848 est.
1594 1784 1801 1848 Prius
1837 1794 2108 1864 tamen,
2149 1783 2606 1865 Methymnae
2645 1784 2894 1867 Campi
2933 1787 3190 1867 aliquo·

725 1894 858 1957 ties
888 1893 1354 1957 concionatus
1382 1910 1547 1956 cum
1574 1908 1841 1972 magna
1871 1891 2384 1970 aedificatione,
2417 1890 2924 1957 Salmanticam
2951 1892 3030 1956 27
3056 1892 3189 1957 No·

725 2000 1037 2063 vembris
1062 2009 1390 2075 venerat3
1427 1998 1628 2080 cujus
1658 1998 2146 2080 spiritualibus
2174 1999 2786 2067 exhortationibus
2823 2000 3190 2064 domestici

724 2108 1027 2171 recreati
1054 2107 1368 2186 fuerant,
1400 2125 1532 2170 nec
1560 2107 1796 2170 minus
1825 2106 2133 2185 externi,
2166 2106 2392 2170 tribus
2434 2104 2586 2186 eJ'us
2624 2107 3082 2171 concionibus
3118 2108 3190 2171 in

721 2215 1068 2297 parochia
1097 2213 1222 2278 Sti.
1252 2215 1541 2277 Martini
1562 2232 1726 2277 cum
1743 2230 2007 2293 magna
2028 2214 2355 2277 doctrina
2384 2223 2454 2278 et
2477 2214 2968 2281 aedificatione
2998 2214 3188 2279 habi·

723 2323 852 2400 tis;
885 2330 955 2386 et
984 2321 1352 2385 crescebat
1381 2322 1455 2384 in
1483 2320 1635 2384 dies
1677 2320 2101 2401 auditorum,
2151 2338 2236 2384 ac
2274 2322 2697 2402 praesertim
2737 2322 3188 2387 scholastico·

724 2446 904 2509 rum,
939 2445 1303 2507 numerus;
1345 2437 1415 2491 et
1443 2427 1955 2491 Universitatis
1997 2425 2583 2491 Salmanticensis
2621 2427 2950 2492 doctores
2988 2444 3189 2508 roga-

731 2545 982 2599 verunt
1012 2553 1172 2598 eum
1202 2543 1279 2597 ut
1307 2535 1380 2598 in
1410 2534 1892 2598 Universitate
1919 2534 2463 2598 concionaretur
2486 2552 2499 2614 ;
2533 2535 2660 2599 sed
2680 2535 2844 2616 quia
2867 2535 3190 2616 Complu-

728 2652 878 2706 tum
906 2640 1262 2725 proficisci
1289 2642 1613 2723 parabat,
1647 2658 1895 2705 eorum
1923 2642 2244 2724 petitioni
2272 2641 2606 2706 satisfieri
2634 2661 2777 2706 non
2815 2643 3061 2724 potuit.
3086 2643 3189 2707 In·

725 2763 836 2814 ter
879 2750 1058 2813 alios
1101 2749 1449 2814 Dominus
1491 2749 1846 2814 Antonius
1887 2750 1974 2814 de
2013 2749 2344 2814 Cordoba
2393 2750 2836 2815 familiariter
2887 2768 3049 2814 cum
3102 2768 3186 2814 eo

723 2859 893 2938 egit,
927 2865 997 2921 et
1029 2857 1259 2921 eidem
1303 2857 1412 2920 bis
1451 2856 1819 2920 confessus
1858 2866 1988 2934 est,
2022 2866 2092 2920 et
2120 2855 2206 2919 de
2236 2856 2388 2937 ejus
2416 2875 2631 2921 manu
2661 2859 3184 2922 sanctissimum

723 2965 1217 3028 Eucharistiae
1265 2963 1807 3028 Sacramentum
1851 2964 2173 3045 sumpsit,
2216 2974 2286 3027 et
2327 2982 2489 3028 cum
2526 2983 2612 3030 eo
2660 2965 2748 3029 de
2788 2966 2998 3029 rebus
3039 2967 3189 3028 suis

721 3074 943 3136 multa
1001 3072 1326 3152 contulit,
1381 3071 1708 3152 quamvis
1759 3069 2142 3135 Societatis
2191 3071 2593 3151 ingressum
2650 3073 2723 3135 in
2778 3081 3184 3153 sequentem

721 3198 986 3244 annum
1016 3178 1303 3242 distulit.

840 3286 982 3350 359.
1071 3285 1250 3349 Cum
1279 3284 1765 3349 consolatione
1795 3286 2015 3365 igitur
2041 3303 2185 3349 non
2215 3285 2556 3350 mediocri
2592 3285 2666 3350 P.
2716 3284 3187 3350 Provincialis

720 3393 965 3458 Araoz
992 3411 1085 3457 ex
1112 3392 1311 3455 uberi
1338 3391 1596 3471 fructu,
1630 3392 1751 3473 qui
1779 3392 1853 3454 in
1883 3393 2002 3455 illa
2030 3392 2513 3456 Universitate
2556 3410 2773 3473 opera
2809 3391 3184 3457 Societatis

721 3501 1209 3581 proveniebat,
1243 3498 1694 3579 Complutum
1722 3515 1978 3562 versus
2000 3499 2360 3578 discessit;
2394 3508 2463 3563 et
2492 3517 2655 3564 cum
2676 3517 2802 3580 per
2825 3500 3177 3581 oppidum,

720 3605 1144 3670 Villacastin
1193 3605 1488 3684 dictum,
1532 3606 1902 3682 transiret,
1947 3605 2060 3668 vir
2101 3606 2390 3686 quidam
2437 3607 2820 3687 primarius
2859 3624 2946 3670 ac
2983 3606 3183 3670 dives

722 3712 874 3793 eJus
903 3712 1144 3794 oppidi
1174 3712 1262 3775 ab
1286 3729 1369 3774 eo
1392 3712 1779 3792 postulavit
1801 3720 1880 3775 ut
1902 3729 2103 3775 suam
2125 3713 2642 3777 confessionem
2666 3713 2941 3777 audiret
2963 3730 2977 3792 ;
2999 3713 3183 3776 unde

722 3821 856 3883 hoc
884 3819 1050 3882 boni
1079 3828 1541 3882 consecutum
1567 3828 1676 3882 est
1703 3828 1802 3898 ut,
1838 3836 2001 3882 cum
2028 3819 2144 3882 ille
2173 3818 2391 3883 filium
2420 3838 2463 3883 a
2494 3838 2571 3884 se
2600 3821 3021 3899 ablegasset,
3053 3838 3183 3883 nec

720 3927 787 3990 ei
812 3926 1085 4006 placari
1115 3926 1256 3989 ulla
1288 3925 1561 3989 ratione
1588 3925 1786 4006 prius
1815 3925 2184 4007 potuisset,
2217 3925 2452 3990 Patris
2473 3925 2943 3990 Provincialis
2966 3943 3180 4006 opera

723 4032 906 4096 filius
934 4033 1436 4096 reconciliatus
1462 4041 1569 4095 est
1598 4032 1786 4112 patri
1818 4041 1887 4095 et
1915 4033 1989 4096 in
2011 4031 2162 4112 eJus
2184 4033 2469 4096 domum
2499 4034 2857 4097 remissuS.

839 4139 983 4204 360.
1068 4139 1493 4204 Madridium
1536 4138 1609 4203 P.
1652 4139 1894 4203 Araoz
1941 4141 2397 4220 perveniens,
2455 4140 2550 4204 ibi
2600 4142 2870 4204 invenit
2920 4140 3181 4204 Docto-

801 4415 820 4449 ί
877 4416 1131 4460 Polancus
1146 4449 1157 4468 ,
1178 4427 1245 4459 ex
1263 4427 1394 4459 com.
1408 4449 1423 4468 ,
1443 4414 1726 4460 Francisco
1747 4414 1809 4459 de
1830 4414 2129 4465 villanova.
2147 4429 2247 4460 non
2268 4429 2416 4472 posse
2438 4429 2470 4462 a
2491 4418 2680 4462 nostris
2695 4419 2984 4463 animarum
3004 4428 3180 4462 curam

722 4487 955 4531 exerceri
976 4488 1245 4543 nequidem
1262 4487 1461 4532 ratione
1485 4487 1847 4531 beneficiorum
1869 4486 2098 4542 collegio
2117 4499 2449 4544 annexorum,
2468 4489 2557 4533 sed
2578 4491 2933 4534 saecularibus
2949 4491 3181 4534 sacerdo-

724 4559 860 4602 tibus
879 4560 1315 4612 committendam,
1338 4560 1359 4604 1
1382 4559 1631 4611 Jannarii;
1655 4557 1818 4602 eidem
1835 4557 1897 4602 de
1918 4559 2193 4614 beneficiis,
2215 4561 2399 4615 quibus
2414 4572 2619 4606 annexa
2634 4568 2713 4606 ent
2729 4563 3020 4607 animarum
3038 4573 3181 4609 eura.

722 4630 767 4674 si
788 4630 1030 4675 abdicare
1051 4641 1106 4673 se
1128 4631 1202 4674 eis
1226 4629 1354 4674 velit
1377 4629 1572 4674 Doctor
1593 4629 1862 4684 Versata,
1881 4637 1937 4675 ut
1959 4642 2021 4675 ea
2041 4633 2397 4677 sacerdotibus
2411 4665 2422 4685 ,
2444 4633 2529 4687 qui
2562 4633 2623 4678 de
2658 4632 2925 4678 Societate
2940 4644 3041 4678 non
3059 4634 3183 4684 sint.

723 4702 977 4745 tradenda
997 4707 1168 4755 curet,
1196 4702 1213 4744 1
1238 4700 1434 4746 Martii.
