3679 5414
1515 473 1641 531 ΑΝ.
1687 474 1826 531 1552
2772 469 2908 527 ’549

442 621 765 683 stitutum
794 626 1164 700 promotae
1194 618 1498 698 fuerunt,
1526 628 1595 681 et
1618 618 1830 681 rebus
1847 618 2151 698 propriis
2183 618 2509 681 omnibus
2531 615 2904 696 abnegatis

443 740 513 790 et
542 727 615 789 in
639 726 952 799 *medium
982 725 1367 806 productiS,
1396 726 1467 788 in
1498 735 1864 805 posterum
1889 726 1957 789 in
1992 742 2361 788 commune
2389 725 2635 787 vivere
2669 724 2902 786 decre-

449 843 724 911 verunt,
761 843 828 896 et
859 842 1117 895 octavo
1148 850 1425 912 quoque
1456 834 1568 896 die
1599 833 1689 895 ad
1729 833 2178 895 sanctissima
2218 841 2665 895 sacramenta
2706 847 2903 892 acce·

446 942 648 1019 dere;
682 941 870 1020 quod
901 941 1065 1020 quia
1094 958 1235 1002 non
1265 950 1592 1020 poterant
1616 941 1751 1003 nisi
1783 941 2268 1003 consentiente
2292 939 2649 1015 Antistite‚
2681 937 2901 1015 Magi-

445 1060 670 1111 strum
700 1048 1118 1111 Michaelem
1147 1048 1730 1127 sollicitaverunt,
1764 1057 1842 1111 ut
1879 1048 2056 1110 haec
2088 1048 2259 1127 ipsis
2303 1048 2733 1127 impetraret,
2778 1043 2902 1120 uti,

445 1156 737 1233 scilicet,
772 1164 1030 1218 octavo
1060 1173 1337 1236 quoque
1368 1155 1479 1218 die
1509 1167 1799 1236 possent
1830 1149 2377 1218 communicare.

564 1262 706 1325 325.
794 1258 1014 1325 Il'lma.
1048 1263 1398 1342 quaedam
1420 1276 1768 1341 matrona,
1796 1262 2085 1325 Domini
2115 1262 2533 1341 Berengelli‚
2571 1259 2906 1340 praefecti

449 1369 839 1432 triremium
869 1369 1275 1448 Sicularum,
1309 1388 1510 1448 uxor,
1546 1388 1728 1449 quae
1760 1370 1869 1433 his
1899 1369 2320 1433 monialibus
2359 1366 2907 1430 familiarissime

450 1476 799 1554 utebatur,
829 1478 1121 1539 summis
1152 1478 1481 1557 precibus
1504 1497 1545 1540 a
1577 1478 1924 1555 Magistro
1956 1476 2299 1539 Michafile
2329 1474 2798 1538 contendebat
2820 1492 2908 1536 ne

435 1585 832 1647 -conciones
884 1585 1249 1664 incoeptas
1300 1585 1816 1663 intermitteret,
1870 1584 2233 1664 proposita
2284 1584 2471 1646 illius
2517 1591 2909 1644 conventus

453 1690 878 1754 admiranda
909 1692 1215 1770 quadam
1247 1693 1317 1755 in
1345 1693 1599 1755 melius
1629 1693 2202 1770 commutatione,
2233 1709 2411 1771 quae
2442 1691 2729 1766 eisdem,
2765 1689 2907 1769 qui-

449 1800 581 1861 bus
611 1807 864 1862 exorta
893 1798 1145 1878 fuerat,
1179 1800 1637 1863 concionibus
1667 1801 1975 1862 fovenda
2007 1799 2511 1878 retinendaque
2551 1809 2727 1874 erat,
2760 1797 2911 1859 fore

458 1906 744 1985 insuper
791 1915 888 1984 ut,
932 1906 1050 1969 illo
1092 1907 1522 1969 monasterio
1564 1907 1655 1970 ad
1693 1907 2188 1987 perfectiorem
2226 1906 2515 1968 vivendi
2564 1904 2909 1967 rationem

456 2013 768 2091 redactO,
815 2014 1083 2093 reliqua
1124 2014 1256 2077 sibi
1295 2015 1463 2078 illud
1503 2024 1844 2094 tanquam
1887 2016 2250 2093 exemplar
2294 2014 2485 2094 quod
2524 2013 2906 2088 imitentur,

457 2121 625 2200 quia
654 2122 727 2184 in
756 2130 904 2184 tota
947 2122 1236 2185 civitate
1277 2123 1809 2185 celeberrimum
1850 2132 1975 2200 cst,
2011 2122 2144 2184 sibi
2175 2122 2265 2183 ob
2298 2122 2541 2184 oculos
2569 2138 2909 2201 propone·

453 2238 634 2306 rent,
669 2237 737 2291 et
767 2230 971 2291 suavi
1001 2230 1136 2292 hoc
1177 2231 1598 2293 concionum
1636 2230 1870 2293 medio
1900 2230 1970 2293 id
2001 2230 2435 2305 conficiatur,
2482 2228 2670 2308 quod
2713 2228 2912 2290 multi

453 2336 724 2399 nobiles
777 2346 987 2417 atque
1039 2337 1216 2400 adeo
1265 2339 1622 2419 principes
1661 2340 1799 2401 viri
1851 2355 2112 2417 magno
2163 2347 2425 2428 conatu
2462 2354 2549 2399 ne
2602 2337 2912 2414 incipere

454 2442 734 2521 quidem
764 2454 1160 2522 potuerant.
1195 2445 1761 2525 Nonnumquam,
1797 2444 1888 2508 ad
1919 2445 2424 2523 restinguenda
2453 2461 2583 2506 sua
2613 2442 2910 2506 auctori-

454 2559 600 2612 tate
630 2559 699 2612 et
732 2551 1080 2614 industria
1111 2543 1490 2615 multorum
1527 2553 1710 2616 inter
1738 2572 1814 2615 se
1846 2553 2007 2615 odia
2037 2552 2466 2631 gravissima
2497 2561 2565 2613 et
2604 2551 2912 2613 simulta-
2970 2605 2982 2618 .

457 2668 585 2737 teS‚
620 2659 846 2722 nostri
877 2659 1378 2741 sollicitantur;
1407 2660 1594 2741 quod
1626 2661 1714 2724 ab
1747 2660 1919 2741 ipsis
1959 2670 2237 2723 maturo
2278 2659 2574 2723 consilio
2616 2658 2912 2739 pruden-

455 2766 691 2845 tiaque
724 2767 816 2829 ad
845 2766 980 2829 Dei
1009 2768 1314 2846 gloriam
1344 2768 1734 2831 conficitur.

570 2872 710 2935 326.
798 2873 976 2937 Cum
1023 2874 1326 2937 Romam
1363 2884 1707 2938 evocatus
1745 2875 1995 2938 fuisset
2033 2875 2375 2954 Magister
2414 2870 2664 2937 Petrus
2705 2873 2915 2935 Riva-

453 2979 771 3055 deneira‚
806 2982 878 3043 in
909 2980 1058 3060 ejus
1088 2984 1322 3045 locum
1359 2982 1697 3062 Magister
1739 2983 2041 3045 Michael
2080 2983 2390 3045 Botellus
2428 2982 2801 3059 successit,
2848 2988 2917 3042 et

451 3089 778 3165 quamvis
808 3088 993 3152 illius
1022 3089 1417 3152 recedentis
1448 3090 1880 3153 desiderium
1913 3107 2056 3152 non
2087 3090 2425 3167 exiguum
2454 3089 2544 3151 sit
2566 3088 2912 3163 relictum,

449 3212 614 3257 cum
643 3205 789 3258 tam
819 3196 1209 3258 eruditione
1242 3197 1539 3259 docendi
1570 3213 1780 3276 quam
1820 3197 2056 3275 gratia
2099 3194 2569 3258 concionandi
2598 3212 2688 3256 ex
2716 3211 2914 3273 prae·

443 3302 680 3382 cipuis
708 3312 894 3365 esset
925 3303 1110 3365 illius
1149 3303 1444 3383 Collegii
1482 3304 1858 3382 columnis,
1901 3303 2352 3366 nihilominus
2391 3302 2510 3381 qui
2537 3302 2611 3364 in
2641 3300 2916 3363 concio-

453 3409 671 3473 nandi
701 3427 991 3472 munere
1020 3410 1086 3471 ei
1117 3411 1481 3488 successit,
1509 3410 1663 3474 Deo
1694 3409 2107 3489 adjuvante,
2142 3420 2211 3472 et
2241 3408 2698 3471 conservavit
2728 3407 2918 3470 audi·

453 3524 685 3579 torum
711 3516 1179 3596 frequentiam
1207 3528 1278 3580 et
1305 3518 1526 3580 auxit.
1568 3517 1684 3581 Sic
1727 3518 1943 3580 etiam
1971 3518 2062 3579 ad
2092 3517 2523 3580 christianae
2553 3515 2918 3578 doctrinae

455 3623 790 3686 lectiones
831 3632 901 3686 et
941 3625 1031 3686 ad
1080 3624 1545 3687 confessionis
1596 3634 1664 3687 et
1709 3624 2225 3688 communionis
2275 3622 2738 3687 Sacramenta
2788 3620 2916 3683 fre-

449 3731 860 3808 quentanda
898 3729 1124 3810 major
1164 3732 1236 3794 in
1279 3732 1655 3811 posteriori
1701 3732 1870 3794 anni
1911 3740 2115 3811 parte
2158 3748 2370 3811 quam
2416 3731 2487 3792 in
2531 3730 2767 3810 priore
2797 3745 2918 3790 nu-

456 3854 693 3899 merus
720 3848 907 3915 erat,
950 3848 1019 3901 et
1058 3855 1219 3901 cum
1258 3839 1412 3918 ipso
1451 3856 1744 3901 numero
1785 3839 2170 3918 spiritualis
2215 3837 2485 3901 fructus
2521 3837 2920 3899 animarum

451 3945 822 4008 crescebat
848 3944 921 4007 in
963 3946 1272 4025 quolibet
1314 3946 1677 4008 hominum
1721 3954 1943 4023 statu;
1990 3954 2058 4008 et
2101 3945 2281 4007 inter
2328 3944 2505 4007 alios
2549 3944 2662 4006 ille
2706 3942 2921 4006 etiam

457 4050 729 4114 fructus
758 4051 1064 4114 Domino
1092 4050 1223 4115 fuit
1254 4054 1530 4115 oblatus
1554 4062 1652 4132 ut,
1678 4060 2179 4132 praeterquam
2201 4053 2389 4132 quod
2413 4050 2729 4129 virgines
2753 4066 2920 4112 non-

454 4158 691 4221 nullae
730 4159 1145 4237 religionem
1183 4160 1551 4238 ingressae
1589 4170 1782 4238 sunt,
1830 4160 2012 4222 aliae
2055 4169 2260 4222 extra
2305 4157 2736 4222 monasteria
2782 4158 2919 4219 vir-

447 4264 823 4344 ginitatem
854 4266 1195 4329 illibatam
1227 4266 1584 4329 custodire
1615 4284 1777 4329 cum
1809 4265 1943 4329 Dei
1971 4266 2207 4345 gratia
2237 4265 2751 4329 constituerunt
2786 4262 2825 4327 ¹.

541 4434 558 4468 ¹
615 4434 896 4489 Polaticus,
932 4446 999 4479 ex
1032 4447 1193 4489 com„
1227 4436 1540 4489 Hieronymo
1574 4433 1778 4485 Natali,
1815 4446 1877 4477 ne
1913 4435 2097 4479 Petrus
2140 4434 2485 4479 Rivadeneira
2520 4435 2685 4477 socios
2721 4432 2919 4476 itineris

449 4513 740 4560 exspectet,
762 4508 851 4551 sed
871 4509 1050 4552 statim
1071 4508 1287 4552 Romam
1307 4507 1500 4556 veniat.
1535 4506 1585 4549 1⁶
1602 4505 1739 4558 Juui.
1762 4506 1969 4560 Eidem,
2004 4513 2060 4549 ut
2091 4506 2300 4549 Petrum
2332 4505 2678 4549 Rivadenenra
2704 4504 2918 4548 Romam

456 4578 635 4621 mittat
664 4590 779 4622 cum
807 4580 947 4623 socio
990 4579 1220 4623 Gnidone
1263 4578 1458 4628 Roilet,
1491 4578 1519 4620 6
1548 4579 1789 4632 Augusti.
1827 4578 2037 4627 Eidem,
2067 4586 2122 4620 ut
2158 4578 2343 4621 Petrus
2377 4577 2745 4627 Rivadeneira‚
2780 4580 2920 4619 ante·

451 4660 613 4702 quam
633 4650 734 4693 iter
756 4650 969 4694 Romam
989 4662 1174 4694 versus
1195 4651 1414 4704 arripiat
1438 4657 1489 4693 et
1513 4650 1564 4693 in
1585 4650 1897 4704 ipsoitinerc
1919 4661 1972 4691 se
1995 4650 2057 4692 ad
2080 4650 2377 4704 positiones
2397 4649 2446 4692 in
2468 4649 2755 4691 studiorum
2777 4657 2920 4690 reno-

383 4767 386 4771 *
460 4721 670 4765 vatione
691 4722 744 4764 in
766 4720 996 4775 collegio
1017 4721 1246 4765 Romano
1268 4723 1528 4776 ponendas
1549 4728 1847 4776 praeparet.
1868 4722 1921 4764 ‘27
1943 4721 2180 4775 Augusti.
