3679 5414
684 438 799 499 332
1610 437 1866 499 Canon.
1908 435 2061 497 Soc.
2102 437 2243 512 Jsss.

677 584 864 648 cinis
893 582 1223 664 abJectiS,
1259 585 1348 648 ad
1379 592 1663 647 nostros
1693 583 2143 664 Complutum
2173 585 2403 648 rediit.
2432 583 2691 648 Primis
2707 584 2923 649 etiam
2945 584 3154 665 hujus

680 692 853 755 anni
892 692 1251 755 mensibus
1279 691 1634 754 admissus
1663 700 1770 754 est
1799 688 2147 770 Aegidius
2178 690 2586 754 Gonsalvus
2626 708 2753 755 seu
2796 690 3155 755 Gonzalez

679 800 772 863 de
803 797 1017 863 Avila
1047 816 1212 861 raro
1243 798 1533 878 ingenio
1564 807 1633 861 et
1663 816 1804 861 non
1833 799 2118 878 vulgari
2151 799 2549 862 eruditione
2576 815 2884 879 graecae
2905 807 2974 862 et
3001 800 3152 863 lati·

679 925 821 970 nae
849 908 1135 987 linguae
1166 915 1235 969 et
1264 906 1479 969 etiam
1506 906 1994 987 philosophiae
2022 906 2416 986 praeditus,
2462 907 2582 988 qui
2614 906 2861 970 decem
2890 915 2959 969 et
2989 916 3154 970 octo

679 1032 922 1103 annos,
959 1023 1127 1077 tunc
1177 1014 1464 1094 agebat,
1517 1022 1587 1077 et
1636 1012 1728 1076 ad
1775 1013 2049 1077 litteras
2093 1022 2163 1077 et
2198 1014 2293 1078 ad
2331 1015 2667 1094 pietatem
2712 1023 2923 1076 natus
2963 1013 3152 1077 vide·

680 1122 924 1201 batur3
985 1121 1186 1203 cujus
1247 1122 1826 1185 deliberationem
1875 1122 1989 1184 ubi
2039 1131 2371 1202 parentes
2420 1121 2572 1202 ejus
2615 1121 3148 1195 intellexissent,

679 1229 1134 1310 Complutum
1152 1247 1229 1292 se
1252 1231 1720 1309 contulerunt,
1746 1238 1815 1293 et
1839 1231 2212 1309 egregium
2232 1230 2717 1309 spectaculum
2736 1229 3153 1293 adolescens

676 1337 946 1401 nostris
996 1337 1480 1417 spectantibus
1529 1336 1740 1400 dedit.
1795 1336 2067 1400 Tristes
2117 1336 2307 1399 enim
2356 1336 2603 1400 matris
2652 1337 3014 1416 lacrymas
3063 1353 3149 1398 ac

674 1446 1006 1525 querelas
1047 1445 1259 1507 siccis
1297 1445 1522 1507 oculis
1552 1446 2075 1524 contemplatus
2113 1461 2317 1507 suam
2355 1444 2454 1507 illi
2492 1453 2800 1507 mentem
2843 1444 3144 1523 aperuit,

675 1552 1197 1632 tranquilloque
1246 1551 1450 1614 vultu
1500 1551 1675 1614 nihil
1729 1552 1866 1614 sibi
1916 1552 2178 1614 certius
2218 1559 2339 1614 aut
2384 1550 2655 1613 firmius
2703 1550 3145 1630 propositum

676 1676 839 1722 esse
869 1658 968 1721 ait
998 1675 1211 1738 quam
1240 1658 1394 1721 Deo
1429 1660 1500 1721 in
1528 1658 1665 1721 hac
1693 1657 2048 1723 Societate
2091 1658 2457 1721 inservire.
2501 1657 2863 1721 Persuasit
2892 1656 3144 1720 deinde

680 1765 839 1845 piae
878 1766 1090 1828 matri
1129 1773 1205 1828 ut
1249 1783 1474 1845 aequo
1519 1766 1757 1828 animo
1801 1764 1987 1828 hanc
2033 1766 2251 1828 animi
2289 1765 2400 1827 sui
2443 1764 2868 1827 sententiam
2902 1763 3141 1827 ferret.

677 1870 1150 1935 Recesserunt
1180 1871 1396 1951 igitur
1425 1881 1783 1951 parenteS,
1818 1880 1894 1935 ut
1924 1872 2336 1952 apparebat,
2371 1871 2539 1934 laeti
2561 1881 2629 1934 et
2660 1870 2880 1935 filium
2907 1871 3145 1934 laetio-

675 1997 832 2044 rem
859 1979 932 2042 in
954 1979 1306 2043 Societate
1335 1979 1788 2060 reliquerunt.
1816 1976 2135 2042 Admissi
2161 1987 2535 2059 praeterea
2565 1988 2712 2041 tres
2743 1977 3145 2042 adolescen-

678 2096 820 2165 teS,
854 2105 944 2149 ex
975 2087 1228 2166 quibus
1256 2086 1396 2148 duo
1425 2086 1497 2148 in
1526 2084 1977 2166 philosophia
2008 2085 2334 2148 instructi
2363 2084 2717 2149 Gandiam
2746 2084 3146 2148 transmissi

681 2202 758 2256 ut
786 2193 1218 2272 theologiam
1249 2192 1605 2272 audirent;
1640 2193 1890 2255 tertius
1920 2201 2157 2254 autem
2185 2191 2490 2272 Ripalda
2529 2191 2687 2270 fuit,
2732 2191 2853 2271 qui
2891 2191 3148 2255 indolis

679 2318 857 2364 suae
900 2318 1042 2364 non
1084 2299 1418 2378 exiguam
1468 2299 2076 2379 exspectationem
2113 2299 2186 2361 in
2223 2298 2487 2361 nostris
2529 2298 2965 2376 concitabat,
3012 2316 3143 2375 nec

680 2406 918 2470 minus
948 2408 1019 2470 in
1047 2407 1159 2469 his
1188 2423 1368 2486 quae
1399 2405 1489 2469 ad
1518 2405 1990 2469 eruditionem
2018 2423 2232 2486 quam
2261 2406 2333 2469 in
2363 2406 2473 2468 his
2504 2423 2683 2485 quae
2712 2405 2804 2467 ad
2831 2405 3144 2486 probita-

680 2524 827 2576 tem
859 2514 1328 2593 pertinebant.
1361 2512 1603 2592 Aliqui
1633 2514 1849 2576 etiam
1881 2513 2019 2576 alio
2048 2513 2244 2576 missi
2272 2521 2455 2576 sunt.
2504 2512 2640 2592 Qui
2680 2529 2854 2575 vero
2895 2512 3147 2575 substi-

679 2630 920 2683 terunt
950 2620 1327 2700 Compluti‚
1356 2619 1607 2682 studiis
1636 2619 2011 2699 diligenter
2042 2619 2307 2683 dabant
2336 2637 2649 2699 operam,
2677 2628 2746 2681 et
2775 2617 3148 2682 dominicis

674 2727 964 2807 quidem
992 2728 1237 2791 diebus
1266 2727 1611 2807 theologi,
1653 2727 1793 2790 alio
1832 2744 2007 2790 vero
2056 2727 2168 2791 die
2208 2727 2522 2807 profesto
2560 2728 2774 2807 logici
2815 2737 2884 2789 et
2925 2727 3146 2807 philo-

671 2836 883 2915 sophi
913 2852 1082 2898 suas
1107 2835 1495 2916 positiones
1532 2833 1723 2897 domi
1768 2835 2145 2897 tuebantur
2185 2843 2255 2897 et
2299 2834 2417 2897 alii
2457 2843 2710 2897 contra
2751 2852 2875 2897 eos
2912 2833 3144 2918 dispu-

673 2951 912 3006 tantes
945 2959 1022 3005 se
1051 2942 1426 3021 diligenter
1456 2942 1916 3021 exercebant;
1951 2942 2252 3021 singulis
2280 2942 2496 3004 etiam
2525 2942 2850 3017 noctibus
2890 2942 3146 3021 aliquis
3186 3023 3191 3030 ·

673 3049 751 3112 in
787 3049 1164 3113 refectorio
1210 3049 1788 3127 concionabatur,
1831 3065 1965 3111 nec
2015 3049 2168 3111 sine
2210 3046 2443 3123 fructu
2483 3048 2554 3110 in
2593 3066 2678 3111 eo
2728 3066 2804 3112 se
2855 3065 3144 3112 munero

671 3158 1103 3220 exercebant
1137 3155 1179 3215 ¹.
2844 3237 2852 3246 ·

793 3262 935 3326 341.
1022 3262 1582 3326 Praedicationis
1633 3263 1790 3326 loco
1836 3262 2236 3343 spiritualia
2286 3263 2628 3326 exercitia
2666 3279 2795 3342 pro
2837 3279 3034 3324 more
3076 3271 3146 3325 et

677 3387 812 3433 usu
854 3370 1155 3449 Collegii
1195 3371 1434 3433 multis
1472 3370 1836 3450 proposita
1876 3369 2197 3449 fuerunt;
2239 3371 2422 3433 inter
2461 3387 2639 3453 quos
2675 3369 2850 3432 satis
2897 3377 3147 3436 notatu

669 3476 970 3556 dignum
998 3475 1127 3538 fuit
1155 3477 1661 3539 monasterium
1691 3475 2046 3556 quoddam
2075 3475 2163 3538 D.
2199 3476 2640 3556 Hieronymi,
2673 3475 2760 3538 de
2788 3493 2927 3556 quo
2956 3493 3143 3538 anno

677 3582 1027 3663 superiori
1056 3583 1400 3662 scriptum
1427 3593 1535 3646 est
1559 3584 1744 3663 quod
1767 3582 2056 3663 quidam
2085 3601 2174 3646 ex
2203 3581 2353 3662 ejus
2374 3583 2745 3646 monachis
2782 3601 2859 3645 se
2898 3582 2971 3644 in
3008 3583 3143 3663 spi-

673 3688 1046 3752 ritualibus
1075 3688 1648 3752 meditationibus
1676 3698 2168 3753 exercuerunt.
2203 3689 2297 3751 Hi
2338 3706 2513 3769 ergo
2552 3690 2641 3753 ab
2669 3689 2829 3752 aliis
2864 3689 3143 3769 religio-

673 3796 776 3859 sis
804 3797 1099 3859 multum
1129 3796 1617 3859 molestiarum
1644 3797 1794 3876 pati
1822 3806 2239 3877 coeperunt,
2275 3796 2425 3877 qui,
2469 3814 2631 3859 cum
2669 3797 2882 3860 etiam
2925 3795 3141 3860 mina-

673 3912 919 3966 rentur
949 3901 1135 3983 apud
1165 3920 1412 3966 eorum
1447 3904 1851 3983 praesidem
1898 3922 1975 3967 se
2015 3912 2529 3984 conquesturos
2572 3904 2657 3983 (is
2700 3912 2937 3967 autem
2978 3902 3145 3966 Pro-

672 4009 1003 4072 vincialis
1033 4011 1189 4072 loco
1213 4009 1790 4090 Hieronymianis
1820 4011 1973 4088 est),
2004 4010 2231 4089 Prior,
2258 4011 2372 4073 vir
2401 4010 2712 4090 prudens
2742 4027 2826 4073 ac
2857 4010 3141 4091 probuS,

671 4133 818 4179 non
847 4116 933 4179 de
962 4133 1038 4179 se
1081 4116 1458 4197 quicquam
1497 4117 1767 4181 veritus
1816 4118 1942 4181 sed
1982 4117 2340 4180 communi
2381 4118 2564 4180 bono
2595 4118 3003 4195 consulenS,
3029 4132 3142 4193 ne,

669 4223 967 4299 scilicet,
1001 4221 1282 4286 demum
1305 4224 1580 4303 aliquas
1611 4224 1857 4288 turbas
1887 4224 2269 4302 miscendO,
2299 4242 2450 4287 rem
2473 4233 2622 4287 tam
2644 4225 3000 4300 salubrem
3023 4223 3142 4286 im-

757 4460 775 4492 ¹
833 4459 1103 4512 Polancus,
1127 4470 1192 4502 ex
1211 4471 1362 4514 com„
1382 4460 1662 4506 Francisco
1683 4462 1745 4505 de
1766 4461 2065 4515 villanova,
2088 4469 2143 4506 ιιι
2165 4460 2325 4514 exiis,
2343 4473 2469 4517 quos
2486 4461 2744 4517 compluti
2759 4462 2812 4506 in
2828 4462 2864 4506 S
2928 4463 3147 4506 lentem

673 4532 928 4577 admissos
948 4531 1075 4574 bene
1097 4533 1333 4585 cognitos
1347 4539 1399 4576 et
1420 4534 1738 4577 exercitatos
1754 4533 1962 4587 habeat,
1985 4540 2108 4588 quot
2126 4535 2273 4587 velit,
2291 4533 2508 4578 Romam
2526 4535 2719 4586 mittat,
2744 4537 2761 4578 l
2788 4533 2889 4578 Mal
2914 4564 2927 4576 .
2946 4533 3149 4591 Eadem

671 4604 759 4647 die
783 4602 946 4646 eidem
969 4603 1175 4654 longam
1196 4603 1336 4648 dedit
1360 4605 1421 4648 de
1443 4607 1597 4648 rebus
1630 4604 1908 4649 societatis
1938 4605 2237 4658 epistolam,
2270 4611 2424 4659 quam
2454 4605 2614 4649 habes
2644 4606 2696 4649 in
2728 4605 2919 4649 Canas
2947 4605 3015 4648 de
3034 4604 3151 4648 San

681 4674 930 4730 lgnacto,
951 4679 987 4717 t.
1005 4683 1060 4726 11,
1081 4681 1202 4729 pag.
1222 4674 1318 4719 337.
