3679 5414
1655 445 1782 504 AN.
1828 444 1969 504 1552
2930 445 3045 509 599

565 609 708 655 una
739 598 1015 654 tantum
1045 591 1463 671 religionem
1493 590 1770 671 ingredi
1799 590 2138 654 decrevit.
2192 589 2609 670 Conjugatis
2639 588 2853 652 etiam
2893 607 3036 653 ma-

567 697 795 761 tronis
825 697 1249 779 quibusdam
1275 697 1539 761 utiliter
1569 696 1817 761 eadem
1850 697 2235 778 proposuit.

686 803 825 869 423.
915 804 1210 868 Praeter
1238 804 1580 868 exercitia
1604 813 1843 867 autem
1874 802 2437 867 confessionibus
2478 813 2546 867 et
2587 804 2746 867 aliis
2781 804 3038 867 mediis

565 911 929 990 sigillatim
956 912 1087 974 hos
1115 921 1329 992 atque
1357 911 1516 974 illos
1544 910 1964 991 adjuvabat,
2000 910 2182 973 inter
2212 927 2392 990 quos
2418 920 2565 973 tres
2593 910 2865 974 nobiles
2892 910 3034 973 vir-

564 1019 770 1097 gines
800 1019 892 1083 ad
921 1019 1337 1099 religionem
1377 1020 1691 1082 animum
1720 1017 2133 1099 adjecerunt
2161 1027 2231 1081 et
2267 1019 2703 1081 monasteria
2741 1028 2905 1081 sunt
2933 1018 3033 1081 in-

562 1142 879 1204 gressae.
941 1125 1210 1189 Diebus
1267 1136 1508 1189 autem
1567 1125 1865 1205 singulis
1924 1124 2408 1188 confessiones
2466 1124 2542 1188 Ρ.
2606 1125 3052 1200 Paschasius

563 1233 895 1296 audiebat
933 1233 1010 1296 in
1050 1233 1226 1297 aede
1275 1232 1423 1297 Sti·
1477 1233 1915 1314 Martyribus
1964 1232 2223 1296 Cosmo
2273 1241 2342 1295 et
2392 1231 2746 1296 Damiano
2792 1249 3030 1311 sacra,

560 1338 1159 1404 Claramontanae
1183 1340 1444 1420 domui,
1472 1359 1685 1422 quam
1711 1340 2206 1425 inhabitabant
2233 1340 2481 1419 nostri,
2509 1339 2868 1418 contigua.
2902 1339 3030 1404 Fe-

559 1447 683 1510 stis
722 1457 961 1511 autem
1000 1448 1248 1512 diebus
1289 1450 1361 1511 in
1402 1449 1709 1512 Abbatia
1749 1446 1876 1512 Sti.
1928 1448 2292 1527 Germani,
2333 1464 2465 1528 pro
2509 1446 2800 1527 antiquo
2832 1465 3030 1512 more

556 1564 969 1617 nostrorum
1009 1555 1540 1635 parisiensium,
1586 1555 2064 1635 poenitentiae
2117 1563 2187 1618 et
2245 1553 2741 1618 Eucharistiae
2791 1571 3026 1618 sacra·

557 1670 797 1724 menta
825 1661 1192 1743 utriusque
1223 1680 1437 1726 sexus
1463 1673 1534 1726 et
1555 1662 1778 1725 variis
1806 1670 2035 1726 status
2057 1661 2459 1724 hominibus
2487 1678 2574 1723 eo
2605 1660 3028 1724 convenien-

449 1847 453 1851 .
556 1767 744 1831 tibus
763 1769 1233 1833 ministrabat.
1263 1768 1380 1832 Ad
1403 1769 1719 1833 infirmos
1742 1770 1957 1832 etiam
1980 1768 2442 1832 moribundos
2469 1768 2876 1848 frequenter
2904 1786 3025 1831 vo-

557 1886 760 1938 catus
784 1875 1192 1955 accedebat,
1219 1876 1705 1940 confessiones
1727 1875 2082 1939 interdum
2097 1875 2392 1937 audiens
2414 1891 2661 1937 eorum
2676 1883 2767 1954 et,
2784 1891 3024 1954 quam-

553 1982 665 2044 vis
694 1982 815 2045 alii
836 1981 1147 2046 confessi
1173 1992 1442 2061 essent,
1476 1983 1569 2046 ad
1599 1982 2157 2046 consolationem
2185 1991 2255 2044 et
2285 1981 2650 2060 spirituale
2681 1981 3024 2044 auxilium

552 2091 726 2169 ipsis
756 2089 1028 2153 aderat.

671 2194 810 2259 424.
901 2197 1499 2261 Claramontanus
1539 2197 1938 2278 Episcopus
1978 2206 2386 2260 nostrorum
2424 2195 2798 2276 colloquiis
2838 2195 3021 2258 dele·

549 2300 900 2382 ctabatur,
927 2314 998 2367 et
1018 2305 1473 2384 privilegium
1493 2305 1681 2368 bona
1704 2303 1986 2367 stabilia
2009 2303 2415 2384 possidendi
2438 2312 2516 2366 ut
2540 2303 3021 2367 obtineremus

547 2411 870 2490 optabat,
928 2420 998 2474 et
1046 2411 1518 2491 Margaritae,
1576 2410 1793 2491 Regis
1843 2411 2104 2490 sorori,
2157 2427 2234 2473 se
2283 2409 2649 2490 negotium
2694 2420 3020 2473 nostrum

546 2517 1206 2580 commendaturum
1234 2518 1579 2599 promisit.
1625 2517 2063 2600 jampridem
2094 2534 2136 2579 a
2174 2515 2371 2597 Rege
2409 2534 2495 2580 ea
2531 2516 2837 2580 facultas
2873 2516 3015 2579 fue-

547 2634 663 2687 rat
685 2624 1062 2705 impetrata
1082 2675 1096 2704 ,
1130 2625 1255 2688 sed
1277 2624 1581 2689 Senatus
1604 2625 1917 2688 nondum
1941 2625 2072 2688 sibi
2095 2624 2533 2705 persuaderi,
2559 2633 2635 2687 ut
2668 2642 2825 2687 eam
2848 2642 3016 2687 con·

546 2731 895 2812 firmaret,
937 2734 1382 2813 permiserat.
1427 2732 1829 2797 Secundam
1870 2744 2107 2796 tamen
2138 2732 2530 2813 jussionem
2565 2733 2696 2796 sub
2740 2733 3016 2796 initium

544 2840 713 2902 anni
744 2841 1127 2919 sequentis,
1157 2841 1410 2903 eodem
1440 2840 1806 2904 Cardinali
1833 2840 2326 2919 Lotharingio,
2351 2849 2757 2921 protectore
2779 2838 3012 2904 Socie-

542 2946 710 3009 tatis
735 2947 807 3009 in
838 2946 1109 3028 Galliis,
1137 2948 1584 3029 impetrante,
1612 2946 1703 3010 ad
1725 2946 2064 3011 Senatum
2093 2947 2304 3027 misit,
2333 2956 2401 3010 et
2430 2963 2768 3027 expresse
2792 2947 3011 3028 injun-

537 3053 643 3116 xit
674 3062 749 3116 ut
796 3053 886 3115 ad
917 3054 1467 3135 publicationem
1508 3055 1906 3118 litterarum
1944 3053 2305 3132 regiarum
2334 3062 2405 3116 et
2435 3053 2524 3116 ad
2566 3053 3011 3134 approbatio-

537 3177 701 3224 nem
741 3170 810 3223 et
858 3161 1347 3240 vulgationem
1397 3163 1797 3226 litterarum
1836 3162 2393 3242 apostolicarum
2442 3160 2880 3242 procederet.
2924 3162 3013 3226 Et

537 3269 633 3330 ita
664 3267 968 3332 Senatus
1006 3269 1445 3348 parisiensiS,
1471 3270 1715 3333 audito
1753 3277 2221 3350 procuratore
2255 3268 2574 3347 generali
2612 3266 2861 3348 RegiS,
2897 3268 3008 3332 de-

534 3375 765 3438 crevit
812 3385 890 3438 ut
938 3375 1633 3439 communicarentur
1679 3377 1912 3439 bullae
1951 3385 2019 3439 et
2058 3375 2334 3438 litterae
2372 3374 2617 3453 regiae
2657 3375 3010 3457 Episcopo

534 3481 928 3559 parisiensi.
964 3481 1104 3545 Sed
1133 3484 1312 3546 haec
1342 3492 1601 3547 octava
1632 3483 1745 3546 die
1786 3481 2159 3546 Februarii
2189 3482 2356 3545 anni
2385 3482 2743 3562 sequentis
2771 3484 3006 3547 decre-

533 3589 669 3665 vit;
702 3597 773 3651 et
806 3590 878 3651 in
911 3607 994 3652 eo
1028 3589 1194 3669 quid
1240 3590 1330 3652 sit
1363 3600 1875 3670 consequutum
1907 3589 2399 3669 explicabitur.
2431 3587 2608 3652 Illud
2639 3606 2858 3652 unum
2889 3590 3006 3653 hic

533 3694 792 3758 addam
830 3696 1018 3775 quod
1060 3697 1338 3759 litterae
1383 3696 1781 3777 SocietatiS,
1838 3714 2019 3777 quae
2070 3696 2398 3759 manibus
2448 3695 2839 3760 amicorum
2876 3696 3006 3759 cir-

527 3801 1125 3882 cumferebantur,
1161 3803 1728 3868 aedificationem
1755 3803 2145 3868 maximam
2168 3812 2235 3865 et
2261 3802 2853 3866 existimationem
2883 3802 3003 3867 So-

528 3910 807 3978 cietatis
836 3911 907 3973 in
937 3913 1320 3974 multorum
1352 3912 1611 3975 animis
1642 3912 2049 3975 excitabant
2082 3909 2124 3973 ¹.

609 4151 622 4181 ¹
684 4149 939 4195 Polancus
954 4184 964 4202 ,
991 4163 1059 4194 ex
1079 4162 1237 4204 com„
1257 4152 1401 4196 Patri
1423 4152 1706 4196 paschasio
1730 4151 1890 4195 Broet
1907 4184 1919 4205 ,
1939 4153 2165 4196 vetitum
2185 4163 2278 4206 per
2301 4150 2712 4195 constitutiones
2731 4163 2843 4194 esse
2865 4163 2925 4194 ne
2948 4153 3003 4194 ln

521 4220 702 4265 domos
721 4229 927 4266 nostras
959 4223 1024 4266 ad
1055 4223 1432 4268 convivendum
1460 4230 1705 4268 externos
1725 4256 1735 4274 .
1765 4223 1886 4266 licet
1910 4223 1946 4266 ii
1966 4224 2052 4267 vel
2082 4222 2318 4266 monachi
2341 4221 2445 4266 sint
2467 4224 2551 4265 vel
2572 4221 2766 4265 fratres
2782 4255 2793 4276 ,
2816 4222 2999 4265 admit-

524 4297 718 4346 tamus,
740 4294 918 4336 videat
941 4301 1114 4337 tamen
1135 4307 1201 4338 an
1233 4296 1283 4338 in
1315 4295 1543 4349 gratiam
1579 4293 1970 4338 Claramontani
2010 4292 2249 4348 Episcopi
2287 4293 2473 4346 aliquis
2507 4294 2573 4336 ad
2606 4295 2766 4335 breve
2798 4302 2998 4346 tempus

519 4361 727 4406 admitti
750 4365 934 4407 debeat
952 4399 960 4414 ,
984 4365 1038 4408 ἕ)
1058 4365 1312 4411 Octobris.
