3679 5414
722 498 836 555 508
1649 495 1906 555 Cimon.
1948 493 2103 553 Soc.
2144 495 2283 567 Jas.

724 642 1065 704 lectiones
1096 641 1399 719 audiret,
1435 658 1615 721 quae
1653 657 1872 719 supra
1913 642 2028 703 vel
2070 640 2255 703 infra
2297 635 2447 719 ejus
2485 649 2773 720 captum
2812 651 3067 704 essent.
3111 641 3188 704 Id

724 757 964 810 tamen
993 747 1192 811 initio
1223 747 1397 810 satis
1428 748 1682 811 durum
1712 749 1806 810 ibi
1835 748 2209 810 videbatur
2240 758 2308 811 et
2338 748 2429 811 ad
2459 756 2792 810 externos
2821 748 3186 811 scholasti·

724 873 847 918 eos
877 854 1338 934 avertendOS,
1374 856 1492 935 qui
1518 864 1907 936 ‚tanquam
1938 856 2028 918 ad
2059 855 2380 935 publicas
2408 854 2749 918 lectiones
2768 904 2783 932 ,
2817 864 2887 917 et
2915 863 3183 918 nostro-

720 980 879 1025 rum
929 962 1212 1026 scholas
1263 971 1331 1025 et
1382 962 1680 1026 aliorum
1726 963 2182 1025 accedebant.
2226 960 2689 1025 Prosecerunt
2727 962 3184 1025 nihilominus

720 1070 947 1133 nostri
975 1071 1047 1133 in
1076 1070 1377 1150 privatis
1403 1070 1513 1132 his
1533 1070 1954 1133 lectionibus
1975 1079 2052 1133 ut
2074 1070 2288 1132 etiam
2311 1069 2403 1132 ad
2425 1087 2547 1132 eas
2571 1070 2928 1132 docendas
2950 1069 3182 1133 idonei

718 1177 1139 1255 evaderent3
1185 1194 1315 1239 nec
1358 1186 1596 1240 tamen
1634 1179 1946 1240 minores
1989 1177 2064 1239 in
2102 1178 2366 1257 pietate
2416 1193 2628 1255 quam
2670 1177 2743 1239 in
2789 1176 3181 1240 eruditione

716 1300 1146 1363 progressus
1173 1283 1527 1347 faciebant
1563 1283 1603 1347 ¹.

744 1421 748 1429 v
836 1390 977 1452 361.
1063 1390 1220 1454 Hoc
1253 1409 1440 1454 anno
1470 1400 1640 1454 vota
1672 1391 2050 1455 Societatis
2091 1391 2474 1455 emiserunt
2512 1390 2814 1454 Carolus
2853 1390 3061 1470 Grin‚
3112 1392 3184 1454 in

717 1497 900 1561 festo
950 1497 1393 1576 NativitatiS,
1451 1499 1581 1561 sub
1630 1498 1843 1560 finem
1892 1498 2058 1560 anni
2114 1497 2303 1576 1551,
2355 1507 2424 1561 et
2466 1497 2717 1561 deinde
2762 1498 3182 1561 Lambertus

715 1603 915 1668 Alier
957 1603 980 1635 ²
1026 1606 1163 1668 hoc
1207 1623 1393 1667 anno
1444 1604 1599 1666 1552
1647 1606 2176 1685 progrediente;
2200 1605 2294 1667 .hi
2332 1605 2473 1668 duo
2513 1605 2947 1685 Ingolstadio
2990 1606 3183 1668 missi

715 1711 1018 1777 fuerant.
1051 1712 1197 1775 Alii
1218 1714 1540 1776 nonnulli
1556 1712 1856 1793 Juvenes
1880 1723 1948 1776 et
1970 1714 2084 1776 vir
2105 1714 2393 1793 quidam
2411 1712 2559 1793 jam
2582 1714 2903 1791 integrae
2928 1714 3183 1777 aetatis

717 1834 1103 1897 germanus
1131 1818 1467 1883 Societati
1497 1839 1572 1882 se
1613 1821 1975 1883 dederant.

833 1924 975 1988 362.
1063 1925 1541 1990 Constitutum
1583 1926 1814 1990 fuerat
1853 1927 1925 1989 in
1977 1927 2456 2000 Universitate
2494 1927 2920 2006 Viennensi,
2972 1945 3180 2007 quam

712 2032 870 2097 Rex
899 2034 1298 2097 instaurare
1321 2035 1669 2115 cupiebat,
1698 2045 1774 2098 ut
1798 2052 1927 2097 sex
1958 2035 2164 2097 annis
2184 2042 2393 2097 vetus
2422 2042 2490 2097 et
2519 2051 2785 2098 novum
2808 2046 3180 2099 testamen-

713 2149 862 2203 tum
892 2142 1451 2222 praelegeretur,
1485 2151 1554 2204 et
1585 2141 1743 2204 ideo
1775 2159 1938 2204 cum
1967 2141 2233 2204 Bibliae
2271 2141 2712 2220 professores
2747 2159 3180 2222 magnopere

714 2258 1236 2327 expeterentur,
1263 2258 1546 2328 praeter
1575 2248 1652 2311 P.
1689 2247 2084 2328 Claudium,
2112 2249 2326 2311 etiam
2356 2248 2432 2311 P.
2467 2248 2857 2312 Gaudanus
2886 2247 3180 2312 Sacram

712 2353 1156 2435 Scripturam
1185 2355 1569 2418 enarravit.
1603 2354 1683 2417 In
1712 2354 2031 2434 Collegio
2070 2355 2285 2417 etiam
2322 2363 2598 2433 nostr0,
2644 2356 2812 2435 quia
2850 2356 3178 2433 cupiebat

713 2460 868 2524 Rex
889 2460 1371 2525 Romanorum
1402 2463 1474 2524 in
1505 2463 1695 2525 omni
1725 2463 2100 2542 disciplina
2130 2462 2415 2525 scholas
2439 2463 2723 2542 aperiri,
2751 2463 3044 2525 lectoria
3066 2464 3181 2525 vel

716 2569 980 2632 classes
1012 2569 1106 2632 ibi
1135 2569 1393 2632 confici
1413 2568 1644 2648 Jussit,
1678 2570 1797 2632 ubi
1817 2569 2069 2645 nostri,
2098 2569 2216 2649 qui
2245 2570 2438 2632 domi
2458 2569 2796 2648 privatim
2825 2570 3174 2648 legebant,

712 2674 994 2756 publice
1046 2676 1420 2755 docerent,
1473 2677 1660 2758 quod
1697 2677 1962 2741 nostris
2001 2678 2178 2740 satis
2228 2674 2680 2740 commodum
2719 2676 3008 2755 accidit,
3063 2678 3180 2756 qui

713 2783 963 2846 eodem
990 2783 1232 2846 labore
1263 2801 1402 2864 quo
1434 2784 1622 2847 intra
1651 2785 1975 2865 privatos
1998 2784 2305 2864 parietes
2332 2765 2744 2861 docuerant,
2772 2784 3030 2847 docere
3058 2803 3178 2865 pu·

711 2890 893 2952 blice
925 2899 1336 2970 coeperunt.
1371 2889 1507 2954 Sed
1539 2892 1710 2953 nihil
1740 2892 1812 2953 in
1842 2890 1979 2953 hoc
2020 2907 2282 2970 genere
2321 2891 2598 2969 gratius
2635 2890 2815 2970 Regi
2856 2909 3178 2955 romano-

711 3013 870 3060 rum
899 2997 1029 3060 fuit
1060 3016 1273 3078 quam
1295 2999 1481 3078 quod
1513 2998 1736 3061 nostri
1764 2997 2363 3077 Ingolstadienses
2386 2999 2521 3078 ipsi
2542 2998 2801 3061 fuerint
2831 3000 3175 3077 concessi;

713 3104 964 3168 modus
1012 3105 1228 3168 etiam
1268 3106 1404 3186 ipsi
1451 3106 1868 3185 perplacuit,
1924 3114 1993 3167 et
2044 3105 2430 3185 hispanicis
2478 3106 2731 3168 litteris
2771 3105 2848 3168 P.
2901 3105 3176 3185 Ignatio

713 3212 985 3290 gratias
1015 3213 1183 3292 egit.

833 3319 974 3382 363.
1062 3319 1297 3383 Causa
1321 3337 1448 3382 cur
1469 3320 1838 3398 novitium,
1861 3321 2283 3400 magistrum
2304 3320 2649 3402 Jacobum
2661 3319 3172 3399 Aldenardum,

713 3427 997 3490 lectioni
1061 3427 1330 3506 logices
1385 3427 1808 3507 praefecerit
1867 3428 2238 3507 Claudius,
2302 3429 2560 3507 partim
2616 3427 2746 3490 fuit
2802 3427 3175 3491 sublevare

713 3533 788 3598 P.
816 3533 1188 3597 Nicolaum
1217 3534 1612 3614 Lanoyum,
1647 3535 1949 3598 lectione
1982 3535 2382 3613 theologiae
2412 3544 2483 3597 et
2509 3534 3022 3614 gubernatione
3058 3533 3176 3597 do-

711 3659 869 3704 mus
897 3642 1072 3704 satis
1103 3651 1527 3720 occupatum
1546 3691 1560 3718 ,
1603 3642 1863 3722 partim
1894 3642 2057 3722 quia
2099 3642 2378 3723 ipsimet
2407 3641 2676 3723 Jacobo
2706 3642 2875 3705 utile
2916 3641 2985 3704 id
3026 3641 3177 3704 fore

711 3747 1107 3827 videbatur,
1135 3748 1255 3828 qui
1277 3749 1786 3811 tentationibus
1809 3767 1953 3811 non
1976 3765 2231 3828 parum
2258 3748 2571 3828 agitatus
2592 3748 2843 3827 fuerat,
2880 3766 3178 3829 quarum

711 3855 1035 3918 oblivisci
1082 3866 1370 3935 propter
1420 3856 1604 3917 hanc
1657 3856 2199 3935 occupationem
2251 3856 2508 3936 coepit.
2555 3854 2697 3918 Res
2737 3856 2891 3936 ipsa
2939 3864 3179 3919 tamen

709 3969 960 4041 postea
999 3962 1237 4025 docuit
1277 3962 1819 4040 abnegationem
1862 3971 1932 4025 et
1970 3963 2582 4042 perturbationum
2626 3962 3003 4025 victoriam
3051 3980 3179 4043 per

708 4068 1084 4148 religiosas
1105 4069 1560 4149 probationes
1581 4068 1811 4148 magis
1836 4070 2219 4132 convenire
2236 4068 2640 4150 hujusmodi
2654 4069 2943 4132 novitiis
2964 4087 3180 4150 quam

709 4175 803 4256 id,
837 4176 1025 4255 quod
1054 4176 1226 4257 ipsis
1254 4176 1509 4256 placet,
1542 4175 1941 4255 indulgere;
1966 4193 2135 4239 nam
2155 4176 2320 4239 licet
2342 4175 2735 4240 obducatur
2765 4178 2966 4240 ulcus
2996 4177 3175 4239 cica-

794 4380 811 4413 ¹
869 4379 1137 4433 Polancus,
1159 4392 1226 4424 ex
1246 4392 1394 4431 com„
1411 4381 1555 4425 Patri
1579 4381 1796 4425 Claudio
1816 4381 1949 4436 jain,
1970 4387 2027 4425 ut
2043 4381 2237 4436 aliquid
2259 4383 2385 4436 lpse,
2408 4383 2451 4426 si
2472 4384 2671 4436 valeat,
2692 4384 2989 4437 praelegat;
3012 4383 3076 4425 de
3098 4381 3185 4435 ils„

711 4462 838 4505 quos
859 4462 1033 4495 secum
1054 4452 1212 4495 habet
1229 4485 1239 4504 ,
1262 4451 1483 4496 Morales
1498 4486 1509 4506 ,
1538 4453 1778 4496 Victoria
1793 4485 1803 4505 ,
1827 4452 2071 4496 Suetonio
2088 4486 2098 4505 ‚
2122 4454 2348 4507 Angelo,
2385 4460 2441 4497 ut
2476 4465 2564 4497 eos
2594 4453 2810 4497 Romam
2828 4455 3031 4507 mittat,
3052 4454 3095 4496 si
3124 4453 3174 4496 id

711 4523 952 4577 expedire
970 4524 1240 4578 judicab113
1262 4524 1324 4566 de
1347 4525 1709 4577 promovendis
1730 4527 1796 4568 ad
1819 4524 2135 4568 Doctoratus
2154 4525 2390 4578 gradum
2414 4525 2475 4567 de
2497 4526 2830 4569 concionandi
2851 4537 3084 4579 munere3
3113 4525 3174 4568 de

711 4595 954 4638 struendo
974 4595 1192 4648 collegio
1212 4608 1223 4647 ;
1245 4596 1307 4638 de
1329 4607 1430 4639 non
1450 4598 1762 4640 removendo
1784 4596 1941 4639 Petro
1962 4596 2169 4640 Canisio
2185 4609 2195 4650 ;
2214 4597 2275 4640 de
2297 4596 2583 4640 Labacensi
2607 4597 2886 4651 Episcopo,
2916 4597 2946 4640 5
2965 4597 3174 4651 Aprilis.

737 4657 740 4660 ’
793 4666 815 4697 ¹
873 4666 955 4709 Ita
976 4666 1247 4720 Poma-cus:
1272 4668 1556 4712 sacchinus
1588 4676 1763 4711 autem
1797 4668 1979 4712 scribit
2001 4669 2233 4718 Aucrus,
2255 4668 2507 4712 Vei-diere
2522 4701 2536 4720 ,
2555 4668 2799 4712 Histoire
2818 4670 2885 4711 de
2903 4668 3181 4711 I'Um'ver-

714 4736 819 4779 sue
838 4736 1216 4790 ‹1¹Ingolstadt,
1240 4746 1275 4781 t.
1296 4749 1331 4793 ι,
1353 4743 1473 4793 pag.
1494 4739 1598 4790 2⁷72,
1623 4739 1861 4783 Aulbert.
