3679 5414
1710 393 1836 450 ΑΝ.
1886 391 2023 451 1552
2985 391 3095 449 727

602 542 996 621 ⁷sanguinei
1025 541 1241 604 etiam
1269 549 1430 620 post
1472 557 1632 603 eum
1671 557 1761 602 ex
1805 538 2212 601 melioribus
2257 536 2411 616 ejus
2450 538 2863 618 provinciae
2910 539 3089 601 chri-

599 649 874 712 :stianis
902 666 1057 712 esse
1087 648 1579 711 censebantur.
1613 645 1756 710 Alii
1785 646 2003 710 etiam
2033 663 2122 709 ex
2153 647 2289 708 hac
2313 646 2464 708 vita
2491 655 2945 709 recesserunt
2976 663 3091 708 eo-

616 755 785 819 dem
814 756 950 835 die,
985 773 1125 836 quo
1156 754 1495 835 baptizati
1523 753 1835 832 fuerant,
1885 770 2047 835 cum
2086 751 2220 816 fide
2263 769 2348 815 ac
2383 752 2634 815 dolore
2671 754 2857 815 male
2897 762 3088 816 ante-

601 872 828 927 -actae
854 863 1072 941 vitae;
1104 871 1173 925 et
1196 860 1343 942 jam
1374 861 1665 924 inolevit
1695 869 1770 924 ut
1801 861 1920 941 qui
1949 860 2132 923 inter
2161 876 2284 922 eos
2313 868 2804 939 aegrotarent,
2836 859 3089 923 Patres

622 978 1096 1049 accerserent;
1129 978 1198 1032 et
1226 969 1318 1032 ad
1347 969 1781 1050 sepulturam
1810 968 2027 1031 etiam
2055 966 2506 1030 morientium
2544 966 2756 1030 iidem
2786 984 3088 1030 evocan-

622 1086 761 1155 tur;
788 1077 1051 1139 habent
1079 1077 1292 1139 etiam
1321 1075 1720 1154 ecclesiam,
1754 1074 1896 1150 ubi,
1931 1074 2048 1155 qui
2090 1073 2475 1136 christiane
2516 1074 2936 1153 moriuntur,
2985 1091 3090 1136 se-

622 1184 996 1264 peliantur.

742 1290 886 1354 665.
973 1290 1152 1354 Cum
1182 1289 1470 1370 quidam
1500 1308 1590 1353 ex
1629 1290 1892 1353 nostris
1932 1298 2095 1352 cum
2134 1289 2444 1370 quodam
2479 1288 2881 1352 brasiliensi
2919 1305 3090 1368 gen·

623 1398 761 1478 tili,
797 1398 918 1478 qui
946 1398 1506 1476 Portagrande's
1549 1398 1951 1472 dicebatur,
1988 1406 2305 1477 agerent,
2341 1396 2515 1460 vitia
2544 1395 2695 1476 ejus
2716 1396 3088 1476 reprehen-

603 1504 854 1568 -dendo
884 1514 953 1568 et
981 1514 1280 1568 mortem
1307 1504 1643 1568 minando
1676 1504 1735 1567 si
1763 1522 1908 1567 non
1936 1504 2385 1584 resipisceret
2404 1552 2418 1581 ,
2462 1504 2577 1566 ille
2623 1502 2878 1565 stolida
2922 1521 3087 1583 qua-

602 1612 789 1675 2dam
810 1612 922 1675 sui
949 1610 1372 1675 confidentia
1399 1612 1766 1704 respondit
1788 1629 1864 1674 se
1893 1629 2038 1674 non
2060 1628 2217 1673 esse
2242 1610 2679 1689 moriturum,
2708 1619 2777 1672 et
2799 1627 2884 1672 ea
2908 1627 3090 1690 quae

600 1764 603 1765 f
625 1720 761 1800 ipsi
782 1719 1198 1783 dicebantur
1227 1736 1373 1782 non
1397 1719 1753 1799 credebat,
1780 1717 1991 1798 quod,
2018 1719 2311 1796 scilicet,
2342 1728 2534 1780 terra
2559 1726 2746 1780 esset
2769 1726 2837 1780 et
2862 1717 2935 1780 in
2956 1726 3090 1780 ter·

606 1842 780 1889 ’ram
805 1826 1194 1905 redituruS,
1230 1827 1554 1907 quodque
1584 1825 1733 1905 eJus
1763 1826 1913 1888 vita
1937 1826 2009 1888 in
2031 1842 2246 1888 manu
2272 1824 2404 1887 Dei
2428 1834 2639 1903 esset;
2667 1833 2737 1887 et
2759 1824 2945 1887 intra
2973 1824 3090 1886 tri·

603 1933 841 1997 duum
868 1934 1082 1997 miser
1112 1933 1405 1997 terribili
1433 1934 1742 2014 quadam
1771 1942 1998 1996 morte
2027 1933 2382 1996 extinctus
2411 1942 2540 1995 est.

743 2039 884 2102 666.
971 2039 1191 2103 Filius
1240 2038 1606 2119 cujusdam
1655 2040 2004 2121 primatiS,
2057 2040 2181 2119 qui
2229 2027 2393 2102 'cum
2439 2048 2644 2120 patre
2691 2039 3090 2120 baptizatus

622 2145 877 2226 suerat,
898 2146 988 2210 ad
1008 2147 1269 2210 bellum
1292 2161 1646 2227 egressuS,
1668 2164 1886 2210 unum
1908 2165 1998 2209 ex
2018 2146 2338 2210 hostibus
2361 2147 2661 2227 excepit,
2688 2152 2898 2227 quem
2921 2163 3089 2209 uxo·

620 2254 722 2316 ris
749 2254 1262 2334 consanguinei
1287 2254 1378 2316 ab
1408 2272 1492 2317 eo
1521 2256 1972 2335 postularunt
2000 2262 2076 2316 ut
2106 2270 2267 2317 eum
2296 2253 2771 2332 comederent3
2805 2251 2995 2333 quod
3029 2254 3089 2315 si

623 2377 769 2423 non
807 2359 1098 2437 faceret,
1141 2376 1438 2423 uxorem
1481 2361 1547 2423 ei
1579 2378 1655 2423 se
1700 2360 2193 2424 subtracturos
2223 2360 2696 2423 minabantur.
2734 2359 2810 2422 Id
2854 2360 2968 2422 ille
3008 2359 3086 2422 ti·

623 2486 845 2548 mens,
872 2476 1159 2549 captum
1187 2468 1545 2531 hominem
1573 2468 1676 2530 eis
1704 2468 2010 2549 reliquit.
2037 2466 2538 2547 Reprehensus
2569 2467 2658 2530 ob
2690 2466 2761 2530 id
2790 2486 2832 2529 a
2863 2466 3085 2530 Patri-

623 2575 756 2639 bus
786 2576 876 2639 ad
905 2576 1191 2639 eosdem
1219 2584 1569 2654 cognatos
1598 2591 1674 2637 se
1704 2574 2034 2653 contulit,
2079 2586 2148 2637 et
2190 2572 2277 2637 de
2317 2574 2643 2637 manibus
2683 2591 2932 2636 eorum
2974 2590 3087 2635 ca·

624 2683 900 2763 ptivum
926 2683 1283 2747 hominem
1306 2682 1583 2763 eripuit,
1611 2691 1680 2746 et
1702 2680 2030 2746 Patribus
2052 2682 2316 2745 nostris
2341 2682 2631 2746 tradidit
2654 2692 2730 2745 ut
2755 2681 2826 2745 in
2854 2679 3091 2744 aedifi·

611 2790 743 2851 ·cio
781 2790 1076 2869 Collegii
1119 2790 1443 2853 serviret.
1489 2789 1627 2853 Sed
1666 2789 1832 2869 quia
1872 2789 2185 2852 cadaver
2224 2789 2417 2853 aliud
2456 2790 2723 2852 eisdem
2763 2788 3093 2868 cognatis

609 2893 942 2975 -dederat,
968 2914 1140 2976 prae
1163 2897 1612 2960 confussione
1643 2915 1728 2960 ac
1753 2897 1996 2960 dolore
2028 2896 2100 2959 in
2128 2913 2431 2976 gravem
2460 2897 2783 2959 morbum
2816 2896 3086 2978 incidit,

627 3011 698 3065 et
720 3001 1239 3066 consessionem
1262 3006 1631 3083 postulans
1653 3020 1815 3067 cum
1847 3013 2047 3066 tanta
2070 3004 2495 3066 contritione
2526 3013 2595 3065 et
2625 3003 3086 3084 poenitentia,

628 3119 705 3173 ut
732 3118 1046 3189 stuperet
1075 3111 1195 3190 qui
1225 3128 1385 3174 eum
1415 3111 1746 3174 audiebat
1777 3128 1862 3173 ac
1893 3109 2126 3174 Deum
2153 3109 2498 3188 laudaret,
2533 3110 2597 3173 ei
2627 3109 3086 3190 significavit,

604 3215 811 3296 ·quod
848 3217 1282 3296 patiebatur,
1328 3236 1417 3280 ex
1448 3216 1640 3297 justo
1679 3215 1817 3279 Dei
1850 3215 2117 3296 judicio
2155 3216 2289 3296 ipsi
2329 3217 2708 3295 accidisse,
2755 3218 3092 3296 quoniam

606 3324 937 3386 cadaver
966 3322 1457 3387 devorandum
1486 3324 1819 3403 cognatis
1843 3321 2174 3402 dedisset;
2203 3332 2272 3386 et
2293 3324 2392 3387 ita
2422 3341 2584 3387 cum
2613 3340 2879 3403 magna
2903 3341 3090 3386 corn·

621 3431 1003 3510 punctione
1033 3439 1108 3493 ut
1138 3448 1306 3493 vere
1337 3430 1767 3493 christianus
1800 3449 1892 3494 ex
1922 3431 2056 3494 hac
2089 3431 2238 3494 vita
2269 3431 2383 3493 ille
2412 3431 2739 3493 decessit.

739 3537 882 3599 667.
967 3537 1046 3600 In
1087 3538 1458 3618 provincia
1500 3537 1968 3601 Pernambuci
2018 3536 2366 3600 referebat
2408 3536 2593 3600 idem
2637 3537 3092 3602 Gubernator

602 3643 809 3725 ·quod
860 3645 932 3708 in
973 3644 1211 3708 multis
1267 3645 1490 3707 leucis
1540 3644 2007 3707 Brasilienses
2051 3645 2382 3724 gentiles,
2438 3654 2847 3708 nostrorum
2898 3645 3091 3728 fama

604 3753 977 3832 commoti,
1013 3751 1104 3816 ad
1126 3769 1249 3814 eos
1273 3751 1675 3829 veniebant;
1703 3760 1771 3814 et
1794 3768 1958 3814 cum
1980 3752 2067 3815 de
2089 3768 2338 3814 eorum
2361 3751 2727 3815 itineribus
2749 3753 3089 3832 intellige·
3190 3769 3195 3777 ¹

621 3858 813 3938 bant,
841 3859 1128 3923 obviam
1152 3859 1290 3923 illis
1313 3876 1475 3922 cum
1498 3859 1707 3921 rebus
1731 3858 1823 3922 ad
1851 3859 2116 3922 victum
2137 3859 2562 3923 necessariis
2583 3860 3082 3940 procedebant,

603 3976 691 4029 ·et
718 3966 1280 4029 benedictionem
1319 3966 1804 4045 postulabant;
1850 3975 1919 4029 et
1961 3965 2034 4029 in
2073 3965 2379 4046 quodam
2418 3983 2606 4047 pago
2646 3967 2884 4030 vicino
2923 3966 3086 4030 Per·

616 4074 971 4137 nambuco
993 4091 1278 4137 crucem
1300 4073 1578 4154 ipsimet
1595 4072 2051 4136 confecerunt
2076 4082 2145 4136 et
2168 4083 2567 4152 erexerunt,
2594 4082 2663 4137 et
2686 4074 2876 4154 apud
2892 4074 3085 4137 illam

618 4161 904 4242 nostros
925 4180 1456 4260 exspectabant,
1475 4189 1553 4242 ut
1568 4179 2130 4242 benedictionem
2157 4179 2246 4242 ab
2271 4179 2373 4242 eis
2396 4180 2821 4260 acciperent,
2847 4189 2916 4244 et
2937 4180 3085 4244 fere

599 4296 901 4350 -centum
922 4287 1241 4350 homines
1263 4287 1753 4349 catechumeni
1777 4286 1870 4349 ibi
1894 4295 2056 4350 sunt
2073 4286 2264 4349 facti.
2290 4286 2468 4351 Cum
2497 4287 2568 4349 in
2592 4304 2858 4367 pagum
2889 4288 3083 4349 illum

610 4393 906 4472 quidam
928 4393 1423 4474 deceptionum
1437 4393 1777 4472 magister
1800 4393 2169 4472 ingressus
2190 4403 2397 4472 esset,
2424 4391 2534 4472 cuj
2541 4411 2623 4457 us
2638 4394 2847 4456 vanis
2864 4387 2956 4455 ac
2969 4410 3079 4456 su·

615 4500 1038 4579 perstitiosis
1066 4499 1304 4563 verbis
1327 4500 1624 4562 muitum
1652 4498 1943 4563 credere
1973 4501 2162 4562 soliti
2191 4510 2416 4579 erant,
2460 4501 2880 4581 congregati
2916 4510 3081 4564 sunt

598 4608 1105 4671 catechumeni
1128 4615 1194 4669 et
1218 4624 1381 4670 eum
1403 4623 1495 4670 ex
1520 4623 1710 4687 pago
1735 4608 2177 4689 expulerunt,
2212 4608 2423 4670 aliam
2452 4626 2529 4671 se
2558 4609 2790 4688 legem
2820 4608 3080 4672 habere
