3679 5414
752 435 862 494 608
1696 432 1961 494 eunom
1995 431 2145 493 Soc,
2187 434 2327 507 JEs.

868 567 1008 643 443.
1098 580 1319 643 Leiva
1371 579 1815 643 discedentes
1875 579 2101 642 nostri
2153 580 2225 641 in
2275 579 2613 661 oppidum
2667 579 3092 643 Beloradum
3145 600 3222 644 se

747 688 1231 765 contulerunt,
1266 686 1382 749 ubi
1422 687 1775 767 quaedam
1812 704 2014 749 soror
2059 684 2407 749 Ducissae
2453 687 2539 749 de
2577 686 2785 750 Frias
2833 687 3221 752 Abbatissa‘

747 803 902 857 erat
926 792 1335 857 monasterii
1359 793 1855 872 religiosarum
1883 791 2048 856 S.t⁸0
2072 793 2347 871 Clarae,
2370 811 2574 874 quae,
2595 799 2758 857 cum·
2780 792 3012 858 adhuc
3036 804 3222 858 esset

748 903 821 964 in
850 900 1260 964 eremitorio
1293 899 1688 979 Ognatensi
1710 900 1787 963 P.
1819 899 1878 962 F
1880 900 2271 978 ranciscuS,
2299 901 2388 962 ab
2419 917 2505 962 eo
2528 902 3016 981 postulaverat
3037 911 3112 964 ut
3143 920 3220 965 se

748 1009 1108 1086 inviseret,
1136 1008 1197 1069 si
1226 1024 1352 1086 per
1374 1007 1613 1069 vicina
1639 1009 1797 1070 loca
1829 1006 2340 1071 transeundum
2370 1007 2509 1070 alio
2532 1016 2739 1071 esset.
2767 1006 2881 1071 Ab
2903 1008 3022 1071 illa
3045 1014 3220 1088 ergo

748 1115 1133 1178 Abbatissa
1163 1112 1506 1194 exceptus
1527 1116 2000 1195 peramenter,
2029 1114 2141 1177 die
2166 1115 2487 1195 sequenti
2517 1114 2745 1178 eidem
2769 1133 2930 1178 cum
2951 1117 3216 1178 monia-

749 1223 953 1301 libus,
998 1231 1374 1301 postquam
1418 1221 1711 1285 Missam
1750 1222 2201 1301 celebrasset,
2246 1222 2710 1285 concionatus
2747 1230 2884 1303 est,
2940 1233 3008 1285 et
3056 1236 3218 1289 cum

747 1328 1096 1392 desiderio
1136 1338 1206 1392 et
1246 1329 1715 1392 consolationi
1753 1329 2037 1391 illarum
2076 1328 2537 1392 satisfecisset
2560 1376 2574 1405 ,
2616 1329 2867 1393 eodem
2906 1329 3018 1393 die
3063 1348 3217 1410 pro-

746 1435 975 1499 fectus
1012 1444 1142 1514 est,
1187 1444 1256 1498 et
1290 1435 1607 1515 sequenti
1649 1435 1927 1515 Burgos
1963 1435 2312 1516 pervenit,
2357 1445 2424 1498 et
2465 1453 2628 1499 cum
2658 1435 2975 1517 jumenta
3015 1446 3218 1500 extra

749 1543 997 1606 urbem
1038 1542 1109 1604 in
1150 1542 1549 1605 diversorio
1591 1542 2063 1621 reliquissent,
2106 1542 2378 1623 pedites
2408 1551 2478 1604 et
2516 1559 2679 1606 cum
2715 1543 2949 1623 palliis
2979 1544 3071 1606 ad
3098 1543 3216 1606 do-

750 1666 964 1727 mum,
996 1649 1117 1711 ubi
1147 1648 1544 1712 divertebat
1573 1646 1649 1711 P.
1679 1647 1940 1712 Strada
1965 1666 2125 1712 cum
2148 1648 2383 1726 sociiS,
2414 1649 2599 1729 apud
2632 1648 2703 1712 S.
2731 1650 3112 1730 Aegidium
3141 1669 3219 1713 se

748 1755 1064 1819 contulit.
1100 1755 1203 1818 Ibi
1235 1756 1480 1819 statim
1509 1774 1551 1819 a
1581 1757 1938 1819 'nobilibus
1967 1765 2113 1819 tam
2137 1756 2640 1819 ecclesiasticis
2670 1774 2883 1837 quam
2906 1759 3217 1820 saecula-

748 1864 943 1926 ribus
986 1872 1055 1926 et
1097 1863 1256 1925 aliis
1291 1862 1567 1925 civibus
1606 1866 1894 1926 nostrae
1944 1861 2324 1926 Societatis
2374 1863 2770 1926 institutum
2819 1864 3217 1927 amantibus

754 1972 1202 2050 visitationes
1241 1970 1533 2033 crebras
1563 1971 1844 2049 habuit,
1879 1981 1947 2033 et
1988 1971 2316 2050 quamvis
2346 1971 2557 2034 unica
2597 1971 2938 2034 concione
2979 1971 3216 2034 habita

749 2078 911 2141 inde
942 2077 1295 2157 proficisci
1326 2076 1746 2140 decreverat
1777 2095 2031 2140 versus
2070 2077 2604 2157 Portugalliam,
2637 2079 2874 2158 plures
2912 2078 3062 2141 dies
3098 2096 3217 2141 no-

747 2195 1058 2248 strorum
1087 2184 1479 2247 amicorum
1521 2184 2047 2264 quodammodo
2087 2185 2534 2265 importunae
2570 2202 2820 2265 preces
2860 2202 3020 2247 eum
3051 2185 3213 2248 deti—

748 2301 1074 2355 nuerunt.
1111 2292 1355 2371 Itaque
1395 2308 1558 2354 cum
1596 2292 1707 2355 die
1751 2293 1960 2354 lunae
2001 2310 2085 2355 eo
2125 2293 2590 2371 pervenisset,
2635 2292 2746 2356 die
2783 2292 3117 2355 mercurii
3145 2293 3217 2355 in

747 2398 1068 2461 Ecclesia
1102 2395 1222 2460 S.ti
1263 2396 1549 2477 Aegidii
1579 2398 1932 2478 frequenti
1954 2397 2335 2461 admodum
2358 2407 2427 2461 et
2443 2399 2656 2461 nobili
2680 2398 3031 2462 auditorio
3055 2417 3213 2461 con-

749 2506 1074 2567 cionatus
1124 2514 1253 2584 est,
1288 2514 1382 2583 et,
1433 2521 1593 2568 cum
1637 2522 1901 2584 magna
1924 2504 2323 2568 aedificatio
2375 2515 2949 2587 consequeretur,
3004 2516 3081 2569 ut
3129 2524 3214 2569 ea

749 2612 961 2674 latius
989 2621 1289 2692 pateret,
1332 2612 1444 2674 die
1476 2613 1757 2676 veneris
1800 2613 2158 2692 sequentis
2196 2612 2265 2675 in
2308 2614 2700 2677 cathedrali
2740 2614 3067 2693 ecclesia,
3099 2631 3215 2694 pe-

750 2719 1055 2782 tentibus
1111 2720 1181 2783 id
1231 2719 1625 2798 canoniciS,
1671 2731 1777 2783 est
1828 2721 2294 2784 concionatus
2330 2738 2492 2784 cum
2539 2738 2801 2801 magna
2852 2722 3211 2794 hominum

749 2826 1224 2889 commotione
1255 2844 1340 2889 ac
1372 2826 1626 2890 fructu.

866 2932 1006 2996 444.
1095 2932 1230 2996 Die
1261 2943 1498 2996 autem
1527 2935 1801 2997 sabbati
1833 2944 1997 2997 ante
2020 2935 2457 2998 'dominicam
2489 2935 2559 2997 in
2588 2934 2928 2999 Passione
2959 2935 3216 3013 Burgis

748 3040 1129 3120 profectuS,
1166 3041 1318 3121 ipsa
1351 3040 1463 3103 die
1505 3041 1891 3120 dominica,
1934 3042 2043 3103 22²
2083 3042 2386 3122 ApriliS,
2434 3041 2926 3105 Vallisoletum
2974 3059 3217 3121 perve-

747 3149 872 3226 nit,
918 3148 1245 3228 quamvis
1285 3148 1542 3228 viginti
1582 3149 1858 3212 duabus
1900 3150 2124 3211 leucis
2154 3148 2412 3227 Burgis
2456 3149 2858 3211 distantem.
2901 3139 3217 3228 Urgebat

749 3255 935 3318 enim
965 3255 1100 3317 iter
1130 3255 1529 3335 diligenter,
1561 3265 1637 3317 ut
1668 3256 2110 3319 obedientiae
2140 3254 2610 3333 satisfaceret,
2644 3255 2762 3318 ubi
2805 3256 3093 3334 negotia
3123 3256 3214 3318 di-

751 3363 899 3424 vini
924 3363 1238 3443 obsequii
1262 3381 1404 3425 non
1428 3381 1590 3426 eum
1612 3363 2039 3442 retinebant;
2065 3382 2204 3445 qua
2222 3363 2294 3425 in
2318 3381 2418 3441 re,
2447 3363 2565 3426 ubi
2585 3373 2997 3427 nostrorum
3020 3372 3219 3426 erant

750 3468 1090 3548 Collegia,
1126 3470 1548 3532 sententiam
1586 3486 1832 3532 eorum
1864 3471 2311 3550 sequebatur.
2354 3469 2555 3533 Licet
2596 3478 2832 3533 autem
2870 3478 3221 3535 secretum

750 3592 906 3638 esse
930 3593 1135 3638 suum
1158 3575 1545 3639 adventum
1567 3575 1969 3639 Vallisoleti
1989 3577 2336 3656 voluerat,
2366 3594 2512 3639 non
2535 3577 2606 3639 id
2629 3577 2944 3640 obtinere
2966 3576 3213 3656 potuit3

751 3681 1000 3744 eadem
1026 3691 1236 3744 nocte
1268 3680 1589 3745 Marchio
1618 3681 1705 3745 de
1737 3681 2023 3745 Tavara
2055 3693 2124 3745 et
2156 3683 2273 3745 alii
2315 3683 2515 3746 multi
2544 3681 2817 3746 nobiles
2855 3700 3016 3746 eum
3044 3683 3215 3747 invi-

751 3795 1018 3865 serunt,
1052 3797 1119 3850 et
1150 3787 1670 3851 Marchionissa
1702 3789 1789 3852 de
1832 3788 2289 3869 AlcagniceS,
2335 3788 2715 3852 Comitissa
2744 3789 2831 3852 de
2870 3788 3216 3869 Miranda,

752 3901 820 3955 et
849 3892 977 3955 DJ*
1005 3894 1234 3957 Maria
1265 3896 1350 3958 de
1375 3895 1742 3975 Mendoza,
1781 3914 1962 3976 quae
1993 3913 2174 3959 uxor
2196 3895 2428 3959 fuerat
2452 3897 2822 3959 secretarii
2844 3897 3103 3975 Covo5‚
3130 3896 3220 3960 ad

751 4017 912 4062 eum
943 4001 1396 4064 salutandum
1425 4002 1787 4065 miserunt.
1825 4001 2267 4065 Decreverat
2291 4003 2443 4083 ipse
2465 4003 2577 4066 die
2608 4004 2818 4066 lunae
2840 4003 3214 4083 proficisci3

751 4106 878 4169 sed
907 4123 1198 4169 necesse
1231 4109 1474 4172 habuit
1515 4109 1774 4171 ibidem
1814 4110 2135 4183 haerere,
2170 4119 2236 4172 et
2283 4110 2355 4171 in
2396 4111 2829 4174 monasterio
2870 4109 3056 4173 Stae.
3091 4110 3216 4175 Ca·

753 4213 1076 4277 tharinae
1135 4214 1222 4277 de
1280 4213 1484 4279 Senis
1533 4217 1998 4279 concionatus
2049 4225 2189 4295 est3
2244 4216 2585 4279 confluxit
2634 4226 2872 4280 autem
2913 4216 3005 4279 ad
3055 4233 3217 4280 eum

753 4319 1185 4384 audiendum
1215 4331 1414 4385 tanta
1443 4321 1814 4385 multitudo
1832 4322 2177 4386 nobilium
2200 4324 2565 4404 utriusque
2589 4341 2806 4387 sexus
2834 4333 2903 4387 et
2927 4325 3218 4404 optimo·

752 4445 912 4491 rum
942 4429 1530 4493 concionatorum
1569 4447 1656 4492 ac
1686 4430 1954 4493 civium
1994 4439 2070 4493 ut
2113 4429 2338 4510 maJ‘or
2379 4447 2534 4493 esse
2573 4448 2716 4494 non
2760 4431 3129 4511 potuisset,
3161 4432 3222 4495 si

754 4537 1015 4599 multos
1054 4545 1219 4599 ante
1259 4536 1411 4599 dies
1452 4537 1878 4617 praemoniti
1926 4536 2245 4600 fuissent.
2290 4537 2455 4600 Fuit
2494 4546 2730 4601 autem
2766 4537 2838 4601 in
2877 4538 3227 4618 pernobili

755 4642 1016 4722 oppido
1050 4643 1168 4705 illo
1199 4660 1475 4706 summa
1504 4642 1867 4706 hominum
1890 4642 2287 4706 aedificatio
2319 4654 2704 4709 consecuta
2731 4654 2877 4708 tam
2906 4663 2998 4710 ex
3020 4657 3221 4725 aspea
