3679 5414
651 466 766 528 288
1567 471 1820 531 Cimon.
1863 469 2016 531 Soc.
2057 474 2199 547 Jns.

657 611 964 676 Othonis
994 629 1158 675 cum
1187 612 1344 676 aliis
1372 613 1720 693 equitibus
1749 614 1969 678 filium
1996 632 2202 679 suum
2232 597 2715 696 insequentem
2746 618 2889 697 (qui
2919 618 3122 682 Colo-

659 720 855 782 niam
883 737 1104 799 usque
1131 720 1448 800 venienS‚
1482 721 1728 784 urbem
1751 731 2001 785 contra
2024 731 2307 786 nostros
2331 723 2787 787 vehementer
2818 725 3125 789 concita—

663 826 790 905 vit)
819 827 1226 890 evaderent.
1259 827 1545 891 Interim
1581 829 1887 892 Lovanii
1922 847 2051 908 per
2090 831 2379 910 aliquod
2417 839 2694 910 tempus
2721 847 2986 911 graves
3027 833 3125 896 in·

654 934 920 1014 juriae‚
963 952 1108 997 non
1145 943 1419 998 tantum
1472 937 1733 999 nostris
1776 937 1903 1000 sed
1953 937 2171 1000 etiam
2210 937 2486 1017 amiciS,
2539 937 2822 1002 fuerunt
2864 939 3125 1018 illatae;

664 1042 792 1105 sed
819 1042 955 1106 Dei
982 1042 1264 1106 bonitas
1293 1060 1421 1122 per
1450 1044 1866 1124 patientiam
1896 1053 1965 1107 et
1994 1061 2191 1125 spem
2219 1045 2292 1107 in
2322 1045 2477 1124 ipso
2505 1046 2716 1109 sitam
2745 1047 2982 1108 omnia
3012 1063 3120 1110 su-

664 1166 915 1229 perare
946 1149 1205 1230 debuit,
1240 1159 1310 1213 et
1341 1149 1411 1212 in
1442 1149 2002 1214 aedificationem
2030 1169 2319 1214 versum
2347 1160 2484 1231 est,
2528 1152 2713 1232 quod
2753 1151 2829 1215 P.
2872 1151 3128 1216 Adria-

665 1274 800 1320 nus
830 1257 903 1319 in
933 1273 1298 1344 carcerem
1325 1257 1538 1320 fuerit
1565 1257 1948 1338 conjectus,
1993 1258 2345 1321 Dolebant
2388 1259 2577 1322 enim
2613 1258 3010 1322 adversarii
3051 1278 3129 1323 se

662 1364 736 1428 id
766 1372 1103 1443 tentasse,
1136 1373 1206 1428 et
1234 1363 1496 1428 Rector
1526 1382 1654 1428 suo
1680 1363 1881 1444 jussu
1921 1366 1992 1429 id
2033 1365 2298 1428 factum
2334 1367 2674 1445 negabat,
2717 1375 2786 1429 et
2825 1367 3123 1447 quisque

662 1471 951 1550 culpam
981 1488 1024 1532 a
1053 1488 1129 1533 se
1160 1471 1234 1533 in
1263 1471 1477 1534 alium
1507 1469 1895 1551 rejiciebat.

785 1577 929 1641 246.
1016 1577 1365 1641 Numerus
1396 1578 1879 1642 confitentium
1907 1587 1976 1642 et
2006 1579 2096 1642 ad
2127 1587 2410 1643 nostros
2440 1579 2927 1643 accedentium
2955 1581 3126 1643 mul·

664 1693 819 1748 tum
846 1693 954 1747 est
984 1694 1234 1748 auctus
1264 1694 1355 1764 et,
1391 1686 1557 1749 dum
1586 1685 2001 1749 afflictiones
2028 1694 2394 1767 urgerent,
2436 1688 2641 1767 plura
2679 1704 2806 1767 per
2844 1693 3129 1750 nostros

665 1801 1035 1872 operatum
1066 1809 1224 1856 esse
1253 1790 1638 1865 Dominum
1666 1811 1879 1874 quam
1908 1802 2057 1856 toto
2088 1795 2329 1874 elapso
2367 1801 2686 1874 tempore
2727 1794 3127 1858 constabat.
3156 1777 3160 1782 ⁴

667 1899 894 1962 Movit
924 1899 1110 1963 idem
1137 1899 1485 1963 Dominus
1514 1901 2127 1980 concionatorum,
2161 1901 2282 1980 qui
2323 1899 2590 1980 majore
2629 1901 2701 1963 in
2742 1902 2970 1982 pretio
3011 1902 3131 1964 ha-

670 2007 1037 2086 bebantur,
1065 2007 1283 2070 corda
1313 2015 1387 2069 ut
1414 2008 1653 2070 latinis
1681 2016 1750 2070 et
1778 2009 2211 2087 germanicis
2234 2007 2690 2071 concionibus
2721 2025 2805 2070 ac
2835 2008 3136 2088 privatis

664 2115 1040 2194 colloquiis
1072 2124 1355 2194 nostros
1385 2123 1454 2177 et
1483 2132 1726 2177 eorum
1755 2113 1948 2178 facta
1973 2115 2447 2194 defenderent,
2483 2116 2696 2178 immo
2726 2124 2794 2177 et
2824 2115 2916 2178 ad
2947 2115 3133 2178 simi-

587 2223 593 2229 “
669 2221 764 2284 lia
807 2221 1130 2284 homines
1158 2220 1724 2284 exhortarentur.
1758 2222 1848 2285 Et
1873 2222 2038 2285 licet
2065 2239 2427 2302 nunquam
2470 2220 2556 2284 de
2599 2221 3003 2301 hujusmodi
3032 2240 3136 2284 re-

672 2329 825 2406 buS,
851 2345 940 2390 ne
963 2328 1188 2391 obiter
1214 2328 1519 2408 quidem,
1547 2329 1959 2391 concionari
1983 2329 2171 2391 soliti
2191 2338 2416 2406 erant,
2446 2327 2532 2390 de
2558 2328 2643 2391 iis
2667 2327 2818 2391 fuse
2843 2346 2928 2390 ac
2947 2328 3136 2391 serio

664 2433 812 2514 jam
843 2435 1184 2514 agebant,
1217 2444 1420 2514 puta,
1456 2435 1541 2497 de
1575 2436 1901 2514 ingressu
1944 2435 2334 2514 religionis,
2359 2435 2454 2498 -de
2487 2435 2596 2497 sui
2640 2435 3132 2513 abnegatione,

673 2541 760 2604 de
785 2540 1153 2621 J'uventute
1176 2558 1305 2603 sua
1336 2541 1616 2605 Christo
1639 2540 2024 2626 offerenda,
2048 2540 2134 2604 de
2159 2540 2529 2604 audiendis
2558 2541 3138 2621 inspirationibus

675 2647 969 2711 internis
997 2664 1127 2711 nec
1156 2646 1545 2711 differenda
1567 2647 1830 2712 Christi
1860 2649 2168 2729 sequela;
2199 2648 2382 2712 unde
2412 2666 2581 2712 vere
2603 2647 2768 2711 fecit
2789 2646 3137 2711 Dominus

669 2772 831 2818 cum
860 2755 1245 2818 tentatione
1275 2765 1723 2835 proventum.
1768 2755 2076 2835 Quidam¹
2101 2774 2353 2819 sacrae
2381 2755 2782 2834 theologiae
2811 2755 3135 2818 licencia-

668 2872 815 2938 tuS,
864 2879 1025 2925 cum
1071 2861 1343 2925 duobus
1387 2863 1546 2926 aliis
1582 2863 1720 2943 piis
1759 2880 1845 2926 ac
1885 2863 2112 2927 doctis
2153 2864 2364 2942 viriS,
2423 2863 2631 2925 tertio
2676 2862 3006 2925 invitavit
3049 2861 3139 2924 ad

670 2969 1049 3050 prandium
1078 2968 1151 3032 P.
1181 2969 1611 3049 Adrianum;
1646 2972 1767 3051 qui
1795 2987 1958 3033 cum
1988 2970 2272 3033 tandem
2302 2969 2393 3032 ad
2422 2987 2584 3032 eum
2620 2970 2964 3048 venisset,
3013 2985 3140 3032 cur

671 3085 741 3140 te
770 3078 1225 3140 invitaverim
1255 3078 1432 3140 haec
1456 3079 1842 3157 praecipua
1872 3094 2090 3140 causa
2122 3085 2250 3152 est,
2278 3076 2523 3156 inquit,
2550 3076 2697 3138 vidi
2727 3075 3138 3155 patientiam

669 3193 988 3247 vestram
1012 3185 1083 3247 in
1107 3185 1432 3247 omnibus
1455 3185 1566 3247 his
1588 3184 1912 3247 adversis
1935 3192 2004 3247 et
2026 3184 2362 3246 constitui
2383 3183 2569 3263 apud
2593 3201 2704 3245 me
2733 3182 2922 3262 quod
2943 3183 3139 3263 prius

665 3292 1161 3371 cogitaveram
1192 3293 1488 3354 multum
1517 3290 1804 3372 diuque,
1838 3291 2201 3370 nimirum,
2235 3291 2321 3354 de
2353 3289 2669 3370 Collegio
2700 3290 2906 3352 vobis
2945 3290 3142 3352 insti·

672 3398 954 3478 tuendO,
982 3399 1044 3461 si
1073 3396 1222 3478 ejus
1253 3398 1576 3477 erigendi
1604 3398 2013 3461 facultatem
2045 3397 2510 3476 obtinueritiS‚
2541 3414 2624 3459 ac
2647 3396 2989 3459 reditibus
3020 3394 3138 3458 do-

672 3506 892 3569 tando
921 3514 999 3568 ut
1035 3523 1124 3568 ex
1153 3506 1257 3569 eis
1285 3506 1683 3585 complures
1713 3522 1805 3567 ex
1833 3506 2096 3567 vestris
2125 3504 2570 3567 scholasticis
2608 3503 2703 3566 ali
2731 3503 3039 3582 possint3
3074 3511 3144 3565 et

676 3630 891 3694 opere
919 3630 1032 3675 me
1063 3611 1434 3676 ostendam
1456 3610 1833 3674 Societatis
1863 3610 2070 3691 hujus
2100 3611 2483 3690 fautorem3
2515 3610 2723 3672 video
2747 3610 2936 3672 enim
2966 3609 3144 3672 nihil

676 3736 811 3783 vos
832 3720 973 3783 nisi
994 3719 1353 3783 Christum
1382 3735 1746 3799 quaerere.
1773 3718 1969 3781 Haec
2000 3726 2069 3780 et
2098 3718 2354 3780 similia
2378 3717 2576 3795 dixit,
2604 3725 2672 3779 et
2693 3724 2769 3778 ut
2801 3716 3143 3779 scriberet

679 3827 755 3891 P.
789 3827 1069 3906 Ignatio
1098 3825 1421 3906 injunxit.

696 3970 703 3975 -
799 3912 967 3997 247.4
1025 3932 1448 3997 Nostrorum
1477 3933 1570 3996 ad
1610 3931 1895 3996 scholas
1922 3933 2243 4013 publicas
2271 3945 2608 4017 accessus
2645 3931 2835 3993 haud
2881 3930 3145 3993 inutilis

680 4042 983 4104 caeteris
1010 4041 1455 4104 scholaribus
1485 4049 1674 4119 erat,
1711 4058 1888 4120 quos
1926 4049 2076 4103 tum
2114 4041 2436 4121 exemplo
2479 4048 2627 4102 tum
2663 4038 2781 4118 pia
2819 4037 3144 4101 exhorta-

680 4148 873 4211 tione
903 4148 994 4211 ad
1022 4148 1460 4227 frequentem
1490 4146 2009 4211 consessionem
2044 4156 2113 4210 et
2146 4146 2717 4210 communionem
2746 4144 3140 4207 trahebant.

681 4255 789 4318 Ex
819 4254 930 4318 his
959 4256 1179 4335 aliqui
1207 4255 1297 4317 ad
1327 4252 1705 4318 Societatis
1735 4255 2131 4318 institutum
2161 4252 2594 4334 sequendum
2623 4269 2666 4314 a
2689 4251 2996 4315 Domino
3025 4269 3146 4314 vo·

681 4363 827 4425 cati
849 4371 1042 4442 sunt,
1077 4381 1167 4425 ex
1197 4362 1451 4441 quibus
1474 4362 1789 4425 nonnulli
1818 4361 2188 4425 Coloniam
2216 4377 2469 4425 versus
2505 4359 2734 4436 missi,
2770 4359 2893 4421 alii
2922 4358 3147 4421 Lova·

682 4470 784 4532 nii
802 4450 1102 4533 >admissi
1130 4478 1313 4532 sunt.
1340 4469 1498 4532 Non
1528 4478 1765 4532 tamen
1788 4470 2110 4532 omittam
2139 4468 2307 4548 quin
2336 4467 2561 4529 obiter
2584 4466 2702 4529 hic
2728 4465 3168 4531 admoneam.

686 4577 873 4657 quod
902 4578 1022 4655 illi,
1056 4578 1176 4657 qui
1206 4575 1605 4657 hujusmodi
1634 4576 2164 4656 tragoediarum
2208 4577 2280 4638 in
2307 4592 2438 4637 suo
2468 4574 2793 4652 ingressu
2817 4580 3148 4636 auctores

687 4684 990 4759 fuerunt,
1025 4701 1169 4747 non
1195 4685 1491 4748 multum
1521 4685 2027 4748 consolationis
2055 4682 2394 4747 Societati
2420 4680 2869 4760 postmodum
2902 4681 3145 4744 attule-
