3679 5414
1627 415 1757 476 Aa.
1803 415 1944 474 1552
2899 414 3017 476 615

527 565 649 628 rei
675 555 1047 627 familiaris
1076 564 1410 643 angustia
1448 581 1572 627 eos
1611 563 1891 627 admitti
1927 580 2070 626 non
2106 561 2578 642 permittebat.
2633 560 2851 624 Plena
2902 569 3007 624 est

539 670 869 735 ‘felicibus
920 670 1227 751 ingeniis
1268 688 1354 735 ea
1390 671 1873 746 Universitas3
1918 670 2044 734 sed
2081 669 2263 732 forte
2302 668 2586 732 divinae
2633 667 3006 751 providen-

540 778 684 841 tiae
713 777 1042 858 placebat
1071 786 1146 841 ut
1176 778 1409 841 minus
1438 778 1640 842 multi
1677 778 1749 840 in
1788 777 2105 856 Collegio
2143 785 2397 840 nostro
2427 774 2648 855 recipi
2690 784 3005 855 possent,

527 900 685 965 -quo
716 884 807 948 ad
839 885 1019 948 alias
1047 885 1421 965 religiosas
1452 885 1759 948 familias
1788 901 1867 948 se
1890 883 2292 947 conferrent
2319 880 2360 946 ¹.

661 990 804 1054 458.
892 992 1003 1055 Ex
1032 992 1323 1056 civitate
1351 991 1812 1071 Legionensi,
1848 1008 2029 1072 quae
2056 1008 2278 1072 prope
2308 990 2641 1053 Asturias
2670 998 2799 1067 est,
2834 989 3010 1052 litte·
3041 1012 3048 1019 ·

542 1115 663 1162 ras
690 1100 919 1162 nostri
950 1109 1413 1181 acceperunt,
1450 1100 1702 1181 quibus
1735 1099 1999 1162 bonum
2028 1098 2319 1162 odorem
2347 1095 2722 1163 Societatis
2751 1114 2835 1159 eo
2857 1113 3009 1176 per-

533 1207 826 1269 ·venisse
857 1207 1032 1270 satis
1063 1208 1541 1286 testabantur,
1576 1207 1752 1270 duos
1781 1206 1972 1269 enim
2000 1223 2091 1269 ex
2117 1205 2383 1269 nostris
2425 1203 2919 1284 postulabant,
2968 1220 3011 1265 a

540 1313 797 1393 quibus
845 1330 1094 1377 veram
1144 1314 1495 1377 rationem
1552 1313 1986 1377 christianae
2040 1311 2353 1381 vivendi,
2380 1311 2807 1375 docerentur
2849 1308 3014 1390 jux—

541 1428 618 1482 ta
664 1429 988 1483 nostrum
1035 1421 1465 1499 institutum,
1515 1420 1704 1500 quod
1746 1436 2179 1500 magnopere
2223 1418 2683 1497 extollebant,
2731 1426 2799 1480 et
2847 1417 3009 1481 insi-

524 1543 753 1607 :gnem
797 1527 896 1591 illi
927 1527 1209 1607 quidem
1238 1527 1545 1590 fructum
1576 1527 1976 1591 animarum
2004 1526 2543 1607 pollicebantur,
2586 1534 2656 1588 et
2683 1533 3011 1606 paratam

535 1650 618 1698 se
667 1634 931 1698 habere
981 1636 1355 1698 ecclesiam
1411 1626 1497 1699 30
1548 1634 1835 1699 (1011111111
1887 1652 2049 1698 011111
2099 1634 2438 1697 reditibus
2478 1634 2569 1696 ad
2618 1632 3010 1712 Collegium

531 1751 949 1805 *nostrorum
976 1736 1479 1806 inchoandum.
1514 1741 1654 1806 Sed
1693 1742 2187 1823 operariorum
2229 1741 2527 1822 penuria
2570 1758 2658 1804 ne
2690 1740 2825 1803 illis
2853 1757 3006 1820 pos·

531 1857 651 1913 set
701 1849 1029 1912 satisfieri
1080 1850 1153 1912 in
1206 1867 1427 1912 causa
1466 1849 1618 1912 fuit.
1666 1848 1822 1912 Hac
1866 1848 2083 1912 etiam
2132 1847 2681 1929 quadragesima
2721 1846 3009 1927 quidam

526 1956 918 2035 religiosus
947 1955 1215 2021 ordinis
1259 1954 1384 2020 Sti.
1423 1954 1811 2033 Dominici,
1859 1956 1973 2018 vir
2002 1972 2266 2035 magno
2297 1956 2549 2036 spiritu
2579 1964 2647 2018 et
2684 1954 3010 2018 doctrina

542 2062 908 2143 praeditus
937 2072 1006 2126 et
1034 2079 1297 2142 genere
1336 2064 1624 2141 nobiliS,
1669 2063 1818 2126 suis
1861 2063 2321 2126 concionibus
2364 2062 2642 2126 abunde
2685 2078 3007 2142 compen-

526 2172 731 2234 :savit
760 2170 947 2251 quod
977 2172 1161 2234 alius
1192 2170 1508 2251 ejusdem
1537 2171 1904 2251 religionis
1934 2171 2140 2235 annis
2168 2169 2572 2251 praeteritis
2602 2178 2851 2232 contra
2882 2167 3005 2232 So·

537 2277 873 2341 cietatem
903 2294 941 2339 e
973 2285 1316 2357 suggestu
1347 2277 1657 2357 dixerat;
1690 2278 1764 2340 in
1785 2277 2104 2358 pluribus
2126 2277 2314 2340 enim
2335 2276 2795 2340 concionibus
2819 2292 3004 2340 men-

540 2384 808 2447 tionem
836 2393 1240 2447 nostrorum
1271 2384 1609 2462 faciebat,
1644 2384 2061 2464 religionem
2090 2393 2159 2447 et
2191 2384 2589 2448 institutum
2632 2382 3008 2447 Societatis

542 2490 929 2571 laudandO,
986 2492 1165 2554 adeo
1207 2500 1285 2554 ut
1323 2492 1550 2554 nostri
1589 2509 1732 2554 non
1773 2508 2030 2572 parum
2066 2490 2564 2554 erubescerent
2613 2506 2771 2553 eam
2820 2507 3003 2553 com-

541 2597 1083 2661 mendationem.
1119 2598 1297 2661 Cum
1327 2607 1565 2664 autem
1594 2599 1667 2661 in
1696 2599 2006 2680 quodam
2034 2598 2467 2661 monasterio
2503 2597 3006 2677 religiosorum

526 2705 809 2769 ordinis
847 2706 957 2769 sui
995 2706 1082 2770 de
1121 2707 1446 2770 oratione
1485 2705 1772 2787 copiose
1822 2706 2047 2771 tribus
2085 2715 2155 2769 et
2191 2715 2491 2787 quatuor
2542 2705 3003 2771 concionibus

539 2810 944 2891 dissereret,
979 2813 1158 2876 dixit
1187 2812 1366 2877 haec
1389 2814 1505 2876 vel
1535 2813 1793 2877 similia
1816 2814 2071 2877 verba:
2103 2813 2224 2876 illa
2254 2830 2458 2894 quae,
2491 2813 2782 2892 scilicet,
2817 2812 3000 2876 dice·

537 2918 695 2998 bat,
731 2920 1056 2983 docuisse
1092 2921 1326 2983 virum
1367 2920 1744 3001 quemdam
1793 2921 2262 3001 apostolicum
2309 2920 2841 2998 admirabiliter,
2887 2919 3003 2983 cui

535 3024 735 3089 Deus
775 3026 847 3090 id
888 3028 1484 3091 communicasset
1534 3037 1612 3091 ut
1663 3028 1903 3107 ignem
1944 3028 2018 3090 in
2059 3028 2277 3091 corda
2328 3027 2508 3090 dura
2546 3035 2615 3090 et
2663 3026 3001 3106 frigentia

527 3131 891 3213 injiceret,
938 3142 1006 3197 et
1045 3134 1179 3197 hoc
1210 3134 1469 3198 docere
1510 3134 1692 3198 filios
1735 3133 1920 3214 ejuS,
1967 3135 2343 3214 religiosos
2384 3131 2760 3198 Societatis
2800 3133 2994 3215 Jesu,

525 3258 838 3322 quorum
866 3243 1072 3321 quale
1112 3258 1372 3306 nomen
1409 3251 1517 3305 est
1556 3242 1726 3306 talia
1765 3250 1835 3306 et
1873 3259 2091 3323 opera
2135 3251 2328 3333 sunt,
2383 3249 2454 3304 et
2502 3239 3000 3325 admirandum

520 3349 913 3428 quemdam
941 3349 1196 3412 librum
1234 3350 1411 3412 haec
1441 3348 1728 3428 docere,
1762 3358 2012 3412 contra
2055 3366 2264 3430 quem
2301 3348 2363 3411 si
2402 3348 2559 3428 quis
2589 3347 2996 3427 obloquere·

534 3463 674 3534 tur,
706 3473 949 3519 coram
977 3456 1514 3536 Inquisitoribus
1557 3474 1718 3519 eum
1747 3475 1905 3520 esse
1935 3455 2449 3531 accusandum,
2481 3456 2649 3535 quia
2677 3455 2853 3519 liber
2880 3454 2996 3518 ille

531 3571 1031 3644 praeterquam
1047 3564 1234 3645 quod
1257 3564 1348 3626 ab
1370 3563 1908 3644 Inquisitoribus
1930 3563 2340 3644 apostolicis
2357 3572 2512 3626 erat
2534 3561 2992 3643 approbatus,

519 3666 862 3733 Summus
891 3670 1215 3734 Pontifex
1258 3671 1405 3734 suis
1446 3669 1882 3750 Apostolicis
1918 3670 2173 3734 litteris
2221 3687 2384 3735 eum
2425 3669 2991 3748 commendabat,

531 3785 609 3839 ut
637 3776 879 3840 fideles
908 3776 1309 3858 huJ‘usmodi
1338 3778 1698 3842 exercitiis
1726 3796 1804 3841 se
1827 3776 2066 3858 juvari
2094 3777 2482 3842 studerent.
2516 3776 2844 3841 Habebat
2874 3794 2994 3841 311-

529 3891 674 3947 tem
704 3885 891 3966 apud
921 3902 997 3948 se
1028 3886 1254 3949 bonus
1282 3885 1397 3949 ille
1428 3885 1804 3964 religiosus
1832 3886 2089 3949 librum
2119 3885 2642 3964 exercitiorum,
2676 3902 2815 3965 quo
2839 3893 2993 3949 tota

515 3991 1078 4072 quadragesima
1106 4009 1279 4056 usus
1307 3993 1572 4071 fuerat;
1604 4002 1675 4056 et
1703 3992 2061 4056 ferebatur
2091 4010 2253 4056 eum
2281 3992 2600 4073 pluribus
2641 3991 2995 4071 religiosis

517 4098 798 4162 ordinis
827 4098 973 4162 suis
1002 4115 1088 4161 ea
1118 4100 1713 4179 communicasse,
1755 4100 1877 4180 qui
1914 4116 2041 4179 per
2079 4116 2164 4162 ea
2207 4116 2353 4163 non
2388 4115 2642 4180 parum
2680 4098 2991 4180 profece-

527 4218 714 4268 rant.
742 4205 1007 4269 Passus
1035 4215 1143 4270 est
1173 4216 1410 4271 tamen
1440 4191 1583 4271 non
1611 4224 1865 4286 parum
1904 4206 2270 4270 molestiae
2301 4224 2343 4269 a
2373 4206 2523 4269 suis
2551 4216 2841 4288 propter
2872 4204 2993 4269 hu—

525 4309 832 4390 jusmodi
863 4311 1238 4378 Societatis
1268 4315 1611 4394 encomia,
1646 4323 1715 4378 et
1743 4323 1985 4378 tamen
2013 4315 2194 4377 miro
2223 4312 2484 4378 affectu
2506 4324 2791 4378 nostros
2816 4331 2990 4377 sem-

611 4590 631 4623 ¹
689 4590 969 4645 Polancus,
1004 4603 1071 4636 ex
1098 4603 1257 4645 com„
1290 4591 1542 4647 Magistro
1577 4591 1734 4636 Petro
1768 4590 1952 4646 Canni,
1986 4598 2043 4635 ut
2082 4590 2299 4635 Romam
2318 4592 2514 4641 veniat,
2548 4592 2691 4646 prius
2724 4598 2916 4645 tamen,
2950 4592 2995 4636 si

519 4663 675 4717 velit,
697 4664 991 4709 sacerdotio
1015 4665 1262 4718 initietur,
1283 4676 1455 4709 mense
1478 4663 1970 4710 Octobri—Similes
1989 4664 2177 4709 misene
2197 4670 2316 4708 sunt
2336 4663 2521 4716 joanni
2542 4663 2790 4709 Guttano.
