3679 5414
1493 514 1620 572 AN.
1669 515 1809 574 1550
2814 520 2888 578 67

420 659 579 720 tatis
607 667 796 721 esset
820 676 1154 738 cessura;
1186 659 1375 739 quod
1394 658 1604 722 factis
1635 661 1870 740 potius
1902 678 2111 741 quam
2140 662 2377 725 verbis
2408 681 2483 726 se
2514 664 2885 729 ostendere

422 767 592 828 velle
620 765 1046 829 affirmabat.
1088 765 1330 847 Itaque
1369 767 1499 829 sub
1535 767 1745 830 finem
1780 768 1972 851 Junii
2002 771 2263 832 mensis
2300 770 2489 832 misit
2529 772 2645 851 qui
2688 773 2781 835 ad
2809 791 2884 836 se

421 874 792 936 deduceret
821 872 1112 936 Patrem
1141 874 1367 953 illum,
1401 872 1602 953 cujus
1626 875 1919 937 consilio
1943 876 2014 938 in
2043 876 2366 939 omnibus
2396 891 2576 957 quae
2604 878 2697 940 ad
2727 897 2882 959 pro-

421 981 673 1044 fectum
701 980 1146 1061 spiritualem
1174 983 1244 1043 et
1274 998 1622 1061 personae
1645 999 1815 1044 suae
1847 991 1917 1043 et
1947 982 2289 1046 dioecesis
2316 985 2778 1064 pertinerent,
2812 997 2884 1050 et

423 1088 575 1151 fidei
622 1096 690 1150 et
740 1086 1109 1166 religionis
1152 1087 1546 1150 catholicae
1597 1099 2063 1166 augmentum
2095 1089 2205 1167 (de
2245 1108 2382 1170 qua
2428 1091 2502 1154 in
2536 1093 2881 1173 imperiali

424 1197 648 1258 diaeta
677 1194 1051 1273 Augustae
1080 1194 1216 1256 hoc
1258 1211 1446 1256 anno
1493 1194 1947 1271 celebranda·,
1995 1197 2110 1258 cui
2140 1196 2438 1261 Carolus
2477 1198 2545 1261 V
2585 1210 2656 1261 et
2694 1201 2879 1280 prin-

423 1320 584 1382 ceps
635 1301 1034 1381 PhilippuS,
1076 1298 1224 1380 ejus
1275 1299 1491 1378 filius,
1535 1300 2033 1380 interfuerunt)
2075 1304 2176 1366 uti
2219 1304 2522 1368 volebat.
2578 1305 2742 1369 Alia
2791 1325 2884 1369 ex

421 1420 614 1489 parte
663 1409 1061 1488 Episcopus
1099 1408 1546 1487 EistetensiS,
1581 1409 1699 1488 qui
1736 1426 2098 1472 recessum
2127 1409 2201 1473 P.
2248 1410 2524 1475 Claudii
2566 1412 2881 1477 futurum

423 1516 944 1596 suspicabatur,
1037 1514 1215 1577 miro
1303 1514 1536 1577 studio
1613 1533 1773 1578 eum
1838 1516 2141 1580 retinere
2232 1518 2614 1599 nitebatur,
2679 1521 2885 1600 quasi

423 1623 882 1685 Academiam
917 1621 1855 1700 Ingolstadiensem'dudum
1901 1624 1972 1686 in
2016 1641 2214 1704 spem
2256 1625 2409 1705 ejus
2438 1636 2769 1705 erectam,
2804 1637 2880 1690 ut

423 1730 652 1793 verbis
702 1728 1037 1808 Episcopi
1078 1737 1267 1807 utar,
1291 1729 1670 1808 'ipsiusque
1719 1731 2124 1809 praesentia
2176 1741 2543 1813 tantopere
2596 1735 2879 1797 decora·

421 1848 558 1900 tam
590 1835 880 1916 jamque
916 1836 990 1898 in
1026 1831 1552 1898 instauratione,
1582 1836 1793 1899 studii
1834 1837 2215 1916 theologici
2256 1840 2638 1903 enitentem
2682 1840 2870 1903 dese-

424 1961 602 2023 rere,
649 1942 825 2005 nihil
868 1941 1057 2005 aliud
1098 1952 1286 2005 esset
1338 1959 1553 2022 quam
1597 1943 1669 2005 in
1719 1944 1999 2007 ruinam
2043 1945 2279 2008 studia
2319 1946 2497 2008 bene
2543 1947 2877 2010 inchoata

427 2068 660 2113 secum
687 2050 1002 2127 trahere,
1038 2059 1107 2112 et
1130 2067 1327 2130 spem
1350 2048 1437 2112 de
1458 2059 1656 2113 recta
1678 2050 2116 2114 institutione
2139 2052 2621 2115 ministrorum
2642 2055 2882 2117 Eccle-

427 2159 564 2220 siae
593 2167 1018 2236 conceptam
1048 2165 1116 2219 et
1146 2156 1218 2218 in
1247 2155 1468 2235 ipsius
1499 2174 1720 2237 opera
1749 2158 2056 2237 positam
2084 2158 2347 2238 fallere.
2392 2157 2531 2222 Sed
2559 2178 2688 2223 nec
2728 2178 2883 2240 pre-

341 2255 353 2268 ’
427 2282 537 2328 ces
564 2282 697 2327 nec
728 2264 1038 2327 rationes
1062 2280 1223 2326 eum
1244 2263 1705 2343 retinuerunt,
1733 2282 1942 2344 quem
1963 2263 2231 2328 Summi
2261 2264 2620 2329 Pontificis
2644 2274 2889 2330 aucto-·

425 2373 588 2435 ritas
618 2371 712 2434 ad
743 2370 1195 2434 Cardinalem
1224 2370 1724 2449 Augustanum
1752 2371 2105 2434 avocabat
2140 2369 2180 2434 ¹.

541 2462 676 2542 147.
767 2476 942 2541 Cum
971 2493 1143 2556 ergo
1173 2476 1542 2556 Augustae
1573 2487 2008 2556 versaretur,
2042 2477 2162 2541 ubi
2190 2479 2545 2559 principes
2574 2479 2773 2542 multi
2802 2479 2875 2541 in

424 2565 650 2649 diaeta
674 2585 1167 2663 versabantur,
1193 2586 1576 2647 multorum
1598 2583 2158 2647 confessionibus
2181 2585 2547 2649 audiendis
2565 2604 2654 2648 va
2664 2586 2879 2665 cavit,

424 2706 487 2757 et
516 2694 762 2757 utilem
790 2709 1084 2773 operam
1112 2690 1472 2755 Cardinali
1500 2691 1572 2754 in
1615 2691 1940 2755 omnibus
1970 2710 2152 2773 quae
2190 2693 2416 2774 potuit
2446 2693 2536 2756 ad
2574 2692 2709 2757 Dei
2736 2694 2883 2773 glo-

424 2802 596 2865 riam
625 2801 1000 2879 praestitit.
1043 2798 1180 2863 Sed
1221 2810 1292 2863 et
1327 2798 1700 2863 Societatis
1740 2816 1857 2862 res
1895 2801 1967 2862 in
1998 2799 2380 2863 Germania
2427 2801 2684 2864 ibidem
2726 2818 2883 2880 pro-

425 2926 706 2971 movere
737 2907 1178 2970 commodius
1207 2907 1451 2970 valuit.
1481 2906 1685 2970 Unde
1710 2923 2165 2969 romanorum
2188 2906 2342 2970 Rex
2364 2907 2877 2985 FerdinanduS,

423 3016 538 3095 qui
564 3024 635 3078 et
664 3013 740 3077 Ρ.
776 3013 1145 3077 Claudium
1173 3013 1381 3076 valde
1411 3012 1747 3092 diligebat
1776 3022 1846 3075 et
1876 3013 1962 3076 de
1993 3014 2343 3092 theologis
2372 3013 2880 3092 Ingolstadium

424 3124 651 3186 missis
675 3121 824 3201 jam
853 3122 1252 3200 exemplum
1281 3119 1589 3199 viderat,
1616 3121 1900 3201 scripsit
1932 3120 2021 3182 ad
2051 3118 2414 3183 Summum
2441 3119 2877 3199 Pontificem,

421 3230 711 3312 Julium,
764 3227 943 3291 duos
980 3226 1353 3291 Societatis
1382 3227 1750 3306 theologos
1776 3236 2057 3306 petenS,
2091 3235 2168 3289 ut
2197 3226 2517 3290 Viennae
2548 3226 2881 3289 Austriae

422 3337 812 3416 Collegium
841 3334 1275 3397 inchoarent.
1313 3332 1607 3413 Scripsit
1637 3342 1706 3396 et
1746 3334 1837 3396 ad
1876 3332 1951 3396 P.
1995 3334 2348 3413 Ignatium
2386 3334 2733 3395 rationem
2772 3333 2881 3397 sui

424 3443 694 3508 consilii
745 3441 1140 3523 explicanS,
1175 3441 1474 3520 scilicet,
1516 3449 1592 3503 ut
1632 3441 2122 3520 operariorum
2159 3441 2616 3503 seminarium
2654 3449 2723 3502 et
2761 3457 2883 3502 no-

423 3561 609 3614 strae
638 3548 980 3613 Societati
1009 3555 1078 3611 et
1107 3548 1519 3628 provinciae
1545 3547 1882 3610 Austriae
1906 3546 2002 3609 ibi
2020 3557 2591 3628 praepararetur;
2625 3556 2694 3609 et
2716 3546 2883 3609 dum

421 3676 533 3721 res
558 3657 868 3736 Collegii'
888 3654 1518 3733 constituebantur,
1546 3653 2204 3734 'duos1prosessores
2244 3654 2612 3733 theologos
2650 3654 2736 3716 de
2763 3653 2882 3717 So-

422 3766 681 3827 cietate‘
700 3773 949 3826 nostra
979 3761 1379 3842 expetebat,
1402 3760 1535 3840 'qui
1558 3760 1920 3823 hominum
1951 3761 2226 3823 animos
2256 3761 2535 3823 interim
2563 3761 2883 3840 dispone-

424 3882 596 3934 rent.
632 3869 773 3934 Sed
803 3887 965 3933 cum
994 3868 1315 3931 Electore
1345 3868 1561 3930 etiam
1585 3867 1965 3930 trevirensi
1995 3867 2080 3930 de
2112 3866 2537 3930 instituendo
2570 3867 2885 3944 Collegio

421 3981 488 4041 in
530 3997 665 4042 sua
711 3978 829 4040 illa
880 3977 1171 4039 civitate
1209 3991 1423 4054 agere
1463 3974 1726 4055 coepit3
1771 3985 1839 4037 et
1883 3975 2208 4054 quamvis
2258 3969 2702 4037 dissuasores
2741 3991 2885 4036 non

421 4086 778 4162 deessent,
813 4085 930 4163 qui
959 4082 1176 4146 multa
1208 4082 1422 4144 etiam
1442 4081 1621 4143 falsa
1653 4079 1998 4144 Societati
2020 4080 2517 4160 imponebant,
2543 4097 2702 4143 cum
2725 4097 2885 4142 con-

502 4255 518 4286 ¹
573 4253 826 4308 Ignatius,
863 4249 1051 4295 Othoni
1086 4250 1382 4302 Trutchses,
1421 4250 1684 4293 cardinali
1729 4249 2052 4303 Augustano,
2087 4250 2358 4294 Claudium
2398 4249 2568 4302 Jaium
2588 4261 2619 4294 a
2641 4249 2886 4294 Pontifice

418 4327 724 4380 permissum
744 4316 902 4367 fuisse¹
919 4324 970 4366 in
991 4321 1326 4366 Germaniam
1344 4321 1424 4364 ire
1442 4322 1607 4364 solum
1627 4321 1692 4364 ad
1714 4327 1937 4375 quatuor
1967 4331 2195 4375 menses,
2233 4322 2323 4365 sed
2358 4322 2561 4375 longius
2590 4330 2885 4367 mansurum

415 4400 464 4440 in
482 4399 721 4442 favorem
743 4395 1066 4450 Augustani,
1085 4394 1136 4435 31
1159 4391 1297 4436 Maii.
1319 4391 1575 4437 Polancus
1589 4425 1600 4444 ,
1627 4403 1692 4435 ex
1711 4393 2116 4444 commissione,
2139 4391 2353 4436 Claudio
2374 4392 2504 4446 Jai0,
2527 4393 2571 4436 ei
2593 4393 2642 4434 in
2664 4397 2887 4437 mentem

417 4480 670 4512 revocans
689 4468 932 4511 eductum
965 4463 1213 4508 Ferraria
1249 4463 1404 4507 fuisse
1439 4464 1603 4507 solum
1641 4464 1707 4506 ad
1739 4469 1959 4516 quatuor
1994 4473 2194 4506 menses
2228 4470 2284 4507 ut
2316 4463 2528 4507 aliosde
2552 4462 2812 4507 societate
2834 4465 2885 4511 in

416 4541 750 4585 Germaniam
779 4538 1119 4593 praecederet
1153 4543 1207 4580 et
1240 4535 1532 4586 induceret,
1570 4546 1699 4578 nunc
1736 4540 1912 4578 autem
1942 4534 1994 4577 in
2022 4534 2314 4588 Augustani
2350 4535 2648 4588 obsequium
2667 4542 2719 4578 et
2735 4535 2886 4589 Juxta

417 4605 677 4656 Pontifieis
695 4612 1025 4654 voluntatem
1046 4607 1286 4651 recedere
1319 4606 1636 4659 lngolstadio
1671 4606 1857 4649 debere
1894 4612 1945 4649 et
1980 4616 2071 4659 per
2092 4604 2222 4648 alios
2244 4611 2465 4658 quatuor
2487 4616 2687 4649 menses
2711 4607 2888 4660 Augu:

416 4689 526 4725 stae
547 4688 599 4725 et
619 4681 867 4733 Dilingae
889 4679 1199 4731 Augustam>
1219 4676 1400 4719 adesse
1417 4707 1426 4726 ,
1442 4675 1492 4717 31
1515 4674 1650 4718 ‘Maii‘
1666 4674 2025 4718 -Cardinalis
2047 4675 2382 4728 Augustanus
2404 4674 2631 4729 Ignatio,
2654 4677 2717 4719 de
2739 4675 2886 4720 Clau-

419 4754 498 4796 dio
517 4753 658 4806 Jaio,
681 4752 738 4796 23
759 4751 912 4803 Junii.
