3679 5414
1562 437 1689 496 AN.
1735 436 1876 495 ιῶο
2435 458 2445 469 .
2516 398 2535 415 ‘
2879 439 2951 494 77

473 598 554 641 ce
582 580 924 659 lacrymis
967 581 1105 643 viri
1144 581 1464 661 primarii
1504 596 1628 643 eos
1669 581 2008 644 abeuntes
2052 588 2675 660 prosequerentur,
2720 590 2788 643 et
2828 581 2941 643 ab·

473 687 773 750 sentium
803 688 1125 750 suaviter
1156 696 1224 751 et
1263 698 1584 751 amanter
1625 688 2141 766 meminissent,
2176 704 2340 750 -non
2389 687 2949 766 indignationem

471 802 718 856 contra
746 792 1181 858 Societatem
1209 795 1336 858 sed
1367 804 1619 858 contra
1650 813 1771 859 eos
1801 795 2186 874 antistiteS,
2216 810 2514 875 quorum
2544 811 2764 874 opera
2786 813 2946 858 evo-

470 900 609 962 cati
638 900 1084 979 dicebantur,
1112 910 1641 982 converterunt;
1668 903 1882 966 immo
1905 911 1974 965 et
1996 902 2151 982 ipso
2177 900 2319 979 die,
2347 918 2485 982 quo
2509 899 2583 964 P.
2613 900 2948 965 Claudius

471 1024 881 1070 recessurus
912 1018 1099 1083 erat,
1136 1008 1254 1089 qui
1292 1008 1366 1072 in
1402 1008 1883 1091 Universitate
1922 1008 2224 1071 caeteris
2262 1009 2819 1088 praecellebant,
2846 1008 2947 1074 ‘ad

471 1113 661 1177 illum
709 1114 1097 1193 veniendO,
1141 1125 1212 1179 et
1252 1115 1572 1179 confiteri
1608 1125 1907 1197 peccata
1946 1124 2017 1178 et
2054 1115 2577 1178 Eucharistiam
2622 1116 2946 1196 accipere

477 1232 942 1299 curaverunt,
979 1230 1046 1284 et
1076 1222 1212 1285 hac
1244 1224 1727 1286 consolatione
1767 1239 2201 1301 moerorem,
2247 1240 2454 1303 quem
2493 1222 2579 1285 de
2619 1223 2944 1286 charissi-

473 1329 565 1390 mi
593 1326 831 1391 Patris
854 1329 1171 1393 discessu
1205 1331 1675 1410 collegerant,
1709 1339 2213 1411 temperarunt.

593 1434 728 1497 171.
817 1434 959 1499 Sed
993 1435 1203 1499 facile
1241 1447 1394 1500 erat
1447 1438 1844 1517 intelligere
1897 1435 2083 1517 quod
2127 1436 2219 1499 ad
2269 1420 2639 1500 commune
2681 1438 2943 1500 bonum

471 1543 1033 1621 promovendum
1064 1545 1273 1623 longe
1302 1545 1544 1607 utilius
1587 1544 1989 1623 Augustae,
2038 1544 2111 1607 in
2153 1544 2458 1606 comitiis
2497 1546 2938 1622 praesertim,

471 1665 681 1727 quam
719 1649 1141 1728 Ingolstadii
1182 1651 1297 1713 vir
1340 1651 1456 1713 ille
1496 1651 1944 1714 versabatur.
2000 1649 2117 1713 Ad
2153 1668 2271 1714 res
2315 1651 2530 1714 etiam
2567 1649 2943 1714 Societatis

463 1753 853 1835 juvandas,
888 1757 1003 1819 vel
1032 1758 1270 1836 potius
1301 1757 1766 1821 Germaniam
1797 1744 2026 1838 ipsam
2055 1774 2185 1837 per
2213 1757 2682 1820 ministerium
2711 1756 2940 1821 Socie-

473 1863 666 1940 tatis,
711 1864 1035 1943 perutilis
1073 1864 1224 1944 eJ'us
1253 1883 1579 1928 recessus
1617 1865 1779 1944 fuit,
1824 1882 1984 1927 cum
2015 1864 2492 1943 Collegiorum
2519 1874 2767 1944 postea
2796 1883 2941 1929 ere-

465 1977 746 2032 ctorum
788 1971 994 2049 quasi
1032 1973 1305 2034 semina
1354 1972 1445 2034 ab
1484 1990 1568 2034 eo
1620 1972 1693 2035 in
1743 1972 2051 2034 comitiis
2100 1972 2241 2034 sint
2263 1970 2478 2051 jacta.
2532 1971 2613 2035 In
2654 1989 2941 2035 recessu

468 2085 702 2139 autem
755 2075 989 2140 Patris
1029 2077 1464 2142 Salmeronis
1503 2070 1944 2158 professores
1995 2078 2409 2141 convivium
2460 2096 2602 2140 non
2641 2080 2940 2158 vulgare

466 2193 938 2263 appararunt3
981 2170 1209 2248 solent
1249 2186 1437 2249 enim
1479 2185 1820 2248 Germani
1860 2186 1995 2248 hoc
2033 2186 2226 2248 velut
2263 2184 2541 2247 firmum
2582 2186 2938 2248 amicitiae

469 2290 752 2368 signum
785 2290 1124 2355 adhibere
1155 2292 1292 2355 ned
1332 2292 1718 2372 quidquam
1761 2292 1896 2354 illis
1937 2301 2042 2354 est
2083 2292 2441 2371 antiquius
2480 2290 2571 2353 ad
2612 2290 2774 2354 fidei
2817 2293 2936 2356 hu·

469 2398 973 2478 manitatisque
1025 2398 1615 2462 testificationem.
1671 2399 1760 2462 Et
1812 2399 2141 2479 quamvis
2176 2415 2320 2461 non
2365 2396 2733 2461 ferendam
2780 2417 2936 2463 esse

463 2500 819 2580 jacturam
848 2507 1249 2568 ornamenti
1278 2514 1425 2568 tam
1457 2506 1757 2585 insignis
1794 2523 1966 2568 suae
2010 2504 2442 2568 Academiae
2482 2504 2830 2581 dicerent,
2866 2515 2935 2569 et

468 2626 626 2672 eum
655 2611 961 2674 alterum
989 2629 1146 2675 esse
1175 2611 1475 2675 Eckium
1505 2622 1572 2675 et
1602 2613 1760 2692 plus
1789 2629 2004 2691 quam
2033 2610 2359 2691 Eckium,
2407 2612 2528 2691 qui
2568 2612 2934 2675 doctrinae

469 2734 636 2779 suae
666 2717 1090 2798 flagrantem
1121 2719 1411 2783 odorem
1436 2721 1645 2800 longe
1673 2720 1952 2800 lateque
1980 2736 2108 2800 per
2138 2720 2596 2784 Germaniam
2627 2720 2931 2783 diffudis-

465 2834 598 2902 set,
645 2842 809 2888 cum
860 2823 934 2887 P.
983 2824 1393 2906 Alphonsus
1445 2827 1772 2890 omnibus
1809 2826 1922 2890 his
1973 2827 2445 2889 obedientiam
2497 2826 2930 2904 obtenderet,

463 2931 629 3010 quid
673 2933 969 2996 ulterius
1016 2932 1332 2996 dicerent
1381 2951 1527 2998 non
1554 2933 1933 2997 habebant.
1983 2933 2317 2997 Comitati
2345 2942 2509 2996 sunt
2556 2949 2730 3013 ergo
2771 2951 2932 2997 eum

462 3047 731 3118 septem
761 3041 876 3103 vel
905 3050 1089 3120 octo,
1127 3041 1310 3104 inter
1340 3059 1519 3121 quos
1548 3050 1702 3104 erat
1739 3040 2001 3104 Rector
2023 3048 2092 3103 et
2121 3039 2734 3103 Procancellarius
2765 3040 2928 3104 Uni-

465 3146 852 3223 versitatiS,
897 3147 989 3210 ad
1021 3147 1287 3228 aliquot
1332 3148 1696 3227 milliaria,
1744 3157 1812 3211 et
1850 3147 2227 3225 viaticum,
2271 3164 2489 3227 equos
2528 3156 2597 3209 et
2635 3148 2931 3210 comites

457 3252 836 3315 obtrudere
883 3255 1237 3317 volebant.
1289 3255 1391 3318 At
1432 3273 1573 3318 non
1623 3271 1876 3335 parum
1915 3270 2161 3317 eorum
2203 3254 2480 3316 animos
2519 3254 2926 3316 consolatus

461 3368 564 3420 est
593 3357 671 3420 P.
707 3359 770 3421 N
775 3360 984 3422 icolai
1013 3360 1346 3424 Gaudani
1370 3363 1751 3436 adventuS,
1778 3363 1899 3441 qui
1929 3378 2091 3423 cum
2114 3360 2459 3439 magistro
2484 3357 2691 3422 Petro
2715 3358 2927 3424 Scho-

460 3465 714 3545 richio‚
748 3483 1116 3546 germanO,
1150 3470 1494 3549 pauculos
1524 3470 1674 3533 dies
1704 3479 1865 3549 post
1893 3484 2253 3531 recessum
2282 3465 2357 3529 P.
2403 3465 2752 3547 Alphonsi
2781 3466 2927 3531 Sal-

457 3575 772 3637 meronis
794 3574 1309 3654 Ingolstadium
1332 3578 1682 3657 pervenit.
1709 3576 1796 3639 Et
1822 3585 2031 3639 aucta
2055 3584 2163 3637 est
2186 3575 2399 3636 etiam
2421 3574 2928 3638 Universitatis

449 3681 877 3760 consolatio,
901 3683 1278 3747 cumidem
1312 3685 1654 3762 magister
1689 3683 1940 3746 Petrus
1971 3680 2489 3762 philosophiam
2522 3689 2591 3743 et
2620 3697 2925 3761 graecas

455 3786 726 3850 litteras
755 3797 830 3851 ut
859 3789 1329 3869 profiteretur,
1363 3799 1574 3870 prout
1600 3789 2048 3853 Universitas
2071 3789 2277 3851 enixe
2304 3787 2610 3868 petebat,
2640 3804 2922 3850 conces·

453 3910 574 3955 sus
626 3903 756 3957 est.
804 3895 971 3959 Dux
1010 3898 1224 3960 etiam
1267 3898 1618 3961 Bavariae
1657 3895 2014 3972 AlbertuS,
2058 3912 2220 3957 cum
2260 3895 2345 3958 de
2389 3894 2727 3973 erigendo
2769 3893 2920 3956 Col-

451 4000 640 4079 legio
670 4002 760 4064 ad
791 4001 1159 4066 Summum
1189 4002 1601 4066 Pontificem
1622 4001 1996 4090 scriberet,
2024 4001 2407 4064 honorifice
2431 4000 2811 4063 admodum
2836 3986 2921 4062 de

448 4107 755 4187 singulis
782 4118 1191 4195 nostrorum
1233 4127 1309 4172 se
1349 4109 1611 4173 sentire
1652 4118 1952 4171 testatus
2001 4116 2137 4182 est,
2182 4115 2251 4169 et
2290 4124 2450 4171 cum
2494 4123 2740 4172 omnes
2778 4123 2917 4169 rna·

447 4230 766 4293 gnopere
798 4216 1327 4280 commendaret
1345 4265 1360 4295 ,
1392 4235 1480 4279 ne
1508 4235 1549 4277 a
1582 4232 1658 4277 se
1684 4215 2093 4276 recederent
2116 4213 2359 4276 sedulo
2381 4213 2679 4275 curabat
2713 4210 2754 4279 ¹.

577 4321 710 4384 172.
799 4322 905 4385 Ea
945 4331 1102 4386 erat
1150 4323 1546 4387 animorum
1590 4320 1960 4400 dispositio
1999 4329 2074 4382 ut
2112 4337 2255 4383 non
2302 4336 2552 4398 parum
2600 4318 2917 4383 effecisse

527 4604 545 4634 ¹
606 4602 876 4655 Polaticus,
898 4612 967 4644 ex
980 4601 1375 4654 commissione,
1396 4599 1609 4643 Claudio
1630 4599 1761 4651 Jaio,
1785 4603 1841 4642 ut
1862 4597 2042 4641 videat
2061 4608 2127 4640 an
2148 4596 2365 4641 Romam
2393 4596 2571 4639 venire
2587 4624 2601 4650 ,
2618 4597 2809 4651 absque
2836 4597 2915 4639 sul

443 4685 717 4728 rerumque
740 4675 791 4717 in
814 4673 1099 4716 Germania
1116 4674 1469 4727 incoeptat-um
1490 4672 1818 4724 detrimentO,
1839 4667 2023 4724 possit,
2040 4670 2070 4712 6
2089 4668 2404 4714 Decembris.
