3679 5414
1571 501 1697 560 AN.
1745 501 1884 559 1552
2852 500 2963 557 697

491 648 864 724 electione,
913 657 988 709 ut
1045 648 1563 727 inexspectata,
1619 664 1905 710 manere
1945 646 2340 725 videbatur,
2382 657 2451 708 et
2491 645 2861 726 adjunctus
2900 649 2963 709 ei

490 761 601 816 est
633 755 705 816 in
733 754 1076 817 auxilium
1108 771 1193 816 ac
1224 753 1759 817 Vicerectorem
1790 751 1865 814 P.
1910 753 2271 817 Tiburtius
2314 753 2399 816 de
2440 752 2797 832 QuadrOS,
2844 754 2965 833 qui

493 870 774 941 postea,
819 860 1117 924 Tiburtii
1155 862 1439 924 nomine
1482 869 1788 940 mutato,
1833 861 1953 923 diu
2005 860 2244 924 Indiae
2294 858 2762 923 Provincialis
2810 860 2965 926 fuit.

491 968 651 1031 Fuit
681 978 918 1031 autem
948 967 1380 1032 Procurator
1425 967 1846 1031 Provinciae
1879 968 2094 1031 totius
2124 970 2393 1032 electus
2422 967 2498 1031 P.
2538 968 2596 1030 F
2598 968 2968 1032 ranciscus

493 1076 831 1155 Enricus;
885 1085 953 1139 et
983 1076 1288 1157 'quidem
1336 1092 1452 1139 res
1501 1076 1593 1139 ad
1641 1074 2069 1139 Societatem
2127 1076 2560 1156 pertinentes
2610 1074 2684 1137 P.
2738 1075 2966 1138 Miron

487 1181 692 1260 Juxta
721 1182 1130 1261 formulam,
1167 1199 1381 1262 quam
1413 1181 1682 1246 Romae
1710 1181 2022 1262 viderat,
2057 1192 2124 1245 et
2149 1182 2352 1263 juxta
2398 1183 2684 1246 modum
2724 1198 2971 1262 proce-

494 1288 705 1352 dendi
734 1288 808 1352 P.
845 1289 1138 1369 Ignatii,
1173 1298 1516 1369 quantum
1556 1291 1707 1370 ipse
1752 1290 2147 1369 intelligere
2190 1299 2500 1370 poterat,
2555 1289 2793 1352 omnia
2832 1288 2968 1351 for-

430 1388 438 1394 ’
495 1413 692 1459 mare
721 1396 1078 1460 nitebatur
1112 1395 1153 1460 ¹.

614 1503 754 1566 615.
841 1504 917 1567 P.
957 1504 1313 1584 Georgius
1343 1505 1646 1582 Morera,
1676 1505 1796 1584 qui
1825 1521 1989 1567 cum
2011 1504 2087 1567 P.
2121 1502 2405 1567 Simone
2433 1503 2733 1566 Romam
2762 1520 2970 1567 vene-

495 1620 637 1688 rat,
683 1619 781 1689 et,
826 1611 991 1691 quia
1041 1612 1575 1692 probationibus
1625 1610 2022 1691 indigebat,
2069 1611 2143 1673 in
2185 1610 2555 1690 hospitalis
2605 1609 2971 1691 cujusdam

498 1717 889 1780 ministerio
919 1717 1008 1780 ab
1037 1717 1287 1781 eodem
1316 1719 1394 1781 P.
1426 1718 1704 1798 Ignatio
1735 1719 2008 1796 positus
2034 1718 2300 1795 fuerat,
2335 1729 2403 1780 et
2433 1716 2595 1780 inde
2627 1717 2698 1779 in
2727 1714 2974 1780 Portu·

497 1825 790 1902 galliam
838 1837 1262 1903 recesserat,
1317 1843 1481 1889 cum
1530 1841 1794 1905 magna
1844 1825 2313 1889 submissione
2353 1823 2561 1887 ad·P.
2616 1822 2972 1887 Simonem

498 1932 799 1994 accessit
837 1943 906 1994 et
948 1951 1024 1995 se
1063 1933 1136 1995 in
1167 1931 1596 2016 Societatem
1623 1950 1914 1995 rursum
1944 1932 2219 1995 admitti
2249 1931 2633 2012 postulavit
2652 1949 2666 2010 ;
2700 1940 2768 1993 et
2797 1930 2973 2008 {cum

499 2039 891 2119 spiritualia
921 2041 1261 2103 exercitia
1291 2040 1519 2104 denuo
1550 2040 1864 2118 fecisset,
1901 2049 1970 2102 et
2004 2056 2267 2118 magno
2299 2056 2460 2101 cum
2487 2038 2767 2102 fervore
2810 2056 2972 2119 poe·

497 2145 837 2232 nitentiae
865 2147 1162 2210 instaret
1191 2155 1278 2210 ut*
1299 2164 1547 2210 rursus
1577 2147 2093 2227 admitteretur,
2128 2162 2267 2226 qua
2297 2145 2384 2208 de
2416 2163 2492 2240 re
2523 2145 2613 2207 ad
2657 2144 2734 2207 P.
2767 2144 2969 2224 Igna·

498 2254 674 2317 tium
701 2253 1055 2333 supplices
1086 2255 1357 2317 litteras
1387 2255 1606 2332 misit,
1659 2253 1735 2316 P.
1774 2254 2005 2316 Miron
2051 2270 2212 2316 eum
2254 2251 2771 2316 admittendum
2815 2270 2969 2315 cen-

499 2360 639 2422 suit
681 2360 928 2441 primis
965 2358 1173 2439 hujus
1211 2362 1378 2424 anni
1419 2361 1808 2438 mensibuS,
1856 2361 2080 2424 donec
2122 2379 2165 2423 a
2211 2359 2285 2422 P.
2330 2358 2976 2438 Ignati0.consulto

499 2485 915 2548 responsum
947 2469 1326 2549 acciperet;
1352 2469 1478 2532 sed
1500 2469 1723 2548 brevi,
1749 2468 2069 2532 nondum
2098 2479 2395 2548 accepto
2418 2484 2786 2547 responSO,
2820 2467 2973 2546 ipsa

500 2576 939 2655 experientia
970 2576 1265 2639 docente
1298 2576 1641 2639 intellexit
1671 2576 1762 2639 ad
1791 2575 2218 2639 Societatem
2248 2576 2441 2638 illum
2468 2592 2613 2637 non
2642 2591 2799 2637 esse
2828 2572 2972 2636 ido·

500 2699 742 2762 neum,
776 2700 908 2746 nec
939 2683 1265 2764 spiritum
1294 2683 1733 2748 obedientiae
1766 2684 1838 2746 in
1870 2700 1954 2746 eo
1986 2683 2325 2762 inveniri;
2368 2682 2555 2764 quod
2594 2699 2755 2746 cum
2797 2681 2974 2763 ipse-

502 2799 643 2852 met
673 2806 939 2869 negare
969 2809 1111 2855 non
1141 2801 1402 2872 posset,
1440 2810 1601 2855 cum
1632 2792 1869 2856 multis
1899 2792 2240 2871 lacrymis
2269 2801 2338 2853 et
2368 2807 2630 2869 magna
2673 2790 2972 2852 benevo-

501 2898 718 2959 lentia
748 2897 1083 2961 dimissus
1112 2900 1409 2962 recessit
1436 2899 1484 2962 ².
2388 2972 2392 2977 ,

622 3002 764 3066 616.
851 3002 1018 3067 Post
1047 3005 1232 3068 festa
1261 3015 1500 3069 autem
1530 3005 1989 3069 Pentecostes
2021 3023 2184 3068 cum
2222 3005 2727 3085 Ulyssiponam
2765 3003 2978 3067 Pater

502 3110 731 3173 Miron
762 3128 837 3173 se
877 3111 1270 3191 conferret,
1305 3129 1421 3175 res
1451 3112 2053 3176 Conimbricensis
2096 3112 2393 3191 Collegii
2432 3113 2607 3175 satis
2635 3128 2977 3192 prospere

501 3218 889 3296 procedere
919 3218 1343 3282 videbantur
1372 3229 1443 3282 et
1472 3221 1772 3299 mutatio
1802 3220 1923 3282 illa
1955 3218 2423 3283 Provincialis
2452 3229 2520 3281 et
2551 3219 2623 3281 in
2661 3218 2779 3281 illo
2821 3218 2973 3283 Col-

502 3324 687 3405 legio
717 3335 785 3388 et
817 3325 1073 3405 ubique
1104 3325 1421 3388 suaviter
1461 3337 1530 3388 et
1569 3326 1720 3389 sine
1767 3327 2242 3390 amaritudine
2280 3327 2421 3389 ulla
2465 3325 2971 3405 accipiebatur.

501 3430 749 3494 Studia
799 3431 1045 3511 etiam,
1090 3440 1241 3494 tum
1278 3432 1350 3494 in
1398 3432 1683 3495 casibus
1734 3434 2245 3513 conscientiae,
2299 3442 2449 3496 tum
2496 3434 2567 3495 in
2616 3433 2974 3512 theologia

502 3537 954 3617 scholastica,
981 3548 1132 3601 tum
1161 3539 1377 3601 etiam
1404 3538 1478 3600 in
1499 3537 2013 3618 philosophicis
2041 3551 2111 3602 et
2132 3540 2665 3603 humanioribus
2694 3540 2971 3616 litteriS,

502 3645 877 3725 diligenter
917 3645 1444 3723 tractabantur,
1491 3636 2083 3726 disputationibus
2132 3664 2219 3710 ac
2268 3648 2806 3727 repetitionibus
2854 3667 2971 3728 op—

507 3761 806 3829 portune
836 3752 1192 3817 adhibitis.
2737 3834 2745 3842 ‚

623 3859 764 3922 617.
856 3859 1308 3942 Temporalia
1347 3861 1596 3938 etiam,
1642 3877 1823 3940 quae
1848 3844 1960 3924 'ad
1998 3861 2266 3924 victum
2308 3868 2512 3923 erant
2541 3861 2969 3940 necessaria,

504 3976 581 4030 ut
626 3968 1119 4046 conveniebat,
1161 3968 1912 4044 subministrabantur;
1945 3967 2114 4030 illud
2137 3976 2406 4045 tamen,
2440 3967 2628 4048 quod
2658 3984 2791 4030 usu
2822 3965 2971 4046 jam

504 4085 869 4156 receptum
920 4085 1109 4150 erat,
1166 4076 1610 4139 immutatum
1640 4092 1785 4138 non
1815 4084 1952 4153 est,
1989 4074 2176 4155 quod
2205 4074 2343 4137 duo
2384 4075 2456 4137 in
2492 4073 2740 4136 eadem
2767 4075 2972 4136 lance

505 4183 739 4245 cibum
770 4183 1166 4262 capiebant.
1211 4181 1287 4244 P.
1333 4184 1478 4246 Leo
1523 4182 1874 4263 Enriquez
1908 4180 2383 4244 confessarius
2426 4178 2972 4242 domesticorum

588 4388 603 4420 Ι
663 4388 933 4441 Polancus‚
972 4399 1037 4431 ex
1071 4399 1221 4440 com„
1249 4388 1395 4432 Patri
1431 4386 1754 4431 Emmanuell
1790 4387 2044 4441 Godinho,
2077 4387 2138 4429 de
2169 4385 2406 4429 Rectoris
2434 4383 2616 4438 officio,
2638 4382 2973 4437 collegiorum

505 4459 756 4514 utilitate,
778 4460 992 4503 docendi
1017 4462 1068 4503 ln
1087 4460 1163 4504 eis
1184 4460 1352 4513 modo,
1376 4466 1493 4513 etc„
1520 4460 1570 4503 13
1590 4458 1846 4503 Octobris.

585 4532 609 4563 ¹
663 4531 876 4575 Miserat
914 4532 1149 4586 Ignatius
1184 4532 1237 4574 13
1268 4531 1508 4575 Octobris
1542 4531 1815 4575 schedulas
1852 4531 1980 4574 duaa
2012 4540 2105 4573 auo
2138 4528 2340 4573 nomine
2374 4529 2626 4582 signatas,
2662 4538 2832 4579 unam,
2870 4537 2972 4581 qua

505 4602 787 4657 Georgium
808 4604 1011 4647 Morera
1040 4606 1089 4648 in
1120 4603 1437 4648 Societatem
1463 4603 1769 4647 admittebat
1784 4636 1795 4656 ,
1819 4604 2061 4654 alteram,
2084 4612 2186 4655 qua
2206 4611 2322 4644 eum
2342 4599 2627 4654 rejiciebat;
2645 4604 2697 4641 et
2720 4597 2866 4641 Patri
2885 4597 2975 4641 m-

501 4676 615 4719 roni
634 4676 930 4730 injunxerat
953 4684 1006 4719 ut
1029 4687 1207 4720 earum
1227 4675 1590 4719 schedularum
1619 4677 1877 4718 alterutra
1907 4679 2159 4726 uteretur,
2190 4677 2343 4726 prout
2365 4672 2459 4725 ipsi
2487 4669 2539 4713 iu
2560 4669 2777 4714 Domino
2799 4668 2972 4716 fuerlit

503 4748 691 4792 visum.
