3679 5414
707 468 817 527 710
1506 472 1513 479 “
1620 466 1874 527 Canon.
1917 467 2071 527 Soc.
2112 468 2254 541 Jsss.

704 614 983 691 derant,
1012 612 1133 675 sed
1160 614 1230 677 in
1252 612 1467 676 rebus
1488 612 1908 694 quibusdam
1933 612 2326 692 superfluiS,
2347 611 2497 692 jam
2516 613 2962 677 necessarios
2983 630 3167 676 sum-

703 729 869 800 ptus
908 719 1189 784 difficile
1228 715 1658 797 obtinebant3
1707 720 1873 799 quia
1913 719 2161 783 favore
2211 720 2414 783 aulae
2461 737 2607 783 non
2655 729 2803 784 tam
2851 720 3167 784 modeste

703 845 916 907 quam
946 827 1126 891 sorte
1155 827 1527 907 oportebat
1552 827 1661 890 usi
1690 825 1994 905 fuerant,
2021 824 2168 905 jam
2198 844 2359 890 cum
2387 835 2810 906 procurator
2837 826 2914 890 P.
2947 827 3165 890 Fran·

702 935 937 997 ciscus
986 934 1339 1014 Enriquez
1390 934 1480 997 ad
1530 934 1939 998 necessaria
1988 933 2275 1013 negotia
2324 933 2741 1012 accedebat,
2792 945 3040 1014 portae
3079 934 3165 995 ob

702 1043 947 1105 oculos
977 1042 1040 1105 ei
1069 1032 1602 1117 claudebantur3
1638 1041 2071 1104 architectus
2101 1049 2169 1103 et
2198 1040 2514 1104 medicus
2542 1041 2693 1120 ipse
2740 1040 3058 1104 difficiles
3085 1060 3165 1105 se

700 1149 1164 1229 praebebant,
1207 1158 1277 1211 et
1315 1157 1565 1212 contra
1603 1157 1890 1211 nostros
1929 1148 2043 1210 hic
2084 1148 2597 1228 obloquebatur
2645 1148 2833 1228 quod
2880 1148 3163 1212 Patrem

660 1328 672 1338 ,
699 1256 1059 1320 Simonem
1090 1257 1176 1319 de
1206 1274 1336 1320 suo
1368 1256 1597 1335 gradu
1627 1253 2069 1335 dejecissent;
2104 1265 2172 1319 et
2201 1256 2341 1335 alii,
2375 1272 2705 1335 egressos
2735 1264 2805 1319 et
2835 1244 3165 1319 dimissos

700 1375 845 1426 tam
875 1365 1133 1426 multos
1163 1363 1509 1441 videnteS,
1544 1363 1661 1426 cui
1690 1362 2119 1426 credendum
2141 1361 2291 1443 jam
2320 1372 2506 1426 esset
2535 1381 2626 1426 ex
2663 1364 2927 1427 nostris
2968 1360 3162 1428 dubi·

699 1470 965 1544 tabant;
1022 1488 1188 1535 nam
1245 1454 1519 1549 egressi
1568 1468 1997 1533 Societatem
2046 1487 2264 1549 penes
2313 1487 2390 1533 se
2439 1488 2597 1533 esse
2645 1470 3160 1549 gloriabantur;

698 1576 1207 1656 praedicabant
1236 1576 1444 1656 enim,
1479 1576 1862 1640 audiebant
1887 1575 2390 1656 confessioneS,
2418 1577 2882 1641 christianam
2905 1579 3160 1643 doctri·

699 1701 864 1747 nam
895 1684 1266 1747 docebant.
2268 1681 2275 1689 '

817 1788 958 1853 638.
1044 1789 1261 1869 Regis
1292 1790 1594 1853 ministri
1623 1791 1833 1869 longe
1865 1791 2078 1854 aliam
2117 1790 2379 1854 faciem
2414 1791 2676 1854 nostris
2713 1809 2925 1872 quam
2964 1793 3163 1874 prius

697 1898 1143 1974 exhibebant,
1178 1906 1248 1960 et
1278 1915 1439 1961 cum
1470 1898 1560 1960 ab
1588 1895 2149 1978 Archiepiscopo
2191 1897 2733 1978 Ulyssiponensi
2776 1902 3160 1981 eleemosy-

696 2020 864 2067 nam
890 2005 1116 2067 nostri
1146 2013 1485 2084 peterent,
1517 2004 1880 2083 respondit
1908 2004 2046 2068 ille:
2080 2004 2247 2083 quid
2284 2004 2464 2083 Regi
2495 2022 2672 2086 opus
2702 2016 2809 2069 est
2839 2006 3163 2070 ducentis

696 2112 1059 2191 Apostolis
1089 2112 1160 2174 in
1200 2111 1697 2191 Portugallia?,
1740 2122 1810 2174 et
1853 2111 2027 2173 nihil
2065 2111 2169 2173 eis
2206 2110 2417 2174 dedit.
2460 2110 2602 2192 Ipsi
2642 2113 2857 2175 etiam
2897 2112 3160 2176 Princi-

694 2235 842 2298 peS,
875 2226 1251 2298 postquam
1286 2218 1749 2296 designarunt
1773 2218 2048 2297 aliquos
2072 2216 2393 2298 Congum
2417 2217 2883 2297 profecturos,
2910 2237 3049 2282 non
3074 2237 3164 2282 ea

694 2324 902 2405 signa
932 2325 1404 2404 amorisquae
1433 2307 1617 2388 soliti
1652 2333 1855 2388 erant
1885 2325 2370 2387 ostendebant.
2406 2324 2844 2404 Quibusdam
2873 2326 3161 2389 occasio

694 2432 997 2495 dabatur
1027 2431 1478 2495 existimandi
1506 2433 1692 2511 quod
1736 2450 1879 2495 non
1920 2432 2258 2494 debuerat
2307 2431 2506 2512 rejici
2547 2432 2850 2496 officium
2889 2432 3156 2496 confes·

693 2538 914 2601 sionis
943 2538 1162 2617 Regis
1193 2538 1619 2617 audiendae,
1664 2539 1788 2602 sed
1828 2539 1943 2619 qui
1989 2538 2407 2617 profundius
2446 2547 2516 2601 et
2553 2539 2968 2618 prudentius
3006 2558 3161 2604 rem

695 2645 1178 2724 intuebantur,
1226 2646 1459 2726 potius
1498 2645 2000 2710 existimabant
2039 2646 2224 2710 hanc
2264 2646 2726 2710 mutationem
2776 2664 3015 2711 rerum
3065 2649 3158 2711 ad

694 2770 1032 2832 magnum
1056 2751 1429 2817 Societatis
1452 2754 1525 2819 in
1547 2753 1987 2833 Portugallia
2010 2754 2269 2817 bonum
2295 2754 2670 2832 pertinere,
2697 2763 2774 2817 ut
2796 2773 2939 2818 non
2960 2755 3033 2818 in
3056 2754 3157 2818 fa-

693 2878 867 2924 vore
896 2861 1289 2941 principum
1323 2861 1447 2924 sed
1476 2861 1547 2924 in
1577 2860 1731 2923 Deo
1763 2861 2152 2924 anchoram
2180 2859 2648 2924 confidentiae
2683 2859 2997 2940 jaciendi
3041 2879 3160 2924 oc-

693 2968 1053 3031 casionem
1083 2968 1398 3045 haberet3
1431 2976 1500 3031 et
1530 2976 1698 3030 tunc
1729 2952 2113 3048 sperabant
2143 2967 2543 3029 uberiorem
2570 2965 2881 3030 fructum
2912 2985 3159 3031 conse·

691 3085 1039 3153 cuturum,
1085 3093 1245 3138 cum
1283 3076 1419 3138 hoc
1456 3075 1660 3155 quasi
1698 3073 1964 3153 frigore
2004 3073 2279 3137 radices
2322 3074 2612 3136 altiores
2651 3074 2721 3136 in
2765 3075 2875 3138 sui
2912 3077 3159 3155 cogni-

688 3182 879 3245 tione
929 3182 1154 3246 nostri
1203 3182 1563 3245 haberent.
1626 3181 2023 3261 Episcopus
2075 3180 2637 3260 Portalegrensis
2681 3181 2959 3244 dicebat
3017 3183 3158 3245 hoc

690 3296 966 3368 tempus
995 3307 1151 3352 esse
1180 3290 1445 3352 bonum
1472 3288 2008 3351 fundamentum
2037 3285 2415 3350 Societatis
2445 3288 2784 3368 ponendi,
2819 3306 2962 3351 non
3002 3297 3156 3352 tan-

688 3404 933 3474 topere
959 3395 1333 3476 juvenibus
1362 3394 1801 3470 confidendo,
1837 3403 1905 3457 et
1935 3412 2058 3458 eos
2090 3394 2161 3457 in
2193 3394 2477 3473 spiritu,
2521 3394 2774 3458 litteris
2812 3404 2881 3458 et
2919 3403 3156 3460 aetate

689 3502 921 3580 magis
950 3510 1025 3565 ut
1062 3503 1484 3582 proficerent
1522 3501 1915 3564 curandum
1955 3517 2131 3563 esse.
2177 3500 2568 3564 Accidebat
2607 3510 2843 3564 autem
2887 3503 3155 3565 nostris

688 3608 759 3672 id
790 3608 976 3689 quod
1019 3610 1350 3688 expedire
1390 3607 1668 3671 dicebat
1708 3607 1993 3686 quidam
2033 3607 2119 3670 de
2157 3606 2545 3684 Societate,
2596 3608 2784 3688 quod
2823 3609 3156 3688 cupiebat

687 3716 929 3779 videre
960 3725 1242 3780 nostros
1274 3715 1472 3796 quasi
1505 3716 1834 3794 explosos
1866 3733 1908 3777 a
1939 3713 2314 3777 mundanis
2341 3714 2739 3777 hominibus
2782 3724 2850 3778 et
2879 3732 3020 3777 non
3050 3715 3152 3778 fa·

681 3824 977 3886 voribus
1008 3833 1130 3885 aut
1159 3823 1481 3885 laudibus
1506 3825 1749 3885 elatos
1777 3821 1972 3901 Quos
1998 3821 2396 3885 Cardinalis
2419 3820 2658 3885 Infans
2681 3822 2940 3885 addere
2963 3823 3155 3885 vole·
3207 3867 3216 3872 -

673 3931 808 3993 2bat
836 3947 1130 3993 numero
1161 3939 1564 4020 nostrorum
1597 3928 2090 4007 Eborensium,
2124 3946 2269 3991 non
2299 3929 2559 4006 agebat
2588 3928 2674 3991 de
2704 3929 2808 3991 eis
2838 3929 3153 3992 obtinen-

624 4047 631 4054 ·
664 4037 815 4099 »dis
850 4037 1125 4115 Regina
1154 4044 1413 4112 tamen,
1451 4054 1611 4100 cum
1644 4037 1714 4099 in
1739 4035 2430 4099 commendationem
2453 4034 2711 4097 Didaci
2736 4035 2952 4098 Viera
2981 4037 3154 4099 scri-

686 4145 943 4225 psisset
990 4145 1064 4208 P.
1120 4143 1379 4207 Mironi
1427 4153 1495 4206 et
1546 4161 1967 4223 responsum
2017 4143 2106 4206 ab
2156 4161 2239 4205 eo
2289 4142 2713 4221 accepisset,
2767 4143 3155 4206 accersivit

687 4252 762 4314 Ρ.
805 4252 1191 4330 Urbanum,
1235 4252 1357 4331 qui
1406 4249 1742 4330 magna-m
1796 4249 2420 4330 reprehensionem
2471 4250 2783 4330 aliquam
2833 4250 3150 4324 timebat:

660 4360 812 4423 sed
843 4378 1003 4422 cum
1033 4359 1596 4438 Portalegrensis
1624 4358 2018 4437 Episcopus
2047 4374 2207 4420 eam
2235 4357 2756 4436 praevenisset,
2791 4358 3000 4435 longe
3031 4357 3157 4419 ali-

670 4477 797 4530 ·ter
825 4484 1037 4548 quam
1060 4467 1353 4547 putabat
1378 4465 1634 4543 evenit;
1671 4483 1836 4528 nam
1867 4465 2232 4527 consolata
2262 4472 2369 4526 est
2398 4473 2582 4541 eum,
2617 4482 2747 4527 nec
2777 4465 3158 4527 molestum

676 4575 823 4638 :sibi
852 4574 1071 4638 fuisse
1101 4573 1408 4636 ostendit
1437 4573 1623 4652 quod
1653 4582 1990 4651 negatum
2023 4571 2271 4634 fuisset
2299 4571 2371 4634 id
2399 4571 2588 4650 quod
2616 4572 2932 4651 petebat;
2966 4571 3158 4634 dice-

691 4682 813 4745 bat
861 4682 1049 4744 enim
1099 4699 1175 4744 se
1213 4679 1384 4742 nihil
1422 4679 1737 4742 obtinere
1781 4681 1958 4742 velle
1996 4697 2037 4741 a
2079 4676 2433 4741 Societate
2477 4695 2638 4742 cum
2682 4679 2903 4758 ipsius
2940 4678 3157 4741 detri-
