3679 5414
1605 503 1730 562 Aa.
1778 503 1911 563 1551
2878 475 2988 566 339.

514 645 808 725 protulit
850 647 1257 725 nonnullaS,
1300 646 1486 726 quod
1539 647 1806 711 scilicet
1846 647 2135 710 domum
2175 647 2526 729 Compluti
2574 650 2724 713 sine
2765 651 2985 731 ipsius

514 752 851 816 facultate
878 752 1222 816 erexisset
1244 751 1585 833 Societas;
1612 753 1799 833 quod
1826 764 2209 818 vocaretur
2232 754 2551 819 Societas
2571 756 2760 839 Jesu;
2795 759 2984 838 quod

514 858 996 923 confessiones
1025 859 1358 923 audiendi
1387 870 1456 923 et
1483 860 1945 941 praedicandi
1972 862 2125 924 sine
2155 862 2378 943 ipsius
2408 863 2745 927 facultate
2784 865 2982 928 mini-

513 967 730 1030 sterio
760 965 1205 1046 fungeretur;
1248 967 1435 1046 quod
1473 967 1830 1031 exercitiis
1870 968 2381 1049 spiritualibuS,
2428 988 2609 1050 quae
2648 972 2797 1052 ipse
2840 990 2984 1035 non

510 1073 962 1136 existimabat
1004 1090 1134 1153 pro
1172 1073 1546 1153 evangelio
1584 1074 1910 1138 habenda
1949 1092 2137 1156 esse,
2171 1075 2499 1139 homines
2536 1079 2786 1142 stultos
2828 1080 2980 1142 red-

511 1178 788 1256 derent,
821 1180 919 1242 ita
949 1190 1028 1244 ut
1055 1180 1325 1243 nobiles
1356 1198 1500 1243 non
1529 1198 1606 1243 se
1633 1190 1890 1261 gerant
1918 1191 1994 1245 ut
2023 1182 2292 1245 nobiles
2311 1233 2325 1262 ,
2360 1190 2493 1247 etc.
2521 1185 2610 1247 Et
2641 1201 2803 1248 cum
2844 1185 2989 1256 sin·,

509 1288 697 1366 gulis
743 1288 1128 1351 Villanova
1180 1288 1457 1351 abunde
1506 1289 2027 1369 respondisset,
2081 1291 2247 1370 quia
2297 1289 2447 1370 ejus
2507 1291 2784 1355 animus
2833 1311 2977 1356 non

510 1395 903 1458 rationibus
933 1393 1057 1457 sed
1086 1394 1457 1458 affectibus
1484 1396 1863 1475 nitebatur,
1897 1397 1989 1460 ad
2017 1397 2250 1460 minas
2279 1415 2355 1460 se
2386 1400 2770 1478 convertit,
2806 1408 2874 1462 et
2919 1401 2981 1463 si

510 1502 667 1582 quis
716 1503 812 1565 illi
859 1503 1136 1565 litteras
1174 1502 1605 1582 apostolicas
1657 1489 2046 1584 intimaret,
2091 1504 2163 1567 in
2210 1523 2573 1568 carcerem
2623 1523 2700 1569 se
2751 1506 2978 1586 conje-

508 1618 786 1673 cturum
808 1609 1233 1690 affirmabat;
1258 1628 1400 1673 non
1430 1610 1616 1673 enim
1644 1611 1759 1673 hic
1788 1627 2103 1690 egemus,
2131 1612 2259 1691 ait,
2297 1610 2587 1675 Summo
2610 1612 2990 1694 Pontifice,

508 1727 579 1781 et
610 1718 772 1796 alia,
804 1734 985 1797 quae
1022 1718 1272 1780 melius
1322 1717 1546 1780 taceri
1586 1718 2002 1798 potuissent.
2045 1718 2351 1782 Demum
2394 1718 2573 1782 dixit
2612 1738 2690 1782 se
2730 1730 2973 1784 ventu-

510 1842 669 1888 rum
712 1825 1197 1906 Complutum,
1252 1826 1439 1905 quod
1490 1826 1922 1904 respondere
1973 1826 2223 1890 solitus
2262 1835 2448 1906 erat,
2490 1828 2771 1908 quando
2801 1827 2975 1892 nihil

509 1949 724 2012 agere
755 1932 827 1996 in
856 1933 1094 1996 animo
1123 1933 1452 1996 habebat.

625 2039 768 2101 355.
854 2040 1159 2103 Rediens
1188 2039 1264 2102 P.
1298 2040 1681 2103 Villanova
1705 2038 2155 2119 Madridium,
2181 2039 2269 2104 de
2293 2042 2703 2120 provisione
2736 2041 2974 2105 Consi·

507 2147 581 2209 lii
612 2147 792 2226 regii
820 2146 1269 2228 accipienda,
1313 2156 1391 2209 ut
1431 2148 1704 2210 litteras
1745 2148 2175 2227 apostolicas
2214 2148 2777 2229 Archiepiscopo
2823 2149 2974 2213 inti-

505 2264 756 2332 maret,
784 2255 1064 2334 agebat.
1089 2252 1408 2317 Nuncius
1437 2254 1890 2335 apostolicuS,
1920 2254 2264 2317 Dominus
2292 2255 2603 2337 Joannes
2632 2255 2970 2335 PoggiuS,

505 2361 624 2441 qui
652 2372 821 2424 tunc
853 2360 1252 2426 Cardinalis
1281 2360 1585 2425 Sanctae
1613 2361 1982 2425 Romanae
2011 2362 2375 2425 Ecclesiae
2406 2372 2688 2427 creatus
2716 2363 2967 2443 fuerat,

504 2469 818 2548 rigorem
844 2486 1001 2532 esse
1031 2469 1515 2532 necessarium
1544 2469 1615 2531 in
1645 2470 1783 2532 hoc
1811 2470 2101 2549 negotio
2131 2470 2495 2550 censebat,
2529 2481 2600 2534 et
2631 2489 2834 2534 suam
2873 2472 2973 2535 illi

506 2594 797 2657 operam
840 2576 1323 2640 amantissime
1364 2577 1645 2656 obtulit,
1700 2594 1785 2640 ac
1824 2578 2190 2656 negotium
2232 2589 2571 2659 tanquam
2609 2580 2975 2659 proprium

503 2684 799 2764 accepit.
852 2685 943 2748 Et
989 2693 1065 2747 ut
1112 2684 1547 2764 intelligatur
1597 2685 1784 2766 quod
1826 2684 1979 2749 sine
2018 2686 2395 2749 occasione
2435 2703 2698 2766 magna
2744 2687 2972 2751 bonus

503 2792 1103 2873 Archiepiscopus
1147 2793 1411 2856 nostris
1459 2793 1954 2872 succensebat,
2000 2793 2226 2856 nostri
2270 2803 2415 2856 tam
2458 2793 2823 2858 moderate
2862 2795 2972 2858 usi

500 2898 780 2962 fuerant
811 2899 957 2962 suis
985 2899 1379 2979 privilegiis
1408 2908 1485 2962 ut
1528 2917 1617 2961 ne
1662 2900 2190 2963 sanctissimum
2232 2900 2514 2980 quidem
2553 2899 2964 2965 Sacramen-

502 3016 649 3070 tum
679 3008 748 3069 in
778 3007 1039 3070 sacello
1064 3006 1452 3070 domestico
1476 3023 1821 3086 reponere
1845 3008 2221 3086 voluerint,
2250 3016 2319 3070 et
2349 3008 2463 3088 qui
2489 3008 2970 3072 confessiones

500 3114 809 3177 audituri
865 3123 1108 3194 erant,
1163 3113 1254 3176 ad
1303 3114 1748 3176 visitatorem
1804 3115 2214 3193 generalem
2271 3097 2723 3191 examinandi
2772 3115 2970 3179 missi

498 3230 689 3301 sunt,
725 3239 767 3283 a
797 3239 934 3301 quo
960 3220 1336 3302 approbati
1364 3220 1776 3284 facultatem
1806 3219 2138 3284 audiendi
2167 3220 2651 3285 confessiones
2680 3240 2968 3303 accepe-

498 3338 679 3391 rant.
716 3328 1058 3408 Quamvis
1088 3336 1327 3391 autem
1358 3328 1556 3390 multi
1585 3327 1861 3390 litteras
1908 3328 2341 3406 apostolicas
2379 3347 2421 3391 a
2461 3327 2736 3393 Nuncio
2776 3329 2964 3410 Apo-

498 3436 749 3498 stolico
773 3435 1202 3499 intimandas
1225 3444 1619 3515 censerent,
1646 3435 1871 3497 noluit
1893 3444 2132 3498 tamen
2153 3433 2230 3497 Ρ.
2264 3434 2646 3498 Villanova
2669 3436 2740 3499 id
2769 3454 2963 3501 exse·

498 3543 616 3624 qui
645 3552 1026 3624 antequam
1056 3560 1217 3606 cum
1246 3542 1322 3606 P.
1356 3542 1790 3606 Provinciali
1818 3542 2196 3605 conferret.
2230 3542 2335 3605 Ita
2375 3560 2489 3606 res
2517 3552 2804 3606 nostrae
2835 3546 2965 3608 sub

499 3650 708 3713 finem
736 3649 945 3730 huJus
975 3650 1143 3713 anni
1171 3648 1380 3712 valde
1408 3649 1864 3730 perturbatae
1892 3648 2175 3712 fuerunt
2207 3647 2249 3708 ¹.

616 3756 759 3820 356.
846 3757 1005 3820 Non
1036 3757 1356 3820 omittam
1385 3765 1624 3820 tamen
1667 3756 1854 3836 quod
1893 3755 2113 3819 frater
2150 3755 2558 3819 Ludovicus
2597 3757 2684 3820 de
2722 3756 2960 3834 Avila,

497 3865 931 3928 novitiorum
962 3864 1302 3943 magister
1332 3864 1404 3926 in
1436 3852 1867 3926 monasterio
1897 3862 2202 3926 Sanctae
2245 3862 2669 3927 Catherinae
2708 3865 2793 3927 de
2833 3865 2963 3928 Ta-

497 3973 778 4049 lavera,
839 3990 1002 4035 cum
1059 3972 1133 4035 in
1183 3969 1560 4034 Societatis
1609 3970 1970 4033 exercitiis
2018 3980 2351 4034 versatus
2404 3971 2680 4051 fuisset,
2734 3972 2964 4053 coepit

494 4080 746 4143 eadem
774 4078 1116 4142 exercitia
1147 4078 1293 4141 suis
1323 4077 1677 4158 religiosis
1706 4094 1970 4157 magno
2001 4095 2158 4140 cum
2187 4077 2421 4141 fructu
2450 4096 2868 4160 proponere,
2896 4090 2964 4142 et

495 4188 568 4250 in
589 4187 815 4250 tribus
838 4186 995 4248 aliis
1019 4185 1470 4249 monasteriis
1492 4183 1602 4248 sui
1625 4183 1894 4248 ordinis
1915 4194 1984 4247 et
2005 4185 2077 4248 in
2108 4184 2246 4248 alio
2271 4184 2540 4249 ordinis
2562 4186 2960 4250 cistercien-

494 4295 594 4358 sis
625 4296 739 4372 (ex
768 4311 908 4374 quo
937 4293 1257 4373 religiosi
1293 4293 1364 4355 in
1394 4295 1597 4373 plura
1625 4294 1784 4355 loca
1814 4291 2028 4354 divisi
2058 4292 2363 4372 fuerunt)
2396 4293 2734 4357 exercitia
2766 4293 2963 4374 spiri·

493 4402 714 4465 tualia
752 4400 1335 4477 communicavit;
1383 4398 1661 4463 clericis
1712 4399 1928 4463 etiam
1965 4400 2385 4480 quibusdam
2423 4401 2674 4464 eadem
2711 4418 2962 4481 propo·

574 4608 593 4641 ί
652 4607 734 4651 Ad
768 4604 1082 4650 dirimendas
1110 4605 1228 4648 lites
1259 4604 1327 4647 ab
1359 4602 1766 4657 Archiepiscopo
1800 4602 2050 4648 Toletano
2085 4610 2138 4648 et
2177 4605 2295 4649 allis
2327 4612 2606 4660 promotas,
2647 4606 2805 4649 missa
2842 4612 2961 4649 sunt

494 4680 772 4726 Franclsco
794 4680 855 4725 de
877 4678 1160 4723 Villanova
1191 4677 1515 4731 Complutum
1546 4678 1610 4720 1.·
1631 4677 1712 4720 dle
1736 4677 1971 4730 januarii
1991 4678 2200 4722 Polanci
2226 4679 2445 4733 epistola
2466 4685 2518 4723 et
2538 4677 2959 4734 Apostolicarum

494 4756 790 4799 litterarum
812 4756 1135 4805 transumpta
1156 4751 1218 4794 iis
1243 4749 1450 4802 similia,
1471 4749 1534 4792 de
1556 4750 1739 4803 quibus
1759 4760 1917 4804 supra
1938 4749 1989 4794 in
2011 4755 2112 4793 not.
2134 4751 2199 4794 ad
2222 4761 2356 4794 num.
2382 4750 2478 4796 330.
