3679 5414
1690 447 1816 505 Ax.
1864 446 2004 505 1550
3041 448 3077 503 7

606 609 823 672 quam
851 592 1467 670 existimationem,
1503 609 1716 671 quam
1746 592 1817 653 in
1857 609 2066 654 sacro
2104 591 2406 670 collegio
2447 590 2533 653 de
2561 599 2807 653 nostra
2845 589 3076 654 Socie-

611 708 755 761 tate
787 708 1204 778 conceptam
1234 716 1317 761 ac
1351 697 1822 777 significatam
1862 697 2163 760 viderat.
2199 695 2421 776 Hujus
2461 697 2674 760 etiam
2712 698 2875 760 boni
2914 699 3076 761 odo-

609 806 710 868 ris
739 807 1023 884 signum
1052 815 1205 868 erat
1236 804 1423 885 quod
1453 806 1655 868 multi
1685 805 2039 867 antistites
2068 814 2138 867 et
2160 804 2514 885 principes
2543 804 2756 867 etiam
2781 822 2865 868 ac
2890 823 3074 868 com·

608 913 990 977 munitates
1016 913 1418 976 saeculares
1440 912 1512 974 in
1536 912 1837 975 diversis
1860 911 2278 992 provinciiS,
2306 911 2578 990 aliquos
2608 911 2694 973 de
2722 909 3074 974 Societate

608 1019 704 1082 ad
729 1036 805 1082 se
834 1019 1038 1098 mitti,
1074 1019 1370 1082 sollicite
1403 1019 1770 1096 cu1·abant;
1803 1019 2131 1097 quamvis
2158 1018 2407 1098 paucis
2437 1016 2763 1081 satisfieri
2785 1028 3073 1099 propter

608 1127 972 1189 hominum
999 1127 1368 1207 penuriam
1397 1126 1707 1206 potuerit
1738 1124 1779 1188 ¹.

729 1232 788 1295 7.
880 1233 1058 1296 Cum
1086 1249 1262 1313 puer
1292 1233 1608 1314 quidam,
1643 1233 1714 1295 in
1744 1233 2025 1295 haeresi
2072 1250 2115 1294 a
2157 1233 2403 1313 primis
2443 1233 2648 1295 annis
2683 1233 3068 1317 institutuS,

609 1356 751 1401 non
780 1340 1010 1402 solum
1038 1356 1317 1402 errores
1348 1339 1708 1402 mordicus
1735 1340 1886 1419 ipse
1916 1348 2218 1418 teneret,
2254 1340 2379 1402 sed
2407 1348 2475 1402 et
2504 1340 2683 1402 alios
2711 1339 2922 1401 etiam
2953 1336 3068 1401 do·

608 1455 834 1524 ceret,
868 1446 962 1509 ad
991 1445 1407 1509 Cardinales
1444 1446 1903 1527 Inquisitores
1941 1446 2214 1509 delatus
2254 1456 2392 1525 est;
2425 1463 2634 1527 quem
2674 1463 2836 1509 cum
2877 1446 3066 1524 inge-

610 1553 890 1615 niosum
917 1562 986 1616 et
1016 1553 1350 1632 egregiae
1381 1553 1636 1616 indolis
1666 1552 2018 1630 viderent,
2052 1554 2380 1633 precibus
2411 1572 2454 1616 a
2483 1542 2558 1615 P.
2593 1552 2867 1632 Ignatio
2898 1551 3067 1614 obti-

610 1669 915 1723 nuerunt
945 1668 1021 1723 ut
1051 1660 1141 1722 ad
1172 1668 1449 1740 tempus
1478 1679 1637 1723 eum
1668 1660 1857 1723 domi
1888 1661 2221 1723 retineret
2260 1670 2329 1723 et
2360 1660 2449 1723 ab
2479 1660 2834 1724 erroribus
2866 1676 3066 1722 revo-

609 1784 776 1830 care
808 1775 1112 1830 curaret.
1149 1766 1528 1848 Acquievit
1560 1767 1877 1846 Ignatius
1906 1777 1975 1830 et
1998 1767 2127 1830 vix
2147 1776 2308 1830 octo
2332 1767 2484 1830 dies
2504 1784 2678 1848 puer
2701 1766 2890 1829 domi
2912 1765 3062 1839 fuit,

609 1890 773 1935 cum
820 1874 1084 1936 relictis
1133 1874 1599 1937 sectariorum
1650 1874 2096 1953 opinionibus
2139 1883 2207 1937 et
2256 1874 2521 1937 eisdem
2558 1874 2836 1955 publice
2881 1871 3066 1952 abju—

609 1981 806 2058 ratis,
843 1981 934 2044 ad
956 1981 1318 2045 Ecclesiae
1341 1981 1689 2059 gremium
1712 1981 1951 2060 rediit;
1989 1989 2057 2044 et
2090 1998 2250 2044 cum
2283 1981 2534 2060 aliquis
2556 1981 2644 2043 ab
2678 1998 2762 2043 eo
2797 1987 3068 2060 peteret

608 2088 776 2168 quid
795 2088 1240 2169 potissimum
1262 2106 1421 2151 eum
1443 2089 1781 2151 movisset
1804 2089 1895 2151 ad
1919 2106 2077 2151 eam
2100 2087 2744 2168 metamorphosim,
2764 2104 2907 2149 non
2922 2094 3069 2148 tam

613 2196 949 2275 rationeS,
983 2196 1205 2275 inquit
1245 2196 1384 2275 ille,
1427 2212 1638 2275 quam
1685 2197 2013 2276 exempla
2052 2205 2120 2259 et
2156 2213 2393 2259 mores
2434 2213 2546 2258 me
2583 2203 2955 2258 moverunt
2993 2202 3069 2255 ut

613 2304 772 2366 illos
817 2302 1180 2366 crederem
1229 2301 1438 2365 fidem
1490 2310 1729 2365 tenere
1769 2320 2051 2382 sanam,
2105 2320 2404 2383 quorum
2443 2303 2666 2366 vitam
2708 2311 2852 2364 tarn
2890 2300 3068 2363 chri·

610 2410 861 2472 stianis
884 2409 1173 2488 dignam
1201 2409 1553 2473 videbam:
1586 2410 1771 2472 unde
1810 2427 1953 2472 non
1985 2411 2209 2473 solum
2234 2410 2326 2473 ad
2349 2408 2769 2472 catholicam
2791 2408 3072 2486 religi(-

611 2535 772 2580 nem
801 2516 927 2579 sed
950 2515 1040 2578 ad
1071 2525 1335 2579 statum
1363 2516 1803 2597 perfectioris
1831 2518 2024 2580 vitae
2054 2517 2422 2598 adspirare
2450 2516 2704 2597 coepit.

731 2623 792 2686 8.
881 2622 1186 2702 Quidam
1224 2624 1405 2687 alius
1443 2624 1826 2703 hebraeuS,
1870 2642 2077 2705 quem
2115 2626 2193 2687 ut
2229 2641 2436 2687 suum
2475 2625 2787 2702 legatum
2829 2623 2947 2685 alii
2969 2620 3073 2701 ju·

611 2731 771 2794 daei
799 2731 1069 2794 Romae
1099 2732 1451 2811 tenebant,
1481 2749 1642 2795 cum
1664 2732 1755 2795 ad
1778 2732 2041 2796 Christi
2063 2731 2271 2795 fidem
2297 2732 2626 2795 reductus
2648 2741 2855 2808 esset,
2884 2730 3074 2793 domi

610 2839 827 2901 etiam
856 2847 1142 2901 nostrae
1172 2847 1490 2918 tempore
1520 2839 1963 2918 catechismi,
2000 2848 2260 2918 rogatu
2289 2837 2686 2902 Cardinalis
2725 2846 3072 2918 protecto-

613 2945 713 3008 ris
746 2944 1449 3020 catechumenorum,
1491 2946 1725 3026 excipi
1763 2946 2033 3024 debuit;
2077 2945 2195 3026 qui
2234 2963 2378 3008 non
2415 2947 2642 3008 solum
2682 2945 2847 3025 quid
2887 2954 3076 3007 esset

618 3050 1048 3114 credendum
1096 3052 1222 3115 sed
1272 3053 1624 3133 quomodo
1678 3053 1892 3116 etiam
1937 3052 2320 3115 christiane
2377 3051 2759 3115 vivendum
2802 3051 3078 3114 discere

618 3159 927 3239 optabat.
947 3156 1085 3222 Sed
1107 3169 1176 3223 et
1199 3159 1379 3222 alius
1401 3160 1686 3240 quidam
1708 3158 2146 3239 adolescenS,
2166 3159 2594 3223 christianus
2618 3159 2923 3239 quidem,
2950 3157 3075 3221 sed

608 3275 758 3329 tam
786 3265 1048 3329 difficili
1078 3266 1362 3345 ingenio
1392 3283 1479 3329 ac
1510 3267 1823 3330 moribus
1851 3276 1927 3329 ut
1956 3267 2148 3329 nulla
2181 3267 2456 3330 ratione
2495 3267 2566 3329 in
2598 3265 2824 3329 officio
2856 3265 3073 3328 conti-

611 3374 764 3435 neri
791 3382 1051 3453 posset,
1086 3390 1217 3453 pro
1247 3381 1565 3436 extremo
1595 3373 1906 3436 remedio
1937 3374 2126 3436 domi
2153 3382 2441 3437 nostrae
2470 3373 2598 3437 fuit
2622 3373 3071 3448 constitutus;

611 3480 731 3561 qui
760 3481 1136 3561 perpaucis
1164 3479 1411 3543 diebus
1441 3481 1542 3543 sic
1573 3480 1643 3542 in
1673 3481 1889 3544 aliurn
1918 3490 2231 3544 mutatus
2269 3491 2407 3559 est,
2442 3490 2517 3544 ut
2545 3480 2672 3543 vix
2709 3481 2780 3542 in
2822 3498 2906 3544 eo
2951 3482 3064 3542 vel

617 3587 946 3650 minimus
974 3586 1294 3650 defectus
1323 3587 1561 3651 notari
1589 3596 1852 3668 posset.

728 3695 789 3756 9.
877 3693 1271 3757 Dominicis
1298 3703 1367 3757 et
1395 3694 1594 3757 festis
1622 3693 1868 3759 diebus
1901 3706 2065 3758 ante
2095 3704 2165 3759 et
2193 3705 2355 3776 post
2384 3695 2750 3758 meridiem
2793 3695 3068 3758 concio-

610 3818 737 3864 nes
764 3819 895 3881 pro
922 3818 1118 3863 more
1148 3810 1311 3864 sunt
1347 3802 1665 3880 habitae;
1700 3802 1825 3865 sed
1871 3820 2034 3865 cum
2064 3802 2365 3865 ecclesia
2392 3819 2535 3864 non
2564 3818 2828 3881 magna
2857 3811 3065 3880 esset,

612 3907 819 3971 facile
850 3908 1287 3971 auditoribus
1315 3909 1757 3989 implebatur.
1792 3908 2368 3973 Confessionibus
2407 3917 2643 3972 autem
2671 3927 2760 3971 ne
2789 3908 3070 3989 quidem

694 4110 711 4142 ¹
768 4109 1047 4166 Polancus,
1068 4122 1135 4154 ex
1164 4112 1537 4156 commissione
1558 4112 1735 4156 Sancti
1756 4112 1970 4168 Ignatii,
1990 4113 2018 4156 3
2037 4112 2307 4157 Februarii
2330 4113 2458 4167 1550,
2482 4113 2678 4156 custodi
2708 4112 2994 4163 conclavis,
3018 4113 3070 4154 in

610 4193 709 4235 quo
731 4183 927 4226 electus
948 4189 1028 4227 est
1049 4181 1287 4226 Pontifex
1307 4183 1470 4237 Julius
1490 4183 1809 4229 111.-Tanta
1828 4185 2046 4239 penuria
2066 4195 2240 4228 rerum
2259 4185 2483 4228 omniurn
2502 4185 2832 4239 premebatur
2852 4194 3068 4226 romana

610 4252 889 4298 Societatls
910 4255 1089 4298 domus
1107 4260 1181 4310 ut,
1204 4266 1320 4299 eum
1339 4267 1371 4300 a
1392 4253 1754 4300 Cardinalibus
1774 4256 1827 4300 in
1842 4256 2076 4299 conclavi
2097 4256 2436 4300 existentibus
2449 4257 2643 4299 nullum
2663 4255 2729 4298 ad
2744 4255 2841 4299 has
2860 4255 3068 4298 litteras

607 4336 907 4380 responsum
927 4326 1156 4381 daretur,
1178 4332 1365 4382 quarto
1386 4332 1504 4382 post
1524 4327 1631 4382 die,
1653 4333 1803 4371 sexta
1823 4328 2022 4371 scilicet
2043 4326 2339 4382 Februarii,
2362 4329 2582 4371 alterum
2602 4338 2782 4370 earum
2800 4328 3068 4380 exemplar

608 4397 818 4440 missum
836 4397 1147 4452 ean—Idem,
1170 4397 1315 4442 Patri
1336 4397 1546 4455 Laynez
1567 4397 1893 4453 panormum,
1910 4405 1962 4443 et
1980 4398 2126 4443 Patri
2147 4398 2460 4456 Hieronymo
2479 4398 2655 4442 Natali
2676 4398 2982 4451 Messanam,
3003 4399 3070 4441 de

607 4468 756 4511 modo
776 4469 1125 4513 sublevandae
1146 4475 1410 4514 extremae
1442 4469 1705 4513 Romanae
1736 4470 1916 4513 domus
1951 4476 2066 4524 post
2100 4470 2274 4514 Patris
2308 4470 2517 4515 Codaeii
2552 4477 2770 4514 mortem
2801 4471 3066 4524 penuriae,

607 4550 708 4594 qua
736 4551 835 4583 non
854 4541 1120 4594 obstante,
1143 4545 1196 4584 et
1214 4551 1454 4585 numerus
1474 4547 1767 4585 nostrorum
1788 4542 1839 4584 in
1861 4552 1924 4584 ea
1944 4542 2092 4586 domo
2113 4550 2165 4586 et
2185 4542 2390 4587 labores
2421 4542 2473 4586 in
2504 4542 2853 4596 proximorum
2873 4542 3070 4586 utilita-

607 4617 710 4654 tem
744 4613 795 4655 in
827 4613 937 4656 dies
969 4619 1225 4666 crescunt,
1255 4613 1310 4656 25
1339 4612 1852 4666 Januarii.—Slmiles
1887 4614 2092 4657 litterae
2128 4615 2316 4658 missae
2344 4620 2463 4658 sunt
2496 4615 2548 4658 iu
2582 4616 2757 4669 plures
2787 4614 3068 4659 Societatis

605 4683 801 4735 domos.
825 4683 1107 4739 Hispaniae
1124 4686 1435 4739 praesertim
1454 4691 1508 4729 et
1528 4685 1897 4740 Portugalliae.
