3679 5414
1522 522 1648 581 ΑΝ.
1696 523 1833 580 1550
2829 522 2905 583 93

552 666 692 729 215.
781 666 920 730 Sed
965 678 1041 730 ut
1080 667 1395 730 Parisios
1432 667 1751 744 redeam,
1801 686 1940 747 quo
1998 670 2281 731 nomine
2323 670 2440 749 qui
2480 671 2779 733 caeteris
2830 672 2904 734 in

436 773 749 854 Collegio
799 783 1184 854 praeesset,
1237 773 1609 837 vocandus
1659 784 1877 853 esset,
1922 776 2271 838 dubitavit
2308 776 2384 839 P.
2429 777 2779 856 Baptista3
2833 788 2903 840 et

437 899 592 943 cum
623 880 1003 943 Rectorem
1032 883 1281 944 vocari
1321 882 1783 945 intellexisset
1823 900 1909 944 ac
1954 882 2305 962 Episcopo
2348 882 2901 947 Claramontano

433 988 818 1066 retulisset,
854 989 970 1052 ille
998 990 1208 1051 nimis
1237 989 1628 1068 gloriosum
1667 989 1803 1051 hoc
1844 1006 2105 1052 nomen
2143 989 2437 1053 Parisiis
2480 989 2634 1053 fore
2664 1009 2901 1055 cense-

434 1094 568 1169 bat,
603 1096 770 1175 quia
799 1094 1126 1158 Rectoris
1167 1096 1450 1158 nomine
1488 1114 1630 1158 non
1671 1097 1790 1175 qui
1829 1104 2171 1176 praesunt
2211 1095 2577 1176 CollegiiS,
2613 1096 2738 1160 sed
2781 1099 2900 1177 qui

437 1202 924 1280 Universitati,
966 1204 1213 1265 vocari
1254 1204 1513 1278 solent;
1557 1203 1742 1265 unde
1782 1204 2008 1266 nostri
2058 1221 2200 1265 non
2250 1221 2332 1265 eo
2382 1205 2666 1266 nomine
2711 1205 2900 1284 apud

433 1309 690 1387 vulgus
721 1318 1074 1372 vocantur
1108 1308 1147 1371 ¹.

543 1414 687 1478 216.
775 1416 1196 1480 Nitebantur
1238 1418 1461 1479 nostri
1514 1418 1787 1497 aliquos
1828 1435 1914 1480 ac
1962 1419 2383 1497 praesertim
2433 1418 2903 1482 scholasticos

433 1522 708 1586 haeresi
739 1523 1058 1602 infectos,
1094 1533 1165 1586 et
1193 1524 1314 1604 qui
1343 1524 1868 1587 haereticorum
1892 1525 2110 1587 libros
2139 1525 2502 1605 legissent,
2535 1525 2900 1588 Ecclesiae

431 1626 734 1693 Sanctae
763 1631 1251 1707 reconciliare;
1286 1640 1354 1692 et
1387 1648 1549 1693 cum
1581 1632 1802 1711 aliqui
1837 1632 2256 1711 resipiscere
2287 1633 2571 1709 vellent,
2606 1631 2896 1694 faculta-

429 1744 560 1797 tem
595 1753 803 1799 suam
836 1736 925 1799 ad
957 1753 1079 1799 eos
1110 1737 1583 1800 absolvendos
1622 1737 1698 1800 P.
1742 1737 2060 1816 Ignatius
2103 1738 2277 1816 ipsis
2317 1739 2894 1801 communicavit.

536 1842 686 1905 217.
775 1843 1046 1906 Nobilis
1075 1842 1450 1907 domicella
1480 1845 1567 1907 de
1599 1844 1930 1924 Acquilla
1968 1846 2243 1925 aliquos
2281 1845 2552 1908 reditus
2583 1845 2900 1924 Collegio

427 1959 669 2012 nostro
726 1951 1086 2030 applicare
1136 1952 1492 2030 voluerat,
1549 1968 1710 2013 cum
1760 1951 1895 2013 hoc
1948 1969 2160 2014 onere
2210 1960 2285 2013 ut
2337 1960 2585 2031 quater
2634 1951 2896 2014 Missae

431 2056 860 2121 sacrificium
892 2058 1192 2136 singulis
1223 2059 1428 2120 annis
1459 2057 1855 2138 offerretur,
1890 2057 2014 2121 sed
2045 2076 2204 2121 cum
2238 2057 2315 2120 P.
2349 2057 2626 2138 Ignatio
2659 2057 2891 2137 hujus-

425 2164 616 2226 modi
658 2164 971 2227 conditio
1010 2183 1151 2227 non
1196 2164 1629 2228 admittenda
1665 2165 1869 2246 juxta
1907 2175 2228 2229 nostrum
2270 2167 2664 2228 institutum
2702 2165 2893 2228 vide-

428 2280 642 2346 retur,
691 2271 790 2333 illi
828 2273 1250 2334 renunciare
1284 2271 1494 2352 jussit
1535 2274 1926 2336 consultius
1967 2273 2119 2335 fore
2159 2273 2220 2335 si
2262 2273 2418 2335 illos
2463 2273 2731 2335 reditus
2772 2273 2893 2335 alii

425 2377 753 2456 religioni
785 2378 1241 2457 relinqueret,
1277 2396 1437 2442 cum
1468 2389 1711 2442 nostra
1742 2378 2062 2443 Societas
2094 2378 2492 2458 hujusmodi
2522 2380 2890 2458 obligatio-

424 2501 539 2545 nes
567 2501 724 2546 non
755 2485 1176 2564 susciperet;
1220 2486 1345 2548 sed
1382 2487 1524 2565 illa,
1558 2504 1736 2566 quae
1778 2503 2041 2566 magno
2081 2487 2450 2549 charitatis
2481 2485 2736 2549 affectu
2767 2484 2889 2548 So-

425 2591 756 2653 cietatem
787 2592 855 2653 in
886 2590 1194 2654 Domino
1226 2592 1599 2672 diligebat,
1636 2593 1787 2655 sine
1818 2594 1957 2655 ulla
1989 2593 2419 2672 obligatione
2449 2594 2674 2655 voluit
2712 2601 2789 2655 ut
2819 2593 2889 2655 hi

426 2696 689 2761 reditus
722 2695 1062 2762 Societati
1090 2709 1514 2778 emerentur,
1548 2710 1617 2763 et
1649 2700 1738 2764 ad
1770 2702 2001 2781 ipsum
2023 2701 2400 2780 pecuniam
2421 2699 2497 2764 P.
2525 2701 2891 2781 Baptistae

423 2807 658 2869 statim
689 2807 1097 2869 numeravit
1127 2807 1171 2866 ’.

529 2913 677 2976 218.
770 2914 874 2976 Eo
904 2922 1219 2994 tempore
1251 2914 1538 2994 quidam
1570 2914 2094 2978 Carmelitanus
2124 2916 2585 2978 concionator
2624 2932 2786 2977 cum
2817 2916 2919 2976 in·

421 3022 676 3101 templo
713 3018 955 3083 Sancti
985 3019 1306 3084 Severini
1346 3021 1515 3083 illud
1556 3021 1759 3084 Pauli
1803 3023 2222 3102 explicaret:
2241 3023 2538 3099 fratres
2578 3022 2654 3082 in
2694 3021 2889 3083 Chri-

421 3133 522 3188 sto
551 3128 783 3208 sesu,
814 3128 884 3189 in
929 3125 1355 3190 Societatem
1397 3136 1714 3190 nostram
1755 3129 1891 3191 hac
1933 3129 2310 3191 occasione
2351 3128 2591 3190 invehi
2631 3128 2889 3207 coepit,

419 3235 594 3314 quod
647 3234 950 3297 Parisiis
999 3243 1068 3296 et
1109 3232 1379 3296 Romae
1427 3252 1683 3297 nomen
1731 3235 2164 3318 Jesuitarum
2215 3236 2347 3298 sibi
2396 3243 2887 3314 usurpassent,

419 3344 614 3422 quasi
645 3342 789 3422 ipsi
818 3341 1076 3404 fratres
1104 3349 1340 3403 essent
1368 3341 1500 3403 soli
1533 3341 1605 3403 in
1636 3341 1923 3404 Christo
1954 3340 2154 3423 Jesu,
2189 3352 2258 3405 et
2288 3342 2622 3422 populum
2653 3340 2885 3404 horta-

420 3460 523 3512 tus
558 3460 707 3527 est,
749 3467 838 3511 ne
876 3437 1118 3527 magni
1148 3447 1462 3510 facerent
1499 3447 1687 3510 hunc
1725 3449 2039 3526 titulum,
2087 3466 2248 3511 cum
2293 3447 2671 3528 aliquando
2708 3448 2892 3510 liber

421 3559 817 3636 speciosum
847 3555 1103 3618 habeat
1132 3556 1431 3632 titulum,
1465 3555 1585 3634 qui
1617 3556 1913 3618 interius
1943 3556 2118 3618 nihil
2139 3556 2307 3617 boni
2330 3554 2613 3634 habeat;
2647 3555 2891 3634 itaque

419 3675 486 3726 ut
523 3671 904 3738 caverent,
948 3662 1130 3724 sicut
1168 3660 1751 3725 Salmanticensis
1803 3663 1920 3726 ille
1959 3663 2453 3741 concionator,
2499 3661 2887 3737 auditoreS,

420 3901 556 3951 idem.
576 3902 768 3945 eadem
788 3902 868 3945 die
890 3901 1034 3945 Patri
1056 3901 1337 3945 Paschasio
1356 3900 1533 3954 Broet‚
1556 3902 1616 3944 de
1639 3901 2103 3946 eodem.-Similes
2125 3903 2186 3945 de
2211 3903 2437 3946 transitu
2460 3913 2550 3945 seu
2571 3907 2739 3945 morte
2763 3900 2889 3944 Cor-

421 3973 527 4016 nelii
547 3973 767 4017 litterae
788 3973 840 4015 in
860 3983 1034 4016 omnes
1055 3972 1164 4015 sere
1185 3972 1464 4016 societatis
1485 3973 1662 4017 domos
1685 3974 1877 4018 missae
1899 3974 1996 4017 hoc
2019 3980 2250 4028 tempore
2270 3980 2409 4017 sunt.

492 4044 507 4075 ¹
563 4043 808 4098 Ignatius
826 4042 1010 4095 Joanni
1029 4043 1299 4098 Baptistae
1316 4043 1489 4097 Viola,
1510 4050 1755 4099 patentes
1773 4046 2001 4098 litterae,
2021 4047 2205 4100 quibus
2222 4058 2338 4090 eum
2358 4051 2650 4089 nostrorum
2670 4044 2890 4089 Parisiis

418 4115 712 4168 degentium
738 4113 1016 4158 Rectorem
1049 4116 1335 4166 constituit.
1371 4116 1398 4159 9
1430 4115 1569 4160 Maii.
1607 4116 1880 4170 Polancus,
1918 4128 1984 4159 ex
2018 4118 2411 4169 commissione,
2443 4117 2624 4166 eidem.
2644 4117 2889 4160 Rectoris

418 4197 607 4239 nomen,
629 4187 676 4230 si
695 4186 834 4229 maie
864 4185 1078 4230 Parisiis
1099 4187 1276 4231 audiat
1294 4220 1305 4240 ,
1335 4187 1387 4231 in
1416 4188 1614 4232 Prioris
1643 4193 1735 4232 aut
1770 4189 2034 4242 quodlibet
2068 4189 2225 4242 aliud,
2261 4189 2395 4243 quod
2429 4189 2596 4242 magis
2628 4187 2886 4242 Episcopo

418 4257 821 4302 Clas-amuntano
840 4257 1088 4310 arrideat,
1112 4259 1304 4302 mutari
1326 4270 1493 4313 posse,
1516 4260 1543 4301 9
1562 4258 1683 4302 Maii
1709 4264 1760 4302 et
1780 4261 1828 4302 11
1851 4260 2094 4313 Augusti.

491 4329 512 4360 ¹
568 4329 846 4380 Polancus,
867 4339 933 4370 ex
954 4329 1347 4381 commissione,
1368 4329 1687 4372 Domicellae
1709 4329 1771 4372 de
1795 4330 1987 4384 Aquila
2008 4330 2061 4384 (d
2090 4331 2144 4374 la
2176 4331 2241 4374 de
2271 4331 2513 4390 acuilla),
2542 4338 2599 4374 ut
2628 4329 2879 4374 Societati

418 4399 533 4443 fidat
553 4412 649 4443 nec
672 4399 736 4442 de
758 4405 981 4453 quatuor
999 4411 1303 4455 unoquoque
1322 4412 1457 4444 anno
1478 4402 1801 4445 celebrandis
1816 4401 1987 4446 Missis
2003 4402 2213 4446 nimium
2229 4404 2297 4447 sit
2314 4404 2552 4452 sollicita,
2573 4404 2617 4444 11
2638 4403 2882 4456 Augusti.

419 4469 644 4518 leutius
659 4470 979 4515 Domicellae
994 4471 1055 4514 de
1075 4472 1348 4516 Acheville
1364 4504 1374 4525 ,
1397 4473 1445 4515 ei
1460 4471 1663 4526 gratias
1679 4484 1841 4526 agens
1853 4506 1863 4521 .
1879 4480 1977 4518 etc.
1993 4506 2004 4526 ,
2019 4486 2191 4518 mense
2209 4475 2438 4520 Octobri.
2452 4497 2503 4506 —
2518 4473 2709 4517 Nullibi
2730 4475 2883 4529 alias,

418 4552 500 4592 nc..
531 4553 628 4585 nec
662 4543 731 4585 ab
765 4540 1047 4588 orlandini.
1082 4553 1175 4586 nec
1209 4553 1241 4585 a
1275 4541 1429 4595 Prat,
1465 4553 1556 4585 nec
1591 4553 1623 4585 a
1659 4542 1918 4600 Carayon,
1955 4551 2072 4598 etc.,
2109 4546 2260 4601 hujus
2290 4545 2541 4589 Dominae
2574 4545 2884 4589 mentionem

418 4614 606 4658 factam
640 4613 953 4667 reperimus:
988 4613 1118 4656 unde
1153 4614 1336 4658 incerti
1384 4625 1556 4657 sumus
1586 4625 1652 4657 an
1686 4616 1754 4658 sit
1788 4617 2113 4661 scribendum
2148 4617 2551 4661 Mademoiselte
2586 4617 2651 4661 de
2684 4618 2884 4671 l'aigle,

420 4685 629 4739 Aquita,
660 4691 719 4728 ut
748 4681 997 4737 in‘textu,
1033 4697 1099 4728 an
1131 4687 1197 4729 de
1229 4684 1512 4737 vaigume,
1545 4686 1768 4738 Acuilla,
1804 4699 1871 4731 an
1907 4700 2033 4732 vero
2067 4690 2364 4739 Αεὴευίὶιε,
2400 4698 2454 4733 ut
2486 4691 2535 4733 in
2571 4690 2886 4733 litterarum>

421 4756 645 4810 Regeseo
666 4755 848 4800 scribit
876 4752 1146 4800 Polaticus.
2548 4752 2552 4756 ’
