3679 5414
1641 507 1768 566 AN.
1822 506 1964 566 1552
2930 506 3044 565 487

559 664 708 717 tum
746 651 823 716 P.
868 652 1199 716 Andreas
1242 652 1539 715 Frusius
1589 654 1853 733 populo
1903 653 2368 731 declarasset,
2423 663 2491 716 et
2542 653 2825 734 quidem
2875 671 3039 716 cum

561 778 823 841 magna
855 760 1293 823 audientium
1324 759 1845 837 aedificatione,
1882 760 2231 825 Dominus
2272 760 2479 824 Prior
2516 761 2590 823 in
2628 761 3040 824 earumdem

561 869 969 933 scholarum
999 886 1205 931 usum
1236 877 1305 930 et
1334 876 1742 932 nostrorum
1772 869 1988 932 etiam
2017 869 2528 933 habitationem
2557 885 2716 932 eam
2759 878 3039 948 partem

562 977 814 1041 domus
844 975 1056 1056 dedit,
1092 994 1305 1056 quam
1334 976 1505 1039 dare
1536 978 2006 1041 constituerat
2029 995 2114 1039 ac
2144 978 2590 1057 promiserat.

588 1160 592 1165 ,
687 1084 822 1148 170.
912 1083 1102 1147 Misit
1139 1094 1513 1165 praeterea
1551 1084 1854 1147 Romam
1893 1084 1970 1146 P.
2012 1085 2308 1148 Frusius
2354 1086 2640 1164 regulas
2689 1084 3034 1164 quasdam

561 1193 940 1256 hebraicae
990 1194 1310 1272 linguae,
1354 1209 1535 1273 quas
1577 1210 1822 1255 earum
1848 1192 2211 1273 professor
2250 1194 2340 1255 ab
2391 1211 2475 1255 eo
2517 1193 3029 1272 postulaverat.

562 1300 885 1364 Confecit
934 1310 1004 1363 et
1054 1301 1204 1381 ipse
1256 1300 1328 1362 in
1378 1300 1970 1363 scholasticorum
2007 1309 2463 1364 externorum
2498 1317 2706 1363 usum
2744 1301 3032 1379 regulas

562 1407 937 1488 quasdam,
975 1426 1156 1489 quae
1186 1407 1583 1487 perutiliter
1611 1408 1717 1469 eis
1748 1408 2156 1487 propositae
2199 1407 2515 1487 fuerunt,
2559 1425 2720 1470 cum
2757 1407 2849 1470 ad
2891 1407 3031 1487 pie-

560 1525 778 1578 tatem
809 1535 893 1578 ac
933 1514 1351 1578 modestiam
1382 1524 1450 1577 et
1481 1514 1570 1577 ad
1602 1514 1835 1577 studia
1862 1516 2038 1595 ipsa,
2066 1515 2317 1595 quibus
2340 1515 2718 1592 vacabant,
2754 1532 3028 1595 promo·

568 1624 803 1687 venda
833 1633 1068 1686 essent
1098 1621 1705 1685 accommodatae.

688 1730 821 1793 171.
909 1729 1087 1793 Cum
1116 1738 1354 1791 autem
1382 1729 1631 1809 primis
1661 1729 1876 1792 etiam
1905 1729 2264 1792 mensibus
2293 1728 2501 1808 hujus
2530 1729 2699 1791 anni
2738 1746 3031 1808 operam

562 1839 638 1901 P.
674 1837 1009 1900 Andreae
1049 1837 1452 1900 Galvanelli
1481 1853 1568 1898 ac
1592 1836 1917 1915 magistri
1945 1836 2184 1899 Fulvii
2213 1836 2503 1899 Carduli
2533 1836 2764 1915 magis
2794 1836 3025 1898 Bono-

557 1946 750 2019 niae,
807 1962 1020 2024 quam
1071 1943 1394 2006 Venetiis
1446 1960 1602 2005 esse
1651 1943 2133 2005 necessariam
2183 1943 2643 2021 intelligeret,
2701 1943 3030 2023 quamvis

560 2050 634 2114 P.
692 2052 1012 2129 Ignatius
1058 2050 1338 2129 ipsimet
1382 2050 1458 2112 P.
1506 2049 1761 2113 Frusio
1793 2049 2365 2112 constituendum
2395 2050 2531 2112 hoc
2575 2049 3026 2128 relinqueret,

563 2177 687 2222 eos
717 2168 956 2221 tamen
986 2157 1377 2220 Bononiam
1409 2157 1599 2220 misit
1632 2154 1672 2219 ¹.

687 2266 818 2329 172.
908 2265 1157 2328 Patres
1186 2265 1475 2344 Laynez
1506 2273 1573 2327 et
1596 2261 1965 2327 Salmeron
1989 2281 2077 2326 ex
2103 2264 2422 2327 Concilio
2443 2264 2503 2326 T
2509 2263 2879 2342 ridentinO,
2908 2263 3024 2326 ubi

557 2375 773 2436 etiam
802 2382 968 2435 tunc
998 2372 1491 2449 versabantur,
1526 2372 1867 2433 miserunt
1897 2370 1987 2432 ad
2014 2369 2092 2431 Ρ.
2121 2370 2479 2433 Andream
2507 2371 2839 2433 Frusium
2868 2388 3024 2450 par·

558 2489 699 2543 tem
730 2479 1112 2560 quamdam
1140 2479 1301 2541 libri
1329 2478 1644 2541 Philonis
1665 2477 1927 2556 judaei,
1961 2478 2078 2539 ubi
2109 2478 2195 2540 de
2226 2479 2454 2557 primo
2493 2478 2813 2541 instituto
2845 2479 3025 2541 chri-

557 2588 951 2650 stianorum
980 2595 1049 2649 et
1079 2587 1165 2648 de
1196 2586 1351 2647 aliis
1382 2585 1648 2663 multiS‚
1683 2603 1866 2664 quae
1898 2593 2146 2647 contra
2188 2587 2599 2649 lutheranos
2632 2585 3030 2649 catholicae

556 2694 921 2757 doctrinae
950 2693 1319 2769 favebant,
1355 2691 1617 2754 mentio
1650 2691 1892 2770 fiebat,
1937 2692 2106 2755 etin
2147 2712 2543 2757 sermonem
2573 2694 2901 2774 latinum,
2950 2703 3026 2757 ut

563 2803 977 2880 rogabatur,
1012 2817 1190 2879 opus
1221 2800 1391 2863 illud
1421 2800 1657 2863 vertit.

685 2907 815 2970 173.
905 2908 1200 2971 Curavit
1230 2916 1305 2970 ut
1334 2926 1423 2970 ex
1455 2906 1923 2986 quorumdam
1952 2893 2276 2971 manibus
2303 2909 2465 2972 libri
2503 2909 3028 2973 haereticorum

558 3025 679 3078 aut
710 3015 1018 3095 suspecti
1048 3015 1138 3078 ad
1169 3033 1243 3077 se
1275 3015 1629 3078 ferrentur
1657 3064 1670 3093 ,
1705 3033 1794 3077 ne
1825 3025 2163 3078 nocerent
2193 3016 2296 3078 eis
2328 3034 2506 3096 quos
2544 3035 2761 3097 penes
2793 3027 3022 3096 erant;

555 3122 792 3185 multis
822 3122 1036 3184 etiam
1058 3122 1639 3201 restitutionibuS,
1670 3139 1851 3201 quae
1874 3122 2278 3185 necessario
2302 3122 2668 3186 faciendae
2693 3123 3022 3186 videban-

553 3237 667 3298 tur
697 3246 944 3291 curam
976 3229 1335 3308 impendit;
1373 3238 1443 3290 et
1467 3229 1793 3308 quamvis
1817 3229 1993 3291 satis
2017 3229 2577 3309 circumspectus
2600 3239 2784 3292 esset
2810 3231 2881 3292 in
2906 3230 3025 3292 ad-

555 3335 915 3398 mittendis
945 3335 1036 3397 ad
1067 3334 1497 3397 Societatem
1536 3335 1678 3413 his,
1723 3335 1839 3415 qui
1880 3335 1950 3398 id
1990 3337 2476 3415 postulabant,
2522 3337 2745 3399 voluit
2785 3344 3025 3399 tamen

554 3441 630 3505 P.
666 3442 983 3521 Ignatius
1013 3459 1088 3504 se
1121 3441 1394 3504 consuli
1416 3451 1796 3521 antequam
1820 3441 2378 3505 admitterentur.

682 3548 813 3611 174.
902 3549 1143 3611 Mense
1172 3549 1357 3630 Julio
1388 3548 1709 3627 Angelus
1748 3547 2125 3627 SurianuS,
2171 3550 2290 3629 qui
2321 3547 2389 3611 V
2393 3550 2665 3612 enetias
2699 3558 3022 3626 venerat,

555 3655 644 3717 ad
674 3643 931 3718 fratres
963 3655 1351 3718 secundum
1382 3673 1671 3718 carnem
1700 3657 2145 3732 salutandOS,
2181 3673 2341 3718 cum
2374 3656 2730 3719 Viennam
2773 3656 2863 3719 ad
2893 3655 3021 3719 Re—

552 3780 714 3836 gem
763 3762 1250 3825 Romanorum
1301 3763 1689 3843 profecturi
1729 3772 1994 3841 essent,
2040 3764 2203 3843 quia
2242 3773 2414 3826 natu
2453 3763 2809 3826 maximus
2851 3781 3030 3826 suae

550 3868 1003 3949 Reipublicae
1056 3871 1337 3947 legatus
1386 3869 1663 3932 futurus
1714 3881 1889 3945 erat,
1946 3870 2080 3933 illis
2110 3871 2622 3948 recedentibuS,
2659 3871 2899 3932 statim
2951 3871 3020 3933 in

552 3977 896 4055 morbum,
934 3996 974 4038 a
1009 3995 1147 4056 quo
1178 3986 1559 4056 utcumque
1593 3977 2079 4053 convaluerat,
2111 3978 2387 4050 recidit,
2415 3996 2546 4040 nec
2571 3977 3027 4040 commodum

553 4082 681 4145 fuit
711 4094 830 4147 aut
860 4083 1234 4146 Patavium
1267 4084 1356 4146 ad
1386 4092 1699 4162 nostrOS,
1733 4094 1858 4147 aut
1899 4085 1989 4147 ad
2031 4084 2424 4164 Collegium
2453 4083 2806 4147 Venetum
2860 4101 3026 4147 eum·

550 4189 924 4268 deducere,
958 4209 1046 4253 ne
1076 4191 1324 4253 mortis
1355 4201 1630 4270 tempus
1660 4201 2117 4270 praevertere
2152 4192 2269 4272 qui
2300 4208 2460 4253 eum
2490 4193 2647 4254 loco
2679 4191 3019 4254 movisset

554 4296 934 4375 videretur;
968 4307 1035 4360 et
1066 4306 1212 4359 tam
1242 4297 1537 4360 feliciter
1570 4297 1657 4360 ad
1688 4297 2073 4360 Dominum
2105 4299 2475 4377 migravit,
2510 4315 2670 4361 cum
2702 4299 2765 4360 ei
2795 4298 3018 4360 nostri

631 4535 647 4566 ¹
707 4533 975 4589 Polaticus,
1011 4548 1076 4579 ex
1110 4548 1259 4588 com„
1292 4536 1533 4580 Andreae
1567 4536 1766 4588 Frusio,
1798 4543 1856 4580 ut
1893 4536 2133 4580 Fulvium
2164 4535 2462 4588 Cardulum‚
2492 4538 2542 4580 ni
2575 4543 2828 4592 repugnet
2849 4537 3028 4591 Prior„

550 4602 871 4649 Florentiam
891 4609 1267 4662 quamprimum
1287 4609 1486 4660 mittan
1506 4610 1648 4662 prius
1672 4615 1844 4651 tamen
1859 4641 1869 4661 ,
1892 4610 1932 4650 si
1956 4608 2064 4662 ipse
2090 4607 2306 4651 Fulvius
2327 4608 2376 4651 id
2399 4609 2599 4663 cupiat,
2621 4621 2737 4652 eum
2757 4609 2822 4652 ad
2843 4620 3019 4652 sacer—

548 4676 744 4721 dotium
765 4681 1170 4732 promovendum
1190 4688 1351 4731 curet,
1375 4681 1403 4722 9
1423 4686 1474 4723 et
1496 4681 1549 4722 ¹23
1567 4679 1816 4732 Januarii.
1841 4678 2020 4723 Eidem
2045 4689 2098 4723 ut
2130 4681 2179 4722 in
2212 4681 2364 4723 rebus
2392 4680 2611 4735 alicujus
2631 4681 2872 4724 momenti
2902 4692 3026 4723 cons

550 4746 664 4790 silio
686 4755 866 4791 utatur
887 4749 1128 4792 Andreae
1150 4750 1466 4793 Galvanelli.
