3679 5414
686 487 789 546 122
1593 487 1850 548 Cimon.
1901 486 2056 547 Soc.
2097 489 2236 562 JEs.

572 706 580 715 ¹
683 633 1040 697 exercitiis
1069 644 1548 713 versarentur,
1581 645 1884 715 quorum
1907 629 2280 714 'egressum
2313 636 2432 698 alii
2461 636 2908 716 spectabant3
2952 647 3022 700 et
3053 637 3152 700 ita

682 742 963 821 plurimi
991 742 1128 804 hac
1156 742 1430 805 ratione
1458 740 1952 822 proficiebant,
1988 752 2056 805 et
2086 743 2177 805 ad
2199 738 2577 806 Societatis
2607 743 3002 807 institutum
3031 742 3149 806 alii

681 858 891 929 atque
922 848 1040 910 alii
1071 848 1550 929 adspirabant,
1585 857 1653 911 et
1684 849 1774 911 ad
1805 849 1984 911 alias
2013 850 2226 912 etiam
2258 850 2638 930 religiones
2679 850 2993 913 animum
3024 851 3149 913 ali·

683 954 802 1034 qui
830 945 1278 1035 adjiciebant.
1313 955 1493 1018 Tam
1521 963 1758 1018 autem
1786 956 2194 1019 scholastici
2219 974 2430 1036 quam
2458 958 2868 1037 populareS,
2903 969 2971 1021 et
2995 966 3141 1021 tarn

683 1062 822 1125 viri
852 1062 1063 1141 docti,
1097 1061 1349 1142 quibus
1380 1062 1693 1125 abundat
1721 1081 1805 1125 ea
1831 1063 2304 1140 UniversitaS,
2332 1080 2544 1143 quam
2567 1064 2841 1143 reliqui,
2871 1066 3150 1127 concio·

682 1186 809 1231 nes
839 1168 914 1231 P.
948 1168 1007 1231 F
1009 1170 1318 1232 rancisci
1348 1167 1611 1232 Strada
1653 1180 2062 1249 sequenteS‚
2097 1170 2468 1250 egregium
2510 1187 2804 1248 prorsus
2844 1171 3154 1234 fructum

682 1274 952 1356 exejus
981 1276 1117 1356 piis
1144 1277 1508 1339 laboribus
1546 1276 2028 1357 reportabant.

800 1382 941 1445 289.
1029 1384 1220 1447 Inter
1259 1384 1436 1446 alios
1479 1401 1719 1447 mense
1772 1384 2031 1447 Martio
2076 1384 2215 1447 duo
2259 1383 2681 1449 Sacerdotes
2731 1395 2801 1449 et
2845 1387 2964 1449 alii
3008 1396 3151 1449 tres

685 1490 1113 1569 scholastici,
1147 1508 1238 1554 ex
1267 1491 1520 1571 quibus
1550 1490 1689 1554 duo
1719 1492 2028 1571 promoti
2057 1492 2148 1554 ad
2177 1492 2446 1570 gradus
2474 1501 2699 1572 erant,
2736 1492 2826 1556 ad
2856 1493 3154 1556 consilia

685 1595 951 1660 Christi
980 1598 1322 1660 sectanda
1351 1608 1422 1660 et
1451 1598 1737 1678 quidem
1766 1598 1837 1660 in
1870 1597 2225 1661 Societate
2256 1609 2504 1662 nostra
2533 1598 2784 1678 maj0ri
2824 1618 2913 1662 ex
2942 1608 3146 1679 parte

686 1704 1225 1784 constituerunt;
1253 1714 1322 1767 et
1344 1714 1489 1768 tres
1513 1705 1805 1769 admissi
1834 1715 2018 1768 sunt.
2048 1705 2351 1769 Demum
2376 1707 2595 1769 multo
2620 1707 2975 1787 copiosior
2998 1716 3152 1769 erat

683 1812 956 1891 messiS,
992 1829 1205 1892 quam
1249 1822 1324 1875 ut
1362 1813 1427 1875 ei
1467 1814 1907 1892 colligendae
1954 1816 2261 1893 operarii
2308 1815 2533 1876 nostri
2583 1813 3002 1876 sufficerent.
3051 1813 3142 1877 Et

685 1935 846 1981 cum
876 1917 965 1981 ex
995 1919 1312 1997 trilingui
1342 1918 1658 1999 Collegio
1688 1930 1756 1983 et
1785 1938 1877 1983 ex
1915 1921 2104 1997 aliis,
2148 1922 2266 2000 qui
2314 1922 2600 1998 ingenio
2639 1938 2812 2000 prae
2852 1921 3158 1983 caeteris

685 2025 1068 2105 pollebant,
1105 2035 1251 2089 tam
1279 2026 1682 2106 frequentes
1722 2028 1793 2089 in
1834 2027 1986 2089 dies
2024 2028 2112 2090 ad
2144 2027 2571 2091 Societatem
2602 2028 3050 2107 adspirarent
3081 2037 3148 2090 et

687 2133 760 2194 in
790 2150 872 2195 ea
913 2133 1485 2211 admitterentur,
1531 2151 1674 2196 non
1717 2130 2069 2227 immerito
2113 2135 2331 2214 aliqui
2370 2134 3015 2197 admirabantur-et
3060 2134 3157 2196 di·

691 2239 945 2303 cebant
974 2257 1127 2319 nos,
1162 2241 1368 2320 quasi
1399 2240 1638 2303 habito
1670 2241 1969 2317 delectu,
2006 2241 2248 2304 florem
2284 2241 2782 2304 Universitatis
2824 2242 2894 2303 in
2924 2239 3156 2304 Socie-

689 2356 906 2410 tatem
936 2348 1328 2410 admittere.
1365 2347 1451 2410 Et
1481 2348 1712 2427 magis
1742 2349 1980 2411 mirati
2010 2361 2276 2425 essent,
2311 2350 2372 2410 si
2403 2349 2914 2411 intellexissent
2943 2365 3158 2428 quam

688 2455 979 2517 minimo
1010 2456 1123 2517 vel
1152 2455 1344 2518 nullo
1375 2456 1608 2534 potius
1637 2456 1925 2534 negotio
1948 2468 2196 2518 nostro
2221 2455 2311 2517 ad
2332 2453 2761 2518 Societatem
2785 2454 2979 2517 Deus
3004 2455 3161 2517 illos

695 2571 1047 2625 vocasset.
1082 2560 1286 2625 Duos
1313 2562 1683 2640 theologos
1720 2560 2226 2625 Salmanticam
2269 2564 2577 2637 mittere,
2623 2563 2801 2624 alios
2841 2560 3159 2624 dividere

696 2668 1168 2733 constituebat
1198 2668 1275 2733 P.
1308 2668 1725 2749 Villanova‚
1762 2669 1990 2733 donec
2030 2668 2183 2732 Deo
2223 2671 2535 2749 placeret
2578 2668 2664 2732 de
2703 2669 2912 2732 domo
2957 2677 3026 2732 et
3075 2668 3161 2731 de

685 2776 900 2839 rebus
950 2777 1376 2840 necessariis
1425 2777 1697 2856 largius
1746 2776 2083 2841 Societati
2134 2786 2420 2839 nostrae
2470 2776 2954 2856 Complutensi
2995 2793 3160 2856 pro·

690 2879 956 2945 videre.

790 2987 942 3053 290.
1029 2988 1172 3052 Sub
1202 2990 1413 3053 finem
1437 2991 1606 3072 Julii
1638 2991 2000 3070 profectus
2031 3002 2135 3052 est
2168 2990 2534 3054 Concham
2557 2989 2633 3052 P.
2661 2990 3047 3052 Villanova
3071 2998 3146 3051 ut

685 3114 848 3159 cum
876 3096 1193 3160 Doctore
1221 3096 1553 3176 Vergara
1592 3096 1946 3160 Gandiam
1986 3115 2062 3160 se
2100 3093 2485 3174 conferret3
2531 3096 2648 3160 ubi
2690 3095 2962 3160 Doctor
3005 3096 3143 3174 ille,

683 3206 803 3284 qui
843 3214 912 3267 et
950 3205 1341 3267 canonicus
1379 3213 1450 3267 et
1489 3206 1951 3268 concionator
1994 3214 2148 3268 erat
2187 3205 2535 3268 ecclesiae
2578 3204 3031 3283 conchensiS,
3077 3213 3156 3265 ut

681 3311 849 3374 alibi
877 3311 1142 3374 dictum
1173 3320 1300 3389 est,
1336 3311 1408 3373 in
1438 3310 1932 3387 Provincialis,
1968 3309 2202 3374 Patris
2232 3311 2504 3389 Araoz,
2539 3311 2865 3373 manibus
2895 3309 3147 3373 delibe-

684 3418 1032 3500 rationem
1061 3418 1172 3480 sui
1202 3426 1429 3481 status
1458 3418 1855 3498 relinquere
1886 3419 2377 3494 constituerat;
2421 3417 2788 3480 dubitabat
2829 3417 3016 3479 enim
3059 3434 3153 3479 an

689 3524 1077 3603 expediret,
1106 3525 1435 3588 omnibus
1456 3525 1743 3604 relictis,
1773 3524 1927 3587 Deo
1955 3526 2026 3586 in
2049 3523 2404 3588 Societate
2427 3525 2721 3598 servire,
2749 3541 2842 3586 an
2863 3523 3159 3586 retentis

686 3631 835 3693 suis
863 3631 1205 3694 reditibus
1234 3632 1422 3695 mille
1451 3641 1520 3694 et
1549 3641 2052 3694 sexcentorum
2093 3632 2547 3709 ducatorum,
2584 3631 2880 3709 Collegii
2918 3627 3153 3692 Socie-

688 3738 856 3800 tatis
899 3740 1403 3818 complutensis
1441 3740 2032 3801 sustentationem
2070 3756 2154 3800 ac
2193 3738 2628 3801 dotationem
2658 3736 2943 3817 juvare,
2987 3753 3156 3799 nam

689 3844 858 3907 illud
887 3844 1268 3908 multorum
1307 3846 1795 3924 operariorum
1839 3846 2304 3908 seminarium
2341 3845 2652 3908 futurum
2691 3845 2977 3907 omnino
3017 3844 3158 3905 exi·

689 3951 1023 4014 stimabat
1058 3950 1095 4013 ¹.

808 4058 948 4120 291.
1036 4058 1385 4136 Quamvis
1434 4058 1673 4121 domui
1723 4058 2206 4137 Complutensi
2255 4059 2553 4139 perutile
2592 4057 2746 4120 fore
2788 4057 3159 4120 videbatur

689 4167 1029 4229 sacellum
1056 4165 1146 4227 ad
1169 4164 1635 4229 Sacramenta
1667 4166 2235 4229 administranda
2266 4176 2336 4228 et
2364 4165 2624 4228 Missae
2655 4164 2960 4228 officium
2988 4164 3159 4226 cele·

689 4273 1038 4336 brandum
1063 4272 1345 4351 habere,
1376 4273 1602 4336 donec
1624 4272 2008 4336 facultates
2022 4272 2399 4336 Societatis
2422 4273 2866 4336 authenticas
2889 4272 3162 4350 accipe-

687 4388 863 4460 rent,
896 4390 973 4444 ut
1002 4380 1217 4442 etiam
1246 4379 1319 4441 in
1349 4379 1503 4442 foro
1534 4381 1879 4443 exteriori
1909 4379 2118 4443 fidem
2146 4380 2383 4443 facere
2413 4389 2725 4459 possent,
2760 4395 2911 4440 rem
2942 4377 3156 4439 distu-

690 4488 944 4550 lerunt.
1706 4487 1711 4492 ’

772 4657 789 4689 ¹
850 4655 1117 4708 Polancus,
1140 4665 1205 4698 ex
1224 4655 1618 4706 commissione,
1637 4654 1850 4699 Doctori
1874 4656 2140 4709 Alphonso
2161 4655 2221 4696 de
2244 4654 2484 4708 Vergara
2502 4687 2512 4706 ,
2535 4654 2596 4697 de
2619 4652 2851 4696 domibus
2874 4649 3159 4716 Conqhensi

694 4733 747 4777 et
769 4726 1134 4780 Complutensi.
1156 4727 1176 4769 1
1211 4722 1529 4772 Decembris.
