3679 5414
1654 404 1782 463 AN.
1837 403 1976 462 1552
2935 403 3044 461 575

569 549 1088 612 confessionem
1136 557 1206 611 et
1255 550 1821 612 communionem
1869 549 2184 611 crebrius
2232 549 2606 625 accedere,
2650 557 2720 611 et
2787 548 3041 611 horum

570 673 907 719 numerus
937 656 1279 745 paulatim
1316 655 1741 735 augebatur;
1800 655 1925 718 sed
1964 654 2289 718 invidens
2325 654 2490 717 huic
2529 670 2775 718 eorum
2806 654 3031 733 prose·

570 764 715 826 ctui
743 763 1066 827 diabolus
1095 761 1325 826 effecit
1355 772 1430 824 ut
1460 763 1583 826 alii
1604 764 1706 824 eis
1736 762 2126 825 familiares
2149 772 2297 825 tam
2320 760 2560 824 multis
2585 761 3039 824 irrisionibus

569 879 638 934 et
668 871 1014 933 conviciis
1041 870 1173 933 hos
1193 868 1493 949 juvenes
1522 871 1983 948 exagitarent
2001 888 2085 932 eo
2116 869 2304 949 quod
2344 886 2508 932 cum
2545 868 2809 931 nostris
2838 867 3038 932 sami-

571 978 838 1040 liariter
870 986 1168 1056 agerent
1188 1024 1205 1055 ,
1237 987 1317 1040 ut
1347 993 1783 1055 magnopere
1814 995 2061 1040 eorum
2091 993 2384 1039 cursum
2421 975 2495 1038 in
2531 975 2794 1055 pietate
2822 984 3040 1038 retar-

571 1085 845 1148 darent.
899 1084 1207 1163 Magnus
1246 1092 1485 1147 tamen
1520 1083 1794 1146 fructus
1845 1084 1917 1146 in
1956 1083 2292 1146 horreum
2319 1082 2608 1146 Domini
2635 1100 2762 1162 per
2808 1080 3041 1160 huJus-

571 1192 762 1254 modi
791 1191 1278 1254 confessiones
1307 1190 1764 1254 inferebatur.

687 1298 827 1361 375.
915 1297 1263 1361 Redibant
1298 1315 1392 1361 ex
1426 1297 1749 1376 Ungaria
1791 1298 2050 1360 milites
2097 1298 2248 1360 itali
2288 1298 2718 1377 complureS,
2769 1298 3037 1377 partim

571 1406 866 1483 morbiS,
920 1405 1184 1486 partim
1232 1405 1643 1468 vulneribus
1698 1406 2017 1484 graviter
2075 1403 2342 1480 affecti,
2405 1405 2531 1469 sed
2585 1413 3042 1485 peccatorum

571 1512 731 1575 tabe
770 1514 1003 1592 magis
1056 1512 1288 1576 adhuc
1325 1512 1661 1590 consecti,
1708 1530 1872 1576 cum
1915 1529 2162 1575 eorum
2190 1512 2390 1576 multi
2423 1511 2572 1592 jam
2600 1531 2642 1575 a
2672 1512 3042 1591 compluri-

567 1620 699 1682 bus
753 1621 959 1683 annis
1017 1619 1202 1683 hanc
1257 1620 1617 1682 sarcinam
1666 1616 2126 1699 peccatorum
2175 1637 2319 1683 non
2367 1618 2883 1699 deposuissent.
2949 1618 3043 1681 Hi

570 1743 743 1804 ergo
774 1737 1025 1790 sancto
1054 1726 1525 1790 confessionis
1556 1726 1944 1804 pharmaco
1978 1726 2066 1788 ab
2097 1726 2419 1789 interiori
2457 1725 2705 1789 morbo
2751 1725 3043 1806 diligen·

572 1843 676 1895 ter
717 1834 945 1896 curati
988 1833 1301 1911 fuerunt,
1356 1841 1426 1896 et
1469 1834 1670 1895 multi
1715 1842 1787 1895 ut
1829 1833 2257 1895 christianos
2297 1832 2535 1895 decuit
2585 1849 2674 1895 ex
2713 1833 2851 1895 hac
2892 1834 3044 1895 vita

571 1941 1049 2003 decesserunt.
1093 1940 1168 2004 P.
1214 1948 1452 2003 autem
1493 1939 1831 2003 Nicolaus
1873 1940 2213 2019 Lanoyus
2255 1939 2692 2018 singularem
2735 1939 3041 2002 infirmo-

573 2065 732 2110 rum
789 2048 860 2110 in
916 2048 1250 2128 hospitali
1310 2047 1879 2110 decumbentium
1938 2063 2185 2109 curam
2232 2045 2559 2125 gerebat,
2615 2055 2685 2109 et
2735 2047 3041 2109 aliorum

568 2172 845 2235 quoque
882 2166 1277 2235 pauperum
1327 2154 1485 2218 aliis
1528 2155 1599 2217 in
1640 2154 1818 2217 locis
1862 2154 2186 2217 Viennae
2228 2153 2851 2230 commorantium,
2896 2155 3041 2234 qui·

576 2261 708 2323 bus
762 2270 1138 2341 paternum
1193 2277 1488 2340 prorsus
1547 2262 1861 2323 animum
1918 2259 2329 2339 exhibebat3
2387 2276 2518 2322 nec
2576 2260 2764 2323 enim
2815 2261 3046 2323 solum

569 2386 749 2448 quae
781 2367 872 2431 ad
903 2370 1207 2431 salutem
1234 2365 1513 2431 anima'e
1545 2368 1992 2447 pertinebant
2031 2367 2363 2445 curabat,
2406 2366 2533 2429 sed
2562 2375 2631 2429 et
2662 2384 3042 2447 corporum

568 2491 814 2537 curam
856 2474 1137 2553 agebat.
1178 2474 1267 2538 Et
1305 2474 1515 2537 valde
1560 2472 1710 2553 ejus
1751 2483 1820 2537 et
1864 2474 2166 2537 aliorum
2208 2492 2299 2537 ex
2338 2473 2601 2537 nostris
2647 2474 2876 2554 pietas
2907 2474 3043 2538 illis

568 2582 988 2661 praesertim
1019 2581 1358 2645 militibus
1390 2581 1462 2643 in
1492 2581 1670 2643 locis
1701 2579 1848 2660 jam
1889 2580 2097 2643 dictis
2134 2580 2540 2643 necessaria
2578 2588 2767 2657 erat;
2802 2598 3042 2661 quam-

569 2688 682 2752 vis
708 2689 893 2752 enim
925 2705 1172 2753 eorum
1200 2687 1513 2763 nuditas,
1557 2686 1780 2751 fames
1819 2697 1889 2751 et
1928 2687 2219 2751 morbus
2256 2687 2579 2752 homines
2619 2687 2711 2752 ad
2756 2690 3039 2752 commi-

566 2797 994 2859 serationem
1051 2797 1366 2859 excitare
1425 2796 1815 2874 debuisset,
1869 2795 2015 2858 fere
2066 2796 2240 2858 nihil
2290 2795 2584 2858 subsidii
2625 2796 2697 2858 in
2741 2814 2826 2858 ea
2865 2796 3039 2859 urbe

478 2925 488 2936 ·
570 2903 1057 2978 inveniebant,
1093 2912 1162 2966 et
1192 2903 1411 2965 laceri
1441 2902 1755 2964 vestibus
1784 2911 1856 2964 et
1894 2901 2131 2964 inedia
2169 2901 2498 2965 exhausti
2537 2910 2821 2982 praeter
2852 2920 3038 2967 mor-

572 3010 739 3073 bum
776 3010 848 3072 in
887 3011 1138 3090 plateis
1187 3009 1443 3072 misere
1494 3009 1962 3089 procumbere
2012 3009 2457 3085 sinebantur,
2514 3017 2616 3086 et,
2662 3025 2824 3071 cum
2873 3027 3045 3090 prae

570 3117 927 3180 debilitate
977 3117 1240 3179 virium
1297 3133 1442 3179 non
1491 3124 1781 3196 possent
1834 3115 2224 3178 consistere
2267 3116 2383 3178 vel
2427 3132 2687 3196 corpus
2730 3133 3041 3197 movere,

573 3225 694 3286 vix
732 3224 1225 3287 inveniebatur
1267 3224 1390 3304 qui
1431 3224 1546 3285 vel
1585 3222 1991 3285 rarissimas
2036 3223 2281 3302 paleas
2324 3240 2536 3303 super
2583 3223 2876 3286 humum
2924 3243 3044 3287 nu·

570 3331 736 3395 dam
764 3332 1266 3395 substerneret.
1304 3330 1556 3393 Merito
1593 3346 1766 3408 ergo
1810 3329 1888 3391 Ρ.
1934 3329 2274 3409 Lanoyus
2315 3340 2387 3393 et
2425 3329 2545 3392 alii
2587 3332 2847 3407 nostri,
2898 3341 3045 3394 tan-

575 3446 720 3501 tam
749 3439 1235 3501 calamitatem
1264 3436 1352 3499 ab
1383 3437 1541 3499 aliis
1570 3453 1716 3512 non
1746 3436 2191 3498 sublevatam
2233 3435 2536 3500 videndo
2555 3486 2570 3516 ‚
2602 3438 2945 3518 putabant
2976 3437 3045 3500 id

575 3545 841 3624 negotii
871 3562 913 3606 a
943 3545 1224 3608 Christo
1254 3543 1390 3607 sibi
1429 3544 1605 3606 dari.
1642 3541 1898 3606 Effecit
1936 3543 2170 3621 itaque
2214 3551 2377 3606 ante
2407 3543 2645 3607 curiae
2686 3561 3045 3607 recessum

575 3662 723 3715 tum
787 3652 973 3731 apud
1030 3651 1672 3732 eleemosynarium
1727 3649 2047 3729 Reginae
2104 3649 2578 3714 Bohemorum
2642 3661 2791 3714 tum
2858 3650 3045 3731 apud

575 3761 752 3823 alios
781 3760 939 3840 pios
968 3759 1289 3822 homines
1327 3770 1403 3822 ut
1444 3759 1613 3836 cibi,
1649 3766 1884 3820 vestes
1928 3766 1997 3820 et
2038 3759 2206 3822 lecti
2248 3758 2361 3821 his
2402 3759 2738 3822 militibus
2776 3768 2847 3822 et
2890 3760 3048 3822 aliis

573 3885 849 3948 quoque
880 3866 1311 3947 pauperibus
1341 3866 2071 3928 subministrarentur.
2106 3864 2402 3929 Constat
2432 3875 2671 3930 autem
2700 3884 2843 3930 non
2870 3884 3037 3947 pau-

575 3993 699 4038 cos
729 3976 803 4038 in
831 3974 1187 4038 suburbiis
1215 3982 1287 4036 et
1319 3972 1477 4036 aliis
1505 3974 1687 4036 locis
1716 3973 2030 4035 civitatis
2059 3971 2326 4052 frigore
2364 3981 2433 4036 et
2478 3973 2638 4036 aliis
2668 3974 3048 4037 incommo-

576 4084 684 4146 dis
737 4082 958 4146 fuisse
1017 4081 1412 4159 confectOS,
1466 4089 1849 4161 antequam
1897 4080 2035 4143 illis
2083 4079 2161 4144 P.
2218 4080 2554 4161 Lanoyus
2610 4081 3043 4159 subveniret,

576 4190 994 4269 praesertim
1026 4198 1404 4269 postquam
1447 4188 1721 4251 cladem
1761 4189 2097 4251 miseram
2134 4188 2376 4266 regius
2418 4189 2775 4252 exercitus
2808 4190 2878 4252 in
2907 4188 3050 4252 Un-

576 4297 780 4374 garia
811 4314 851 4358 a
886 4297 1105 4359 turcis
1143 4297 1439 4377 accepit.
1485 4295 1868 4359 Constituit
1908 4303 2144 4358 autem
2180 4295 2367 4359 idem
2396 4295 2609 4359 Pater
2656 4296 2930 4376 aliquos
2959 4314 3051 4360 ex

577 4403 944 4480 fratribuS,
981 4405 1102 4482 qui
1131 4403 1427 4466 subinde
1458 4402 1756 4466 miseros
1785 4402 1917 4465 hos
1945 4401 2269 4465 homines
2299 4403 2689 4466 inviserent
2718 4413 2788 4466 et
2810 4420 3050 4467 neces-

578 4509 768 4572 saria
789 4508 994 4589 juxta
1028 4510 1438 4573 morborum
1475 4509 1829 4572 rationem
1873 4509 1965 4571 ad
2006 4525 2131 4571 eos
2169 4507 2545 4573 deferrent.
2592 4509 2771 4573 Cum
2813 4519 3051 4574 autem

578 4633 772 4678 mors
802 4616 1212 4680 imminebat
1233 4665 1247 4694 ,
1282 4616 1592 4696 prompti
1623 4615 1922 4678 aderant
1951 4615 2362 4680 sacerdotes
2390 4616 2483 4679 ad
2511 4633 2758 4679 eorum
2780 4616 3051 4682 confes-
