3679 5414
1615 466 1743 524 Aa.
1798 466 1931 524 1551
2708 428 2711 431 ’
2900 466 3004 526 391

545 622 613 676 51
637 612 1099 675 christianam
1137 612 1535 675 doctrinam
1567 613 1822 675 docere
1861 612 2275 692 sperabant;
2315 628 2481 674 narn
2518 629 2602 673 ea
2636 613 3011 692 provincia

542 738 714 800 prae
738 720 1042 783 caeteris
1073 720 1607 795 brasiliensibus
1634 719 1888 782 fertilis
1929 727 2082 783 erat
2121 728 2192 783 et
2231 719 2389 782 aliis
2432 719 2650 782 etiam
2687 720 2758 782 in
2795 721 3010 783 rebus

545 828 1041 908 praestantior.
1104 827 1182 890 In
1232 827 1461 890 servis
1503 837 1740 890 autem
1788 828 2378 908 christianorum,
2425 829 2542 908 qui
2584 828 2870 907 plurimi
2912 827 3009 890 ibi

546 945 728 1014 sunt,
761 935 1079 997 fructus
1061 934 1363 1014 msignis
1392 934 1826 1015 capiebatur.

665 1041 804 1104 454.
894 1039 968 1104 Ρ.
1011 1041 1425 1104 Emmanuel
1467 1041 1551 1103 de
1589 1039 1838 1121 Payva
1880 1060 1969 1105 ex
2008 1042 2363 1122 praesidio
2403 1042 2735 1106 Illeorum
2764 1042 2855 1105 ad
2895 1059 3006 1105 ur·

544 1151 704 1212 bem
732 1147 1128 1212 Salvatoris
1157 1147 1386 1228 rediit,
1421 1157 1489 1211 et
1517 1165 1858 1227 magnum
1887 1149 1995 1212 sui
2034 1149 2460 1212 desiderium
2487 1150 2561 1212 in
2600 1150 2717 1212 illo
2745 1150 3009 1229 populo

546 1257 845 1336 reliquit.
880 1257 946 1319 Is
976 1255 1214 1320 domui
1243 1264 1528 1319 nostrae
1556 1256 1629 1318 in
1659 1256 1831 1319 urbe
1854 1254 2249 1320 Salvatoris
2269 1256 2672 1337 praefectus
2695 1264 2820 1331 est;
2852 1257 3004 1336 ipse

542 1373 780 1427 autem
809 1364 885 1427 P.
920 1363 1252 1444 Nobrega
1281 1381 1443 1426 cum
1471 1364 1667 1426 socio
1699 1363 1789 1426 ad
1808 1365 2148 1443 populum
2171 1363 2641 1428 Pernambuci
2664 1381 2739 1426 se
2764 1373 3001 1427 contu-

545 1471 643 1533 lit.
701 1469 965 1550 Magno
1017 1488 1179 1533 cum
1228 1470 1539 1550 periculo
1590 1470 1839 1533 mortis
1889 1470 2347 1550 navigatione
2394 1472 2514 1535 illa
2562 1480 2884 1552 peracta,
2939 1484 3008 1535 et

544 1588 868 1641 amanter
899 1578 987 1640 ab
1018 1578 1343 1640 omnibus
1372 1586 1442 1640 et
1471 1578 1854 1658 praecipue
1886 1596 1928 1640 a
1966 1577 2263 1641 ducibus
2306 1580 2582 1659 excepti
2622 1587 2805 1642 sunt.
2843 1579 3005 1642 Fre-

544 1701 766 1765 quens
794 1684 908 1747 ille
938 1685 1238 1764 populus
1268 1693 1422 1747 erat
1450 1685 1918 1748 lusitanorum
1951 1693 2017 1746 et
2047 1694 2343 1764 peccata
2373 1679 2613 1761 rn'ulta;
2645 1688 2769 1750 sed
2788 1686 3006 1749 horni-

545 1809 673 1854 nes
701 1793 876 1854 satis
906 1792 1170 1855 dociles
1200 1800 1268 1853 et
1299 1791 1389 1854 ad
1420 1792 1680 1854 bonum
1703 1791 2062 1872 propensi,
2090 1809 2462 1855 servorum
2486 1803 2723 1856 autem
2746 1810 3009 1873 magna

547 1882 939 1976 multitudo,
983 1908 1051 1962 et
1087 1898 1540 1961 brasilienses
1585 1899 1803 1962 vicini
1846 1900 2174 1965 meliores
2222 1900 2511 1980 reliquis
2563 1909 2786 1980 erant,
2844 1901 3012 1980 quia

549 2023 712 2068 curn
740 2006 1148 2069 melioribus
1177 2004 1584 2068 christianis
1614 2007 2108 2072 versabantur.
2153 2009 2722 2072 Concionabatur
2762 2008 3015 2071 diebus

547 2113 918 2177 dominicis
947 2122 1016 2176 et
1044 2112 1240 2175 festis
1268 2111 1345 2174 P.
1379 2113 1732 2193 Nobrega;
1768 2115 1902 2177 sub
1923 2133 2301 2195 vesperam
2325 2124 2561 2178 autem
2582 2115 3011 2178 exhortatio-

485 2210 488 2211 ⁷
549 2237 676 2284 nes
705 2221 920 2284 etiam
947 2219 1276 2297 habebat3
1309 2228 1378 2282 et
1409 2218 1654 2283 diebus
1683 2221 1966 2284 veneris
1996 2221 2139 2301 his,
2171 2223 2289 2302 qui
2318 2238 2394 2305 se
2434 2221 2735 2301 flagellis
2764 2222 3012 2285 caede-

548 2329 749 2407 bant,
802 2345 1123 2391 seorsum
1161 2328 1741 2391 concionabatur.
1784 2329 2106 2391 Ecclesia
2145 2330 2373 2392 servis
2413 2329 2505 2392 ad
2548 2329 3013 2392 christianam

548 2436 946 2500 doctrinam
975 2434 1424 2498 venientibus
1458 2436 1902 2516 implebatur,
1938 2437 2056 2518 qui
2087 2454 2381 2500 numero
2411 2436 2558 2500 fere
2587 2437 2774 2500 mille
2798 2437 2870 2499 in
2896 2454 3014 2516 op·

546 2543 711 2622 pido
736 2551 939 2605 erant
956 2590 970 2619 ,
998 2550 1281 2621 praeter
1307 2544 1567 2605 multos
1591 2543 1768 2606 alios
1791 2545 1863 2607 in
1886 2545 2076 2607 villis
2101 2554 2520 2624 occupatos;
2548 2545 2802 2626 aliquis
2823 2544 3015 2607 enim

547 2660 702 2715 erat
731 2667 821 2713 ex
854 2648 1249 2731 oppidanis,
1283 2649 1405 2730 qui
1432 2650 1774 2714 ducentos
1813 2668 1944 2715 sua
1984 2652 2056 2715 in
2094 2653 2265 2715 villa
2304 2653 2718 2732 occupabat.
2761 2650 3017 2716 Socius

547 2757 761 2821 etiam
790 2758 1011 2837 ipsius
1040 2757 1616 2836 concionabatur,
1645 2767 1713 2820 et
1741 2775 1906 2821 cum
1936 2759 2320 2834 0131101155,
2347 2760 2598 2839 quibus
2627 2760 3015 2824 christiana

547 2864 872 2928 doctrina
901 2865 1298 2927 continetur
1329 2873 1397 2926 et
1428 2865 1703 2944 aliquas
1734 2864 2116 2928 conciones
2143 2866 2215 2929 in
2245 2866 2643 2929 brasiliensi
2681 2866 3014 2930 idiomate

547 2972 992 3051 conscriptas
1034 2971 1354 3049 haberet,
1398 2972 1469 3035 in
1507 2970 1754 3034 eadem
1802 2972 2047 3051 lingua
2090 2973 2464 3052 indigenas
2501 2973 2820 3037 docebat.
2863 2972 3014 3037 Sta·

549 3078 674 3141 tim
703 3078 796 3141 ad
824 3086 1234 3141 nostrorum
1275 3079 1657 3141 adventum
1686 3079 1887 3142 multi
1928 3097 1971 3141 a
2015 3079 2429 3142 concubinis
2467 3090 2534 3142 et
2573 3080 2733 3142 aliis
2768 3098 3015 3160 pecca-

551 3185 640 3248 tis
671 3203 748 3248 se
779 3195 1275 3266 segregarunt.

673 3292 813 3354 455.
901 3290 1300 3372 Sperabant
1360 3292 1696 3373 oppidani
1754 3293 2042 3356 domum
2092 3293 2358 3356 nostris
2419 3293 2513 3355 ibi
2562 3293 3015 3372 constituere,

552 3410 619 3462 et
650 3400 721 3463 in
755 3400 1102 3478 omnibuS,
1137 3417 1318 3480 quae
1343 3400 1434 3462 ad
1473 3399 1606 3462 Dei
1636 3401 1945 3479 gloriam
1975 3400 2440 3480 pertinebant,
2475 3409 2859 3480 coeperunt
2894 3419 3017 3464 no-

552 3508 719 3570 stris
745 3525 950 3570 suam
980 3525 1270 3588 operam
1310 3506 1596 3585 offerre;
1631 3507 1819 3588 quod
1862 3508 2056 3587 prius
2093 3509 2305 3587 longe
2345 3507 2548 3571 aliter
2577 3525 2653 3570 se
2683 3507 3013 3587 habebat,

552 3633 714 3678 cum
741 3615 957 3695 aliqui
986 3623 1171 3678 totos
1213 3615 1469 3693 viginti
1513 3632 1740 3677 annos
1784 3633 1826 3677 a
1869 3612 2335 3677 Sanctissimo
2377 3612 2839 3677 Sacramento
2883 3615 3017 3679 Eu·

553 3722 932 3785 charistiae
957 3722 1412 3800 abstinerent,
1439 3721 1627 3800 quod
1650 3721 2084 3785 concubinas
2106 3721 2501 3802 relinquere
2524 3723 2810 3785 nollent.
2835 3722 2923 3785 Et
2945 3722 3019 3786 in

553 3828 687 3891 hac
715 3837 918 3909 parte
956 3830 1253 3892 multum
1290 3837 1443 3891 erat
1480 3828 1744 3891 nostris
1787 3827 2289 3907 laborandum3
2335 3828 2589 3908 aliquis
2633 3829 2821 3892 enim
2863 3838 3020 3892 erat

553 3935 624 3997 in
662 3951 748 3999 eo
789 3936 1082 4016 populo,
1126 3935 1247 4015 qui
1281 3935 1797 4015 quinquaginta
1841 3945 1909 3997 et
1953 3935 2254 4015 amplius
2283 3934 2628 3998 foeminas
2657 3935 3016 3999 brasilien-

551 4060 664 4106 ses
692 4041 886 4105 domi
912 4042 1248 4121 habebat,
1279 4051 1565 4123 praeter
1595 4043 1775 4105 alias
1794 4036 1814 4121 ,'
1854 4060 2034 4123 quae
2077 4043 2148 4105 in
2185 4042 2373 4105 villis
2415 4042 2814 4106 residebant
2845 4053 2912 4106 et
2942 4052 3021 4106 ut

551 4149 964 4213 concubinis
986 4150 1088 4212 eis
1114 4149 1564 4228 abutebatur3
1598 4159 1699 4228 et,
1734 4159 1808 4212 ut
1851 4159 2226 4229 peccatum
2264 4150 2495 4213 minus
2535 4166 2763 4229 grave
2803 4160 3012 4229 esset,

553 4256 643 4318 ad
680 4256 814 4319 hoc
860 4257 1089 4337 ipsum
1128 4256 1556 4320 christianas
1594 4257 1752 4319 illas
1792 4255 2210 4318 efficiebant.
2256 4254 2552 4318 Difficile
2592 4265 2827 4319 tamen
2864 4266 3019 4319 erat

551 4363 970 4441 remedium;
1003 4382 1195 4444 cum,
1230 4365 1289 4427 si
1320 4365 1871 4438 dimitterentur,
1906 4362 2262 4426 rediturae
2302 4362 2393 4425 ad
2430 4364 2729 4441 gentiles
2759 4380 3019 4442 cogna-

550 4481 663 4532 tos
701 4479 771 4533 et
806 4471 1142 4550 gentilico
1185 4488 1381 4533 more
1421 4471 1746 4534 victurae
1786 4470 2231 4549 viderentur,
2278 4469 2463 4532 unde
2510 4469 2859 4533 rationem
2897 4471 3016 4533 ali-

551 4594 796 4656 quam,
850 4590 925 4640 ut
975 4577 1077 4640 eis
1121 4578 1644 4657 consuleretur,
1688 4578 1865 4640 inire
1916 4576 2141 4639 nostri
2188 4576 2583 4639 studebant.
2627 4576 2889 4640 Multae
2926 4594 3017 4646 ex

552 4684 654 4745 eis
684 4684 845 4763 piae
875 4685 1253 4747 admodum
1281 4694 1517 4763 erant,
1551 4683 1970 4764 praesertim
1997 4683 2294 4757 liberae,
2337 4695 2406 4746 et
2443 4700 2657 4762 quarn
2684 4683 3017 4747 facillime
