3679 5414
719 456 795 514 46
1628 451 1882 511 CnRoN.
1924 449 2076 509 Soc·
2118 451 2256 524 JES.

712 618 878 679 cum
909 598 1327 680 praesertim
1356 614 1400 659 a
1426 597 1501 660 P.
1538 596 1814 676 Ignatio
1844 595 2231 675 injunctum
2254 595 2387 676 ipsi
2411 604 2597 659 esset
2618 605 2716 675 ut,
2743 595 3081 676 quamdiu
3112 596 3185 659 in

718 707 958 771 Sicilia
987 705 1213 769 nostri
1240 703 1490 782 forent,
1524 704 1848 782 Pro-regi
1877 703 2239 766 obedirent
2273 702 2312 766 ¹.

840 813 941 876 95.
1030 812 1273 875 Mense
1315 812 1532 891 igitur
1566 810 1756 893 Junii
1797 828 1959 872 cum
1999 812 2227 873 classe
2265 812 2623 891 profectus
2663 821 2770 875 est
2809 820 2878 875 et
2918 812 3071 892 ipsa
3114 811 3184 873 in

627 936 639 950 ·
721 920 1181 999 navigatione
1205 919 1290 983 de
1314 918 1633 981 exercitu
1654 919 1832 980 bene
1857 918 2115 981 mereri
2136 919 2390 998 coepit;
2411 937 2577 982 nam
2594 919 2900 999 quodam
2916 919 2987 982 in
3002 921 3183 995 loc0,

723 1028 839 1091 ubi
866 1026 1069 1090 multi
1097 1026 1741 1105 congregabantur,
1775 1025 2130 1104 quomodo
2165 1042 2240 1087 se
2273 1042 2524 1104 gerere
2556 1026 2628 1089 in
2654 1026 2838 1089 bello
2869 1026 3185 1088 christia-

723 1151 856 1197 nus
886 1134 1086 1196 miles
1114 1133 1404 1196 deberet
1430 1131 1791 1209 instruxit,
1825 1139 1898 1193 et
1928 1130 2000 1193 in
2030 1140 2479 1211 tempestate,
2514 1150 2726 1212 quam
2765 1133 2959 1213 passi
2998 1141 3182 1208 sunt,

724 1250 871 1304 tam
900 1241 972 1303 in
1002 1239 1397 1303 animandis
1422 1255 1634 1317 quam
1657 1238 1729 1300 in
1752 1236 2175 1317 adJuvandis
2196 1238 2267 1300 in
2290 1239 2539 1318 spiritu
2563 1240 2899 1302 militibus
2923 1256 3186 1319 magno

725 1349 963 1412 animo
1016 1366 1090 1411 se
1143 1346 1479 1410 exercuit.
1523 1344 1661 1409 Sed
1702 1353 1769 1407 et
1818 1343 1969 1424 ejus
2010 1345 2276 1424 sociuS‚
2329 1345 2677 1409 Martinus
2719 1348 2803 1409 de
2843 1347 3183 1422 Zornoza,

726 1456 1138 1535 Pro-regem
1160 1454 1411 1534 ipsum,
1449 1460 1870 1532 tempestate
1898 1451 2244 1531 jactatum
2275 1470 2495 1533 prope
2527 1471 2728 1517 oram
2759 1452 3078 1532 Africae,
3112 1462 3187 1515 ut

723 1564 796 1625 in
825 1572 1090 1625 terram
1122 1558 1576 1639 egrederetur
1605 1559 1848 1620 utilem
1879 1574 2169 1637 operam
2197 1560 2568 1639 praestitit.

846 1669 946 1732 96.
1036 1669 1418 1747 Postquam
1476 1675 1715 1729 autem
1770 1665 1842 1728 in
1901 1664 2220 1728 Africam
2281 1667 2532 1731 classis
2588 1668 3068 1731 descendisset
3117 1675 3187 1730 et

728 1774 1239 1856 Aphrodisium
1290 1772 1612 1836 obsidere
1662 1781 1872 1852 atque
1923 1789 2335 1852 oppugnare
2384 1775 2806 1854 coepissent,
2853 1783 2921 1837 et
2971 1775 3191 1837 multo

730 1882 955 1962 majus
983 1880 1414 1962 praesidium
1444 1888 1512 1942 et
1555 1878 2023 1957 dificiliorem,
2067 1897 2278 1959 quam
2319 1881 2938 1960 excogitaverant,
2981 1898 3190 1961 expu—

727 1989 1142 2070 gnationem
1170 1987 1628 2065 invenissent,
1663 1994 2049 2064 coeperunt
2088 2003 2233 2048 non
2271 1987 2480 2066 pauci
2518 1988 2778 2068 partim
2817 1988 3192 2065 vulnerati,

727 2096 982 2176 partim
1014 2101 1490 2173 aegrotantes,
1525 2091 1676 2172 ejus
1706 2109 1923 2171 opera
1951 2091 2300 2171 indigere,
2343 2103 2412 2156 et
2442 2102 2590 2156 tam
2617 2094 2691 2157 in
2730 2095 3192 2158 morientibus

717 2200 1054 2283 juvandis
1103 2218 1316 2281 quam
1358 2200 1429 2263 in
1460 2200 1643 2262 male
1672 2198 2092 2262 habentibus
2122 2200 2455 2263 curandis
2496 2201 2870 2280 perutilem
2900 2202 3191 2282 operam

732 2309 1114 2390 praestitit;
1147 2316 1217 2371 et
1245 2307 1427 2370 inter
1466 2307 1747 2379 labores
1783 2306 2136 2369 maximos
2174 2323 2336 2369 curn
2374 2325 2462 2370 ex
2502 2316 2805 2388 quatuor
2841 2308 3197 2388 religiosis

730 2415 1138 2497 capuccinis
1166 2413 1305 2476 duo
1328 2414 1479 2476 vita
1499 2412 1723 2475 functi
1745 2422 1982 2475 essent
2003 2421 2071 2476 et
2095 2413 2213 2475 alii
2236 2414 2375 2476 duo
2401 2423 2856 2494 aegrotantes
2880 2414 3195 2479 Siciliam

735 2522 1124 2601 rediissent,
1158 2521 1308 2602 ipse
1337 2529 1576 2583 tamen
1599 2536 1759 2582 cum
1791 2520 2006 2598 soci0,
2043 2538 2220 2601 pene
2252 2522 2445 2584 solus
2473 2522 2793 2601 relictuS,
2827 2521 3197 2603 hospitalis

736 2646 981 2693 curam
1012 2627 1365 2706 sustinuit3
1399 2644 1528 2689 nec
1559 2627 1788 2689 solum
1809 2627 1883 2689 in
1908 2627 2465 2691 confessionibus
2486 2632 2555 2691 et
2578 2628 2735 2691 aliis
2758 2629 2850 2691 ad
2873 2629 3193 2710 spiritua-

729 2738 871 2800 lem
927 2736 1322 2817 profectum
1391 2735 1902 2815 pertinentibus
1968 2736 2207 2798 utilem
2265 2754 2556 2816 operam
2613 2737 2966 2817 praestitit
2995 2784 3009 2816 ,
3072 2736 3196 2799 sed

731 2844 952 2907 etiam
980 2842 1346 2906 infirmarii
1384 2841 1633 2920 officio,
1669 2842 2042 2921 catapocia
2080 2851 2148 2905 et
2178 2845 2522 2923 clysteres
2550 2860 2677 2922 per
2717 2860 2794 2905 se
2824 2843 3053 2924 ipsum
3082 2860 3197 2905 ex-

734 2951 1040 3014 hibendo
1063 2999 1078 3030 ,
1125 2957 1194 3012 et
1231 2948 1554 3012 Marthae
1591 2955 1662 3011 et
1699 2947 1970 3011 Mariae
2002 2948 2203 3028 fungi
2244 2948 2489 3012 officiis
2531 2949 2787 3012 debuit.
2837 2949 2912 3012 Id
2956 2956 3194 3012 autem

735 3060 918 3122 inter
946 3058 1078 3121 hos
1106 3057 1387 3120 labores
1415 3072 1578 3118 eum
1607 3056 2136 3135 consolabatur,
2172 3055 2356 3135 quod
2388 3057 2645 3119 multos
2676 3055 2766 3119 ad
2792 3057 2988 3119 viam
3015 3057 3195 3119 salu-

734 3166 823 3230 tis
851 3164 1094 3228 reduci
1122 3181 1250 3245 per
1277 3161 1410 3225 Dei
1434 3161 1742 3241 gratiam
1764 3161 2072 3224 videbat.
2099 3162 2254 3242 Ipse
2279 3163 2494 3225 etiarn
2522 3162 2842 3242 Pro-rex,
2871 3171 2939 3225 et
2961 3161 3197 3225 Domi·

729 3290 868 3336 nus
898 3271 1160 3335 Garcia
1192 3269 1278 3332 de
1308 3267 1595 3346 Toled0,
1629 3277 1699 3331 et
1739 3266 2084 3330 Dominus
2121 3267 2433 3331 Alvarus
2471 3269 2557 3331 de
2596 3270 2804 3348 Vega
2843 3270 2980 3349 ipsi
3019 3269 3198 3332 inter

733 3380 914 3444 alios
943 3377 1477 3442 confitebantur.
1506 3374 1684 3438 Cum
1708 3382 1944 3439 autem
1965 3392 2396 3455 magnopere
2419 3385 2786 3456 protracta
2810 3376 3196 3454 obsidione,

739 3502 1074 3549 numerus
1093 3483 1614 3563 aegrotantium
1638 3490 1706 3544 et
1722 3483 2259 3545 vulneratorum
2275 3483 2639 3562 crevisset,
2658 3484 2883 3547 voluit
2905 3482 3201 3547 Pro-rex

733 3610 903 3656 eum
932 3592 1070 3655 hoc
1101 3591 1341 3654 labore
1372 3591 1635 3668 levare,
1670 3598 1739 3652 et
1770 3588 1918 3651 fere
1949 3598 2230 3652 centum
2267 3598 2337 3653 et
2381 3591 2745 3669 octoginta
2780 3591 2853 3653 in
2890 3589 3202 3654 Siciliam

738 3698 1000 3763 deferri
1027 3706 1106 3761 ut
1134 3706 1553 3760 curarentur
1577 3694 1823 3774 Jussit:
1859 3704 1928 3758 et
1959 3704 2107 3758 tum
2138 3695 2699 3760 confessionibus
2737 3697 3102 3760 audiendis
3131 3707 3200 3760 et

729 3804 1071 3887 juvandis
1103 3803 1461 3866 morituris
1506 3802 1597 3865 ad
1628 3811 1907 3881 tempus
1946 3803 2264 3882 vacavit,
2307 3804 2428 3884 qui
2460 3803 2830 3867 duodecim
2863 3805 2976 3867 vel
3008 3803 3201 3883 quin-
3279 3790 3290 3800 ’

744 3913 974 3976 decim
1012 3912 1128 3974 vel
1168 3909 1425 3989 viginti
1469 3909 1674 3971 annis
1713 3926 1857 3972 non
1894 3918 2097 3972 erant
2137 3909 2475 3991 confessi,
2516 3919 2586 3974 et
2624 3919 2862 3974 tamen
2900 3928 3027 3991 per
3070 3910 3200 3973 Dei

743 4020 1052 4101 gratiam
1081 4018 1171 4081 ad
1201 4017 1449 4080 salutis
1489 4016 1887 4097 sperandae
1924 4025 2188 4079 statum
2225 4034 2309 4079 eo
2348 4026 2663 4098 tempore
2705 4018 2975 4081 reducti
3015 4026 3197 4095 sunt,

828 4401 846 4432 ¹
904 4401 1178 4452 Polancus.
1197 4411 1262 4443 ex
1281 4399 1653 4443 commissione
1667 4431 1682 4450 ,
1701 4398 1849 4443 Patri
1869 4399 2078 4456 Laynez
2096 4432 2107 4453 ,
2139 4412 2201 4443 ne
2233 4401 2443 4444 nimium
2479 4401 2683 4445 facilem
2705 4412 2760 4444 se
2792 4402 2857 4445 ad
2879 4400 3050 4444 iter1n
3069 4399 3207 4443 Afri·

737 4483 861 4516 cam
876 4472 1253 4526 suscipiendum
1275 4471 1549 4526 praebeat,
1571 4471 1652 4513 cui
1675 4471 1850 4514 obstat
1872 4470 2132 4516 pontificis
2152 4472 2393 4516 voluntas
2416 4483 2530 4515 eum
2551 4473 2603 4515 in
2622 4471 2817 4516 Urbem
2838 4484 2864 4515 e
2888 4471 3065 4516 Sicilia
3088 4482 3206 4515 evo-

750 4555 897 4597 cam,
922 4545 973 4586 12
992 4543 1204 4597 Aprilis.
1225 4541 1367 4585 Idem
1387 4541 1552 4585 eidem
1582 4541 1643 4585 de
1675 4541 1906 4596 ejusdem
1932 4541 2252 4596 profectione
2274 4543 2323 4587 in
2346 4543 2596 4598 Africam,
2617 4543 2672 4585 26
2692 4543 2903 4597 Aprilis.
2926 4542 3067 4587 Idem
3089 4541 3206 4585 Hie·

748 4625 964 4671 ronymo
986 4612 1279 4657 Domenech
1293 4644 1304 4666 ,
1326 4612 1387 4655 de
1408 4611 1471 4655 iis
1493 4622 1619 4667 quos
1641 4611 1692 4655 in
1713 4612 1948 4656 Africam
1968 4612 2103 4655 mitti
2126 4619 2278 4667 rogat
2303 4612 2510 4657 Siciliae
2533 4613 2749 4657 Pro-rex
2768 4646 2778 4665 ,
2799 4614 2854 4656 20
2873 4613 3205 4667 Septembris.

744 4685 978 4729 -Patris
998 4685 1206 4740 Laynez
1224 4684 1434 4728 litterae
1457 4682 1524 4727 ad
1543 4681 1800 4736 ignatium
1825 4689 1876 4726 et
1898 4683 2186 4728 Polancum.
2739 4677 2741 4680 ’
