3679 5414
723 443 856 507 *730
1671 444 1926 506 Canon.
1968 445 2122 506 Soc.
2162 447 2303 520 με.

741 612 838 657 ex
866 592 1150 673 oppid0,
1181 593 1473 670 scilicet,
1506 592 1944 670 Maschatae,
1972 600 2397 655 consecutae
2426 601 2610 671 sunt,
2639 601 2708 655 et
2741 608 2905 655 cum
2935 593 3220 672 sagittis

745 700 1229 781 frequentibus
1253 717 1414 763 eum
1435 699 1821 780 petiissent,
1844 700 1965 780 qui
1985 699 2186 762 flexis
2210 699 2507 778 genibus
2530 698 2916 763 Dominum
2939 689 3217 778 orabat,

747 809 1054 887 sagittae
1081 816 1271 870 retro
1300 807 1690 886 redierunt,
1733 824 1867 869 nec
1904 823 2067 869 eum
2104 814 2225 868 aut
2264 815 2521 869 nautas
2559 807 2849 885 arabeS,
2897 806 3019 886 qui
3058 823 3221 868 eum

743 915 1221 993 deducebant,
1256 912 1670 993 tetigerunt;
1703 922 1772 976 et
1799 913 2128 994 quamvis
2167 931 2297 993 pro
2335 913 2717 977 velocitate
2759 913 3219 992 navigiorum

742 1022 1081 1101 cymbam
1109 1020 1303 1084 illam
1323 1021 1660 1101 consequi
1689 1018 1895 1083 facile
1920 1020 2347 1100 debuissent,
2378 1020 2735 1099 prohibuit
2761 1030 2998 1084 tamen
3021 1018 3221 1083 Deus

752 1146 841 1191 ne
870 1145 1184 1209 unquam
1214 1129 1555 1208 consequi
1585 1137 1900 1208 possent.

871 1235 1014 1299 672.
1102 1235 1523 1300 Dominicus
1553 1234 1929 1299 Carvallus
1963 1235 2145 1298 inter
2177 1252 2305 1298 eos
2334 1243 2524 1314 erat,
2560 1254 2736 1316 quos
2776 1237 2848 1300 in
2875 1239 3221 1320 Japonem

753 1340 828 1405 P.
871 1343 1302 1407 Franciscus
1344 1342 1859 1421 destinaverat,
1903 1342 2031 1406 sed
2079 1341 2150 1406 in
2204 1342 2750 1423 quadragesima
2792 1345 2948 1425 ipsa
2992 1346 3065 1409 in
3101 1363 3220 1425 pa·

750 1451 961 1513 triam
991 1451 1398 1528 coelestem,
1447 1457 1656 1530 prout
1704 1448 1791 1512 de
1839 1447 1989 1537 ejus
2038 1466 2209 1511 rara
2248 1450 2510 1513 virtute
2558 1468 2848 1530 sperare
2899 1451 3217 1528 decebat,

753 1558 1113 1636 migravit.
1148 1555 1410 1620 Paulus
1439 1556 1653 1618 etiam
1675 1554 1761 1618 de
1785 1555 2015 1635 Valle,
2048 1557 2167 1635 qui
2193 1566 2495 1636 quatuor
2520 1574 2748 1621 annos
2773 1558 2841 1620 in
2866 1559 3220 1622 maritima

747 1653 1118 1728 Comurini
1160 1681 1286 1727 ora
1326 1664 1606 1742 magnis
1655 1661 2014 1725 laboribus
2057 1663 2344 1726 vineam
2392 1661 2680 1727 Domini
2730 1666 3075 1744 coluerat,
3106 1666 3221 1729 'ad

745 1772 1129 1851 collegium
1179 1772 1481 1834 coeleste
1532 1769 1892 1850 migravit.
1940 1767 2134 1833 Idem
2170 1770 2303 1833 iter
2347 1771 2569 1833 tenuit
2607 1788 2788 1835 unus
2829 1790 2919 1835 ex
2948 1772 3223 1836 duobus

740 1878 1278 1959 japonensibuS‚
1314 1878 1432 1957 qui
1462 1879 1535 1940 in
1563 1877 2074 1956 Portugalliam
2110 1886 2264 1940 erat
2287 1878 2704 1958 destinatuS,
2741 1881 3023 1943 nomine
3045 1880 3220 1944 Mat-

753 1987 1008 2049 thaeus
1051 1985 1390 2066 (quinque
1438 1985 1628 2048 enim
1676 2002 1921 2048 secum
1971 1983 2046 2048 P.
2102 1985 2533 2048 Franciscus
2584 1986 3046 2065 adduxerat),
3100 1988 3221 2067 qui

754 2102 1043 2157 nostros
1073 2110 1318 2157 omnes
1357 2093 1591 2157 studio
1631 2092 1978 2156 orationis
2027 2101 2096 2155 et
2146 2092 2560 2156 humilitatis
2602 2095 2925 2174 exemplo
2964 2095 3221 2158 mirum

751 2202 827 2264 in
854 2193 1141 2264 modurn
1180 2199 1624 2263 aedificabat.
1672 2198 2025 2278 Quamdiu
2064 2197 2262 2263 Goae
2293 2208 2622 2263 versatus
2662 2210 2769 2264 est
2809 2200 2886 2263 P.
2932 2200 3218 2264 Franci·

726 2326 939 2388 -scus,
971 2307 1411 2371 ferventibus
1450 2306 1819 2369 desideriis
1860 2323 1936 2369 se
1967 2307 2195 2370 nostri
2236 2305 2629 2370 offerebant
2659 2307 2751 2370 ad
2789 2306 3103 2370 difficiles
3135 2324 3222 2370 ac

752 2415 1190 2495 periculosas
1237 2414 1610 2477 missiones
1659 2411 1995 2476 Sinarum
2044 2421 2115 2475 et
2161 2413 2479 2494 JaponiS,
2535 2415 2606 2477 in
2652 2414 2905 2494 quibus
2957 2431 3224 2494 magna

753 2521 1078 2600 martyrii
1108 2520 1450 2583 subeundi
1478 2538 1641 2600 spes
1669 2529 1853 2598 erat;
1899 2520 2225 2583 omnibus
2257 2528 2495 2583 autem
2534 2538 2702 2584 suas
2746 2520 3227 2584 institutiones

749 2644 917 2690 cum
945 2644 1209 2706 magna
1239 2627 1591 2707 spirituali
1627 2627 2002 2707 prudentia
2045 2626 2149 2689 sic
2180 2626 2395 2690 dabat
2437 2625 2510 2689 Ρ.
2546 2626 2996 2707 FranciscuS,
3041 2637 3118 2691 ut
3161 2629 3228 2691 si

751 2752 1115 2815 nunquam
1164 2734 1236 2798 in
1274 2735 1545 2797 Indiam
1582 2743 1770 2798 esset
1805 2752 2251 2812 reversuruS,
2296 2752 2419 2797 eos
2459 2736 2675 2798 etiam
2728 2736 3108 2799 animando
3152 2746 3227 2799 et

747 2843 1098 2922 gravibus
1127 2859 1212 2904 ac
1242 2842 1687 2905 suavissimis
1715 2842 1954 2905 verbis
1983 2841 2453 2905 adhortando.

875 2949 1017 3012 673.
1102 2949 1249 3013 Nec
1275 2949 1596 3013 omittam
1618 2950 1805 3030 quod
1827 2950 1986 3012 loco
2009 2950 2356 3028 lectioniS,
2376 2967 2556 3029 quae
2580 2951 2651 3013 in
2676 2949 3050 3013 refectorio
3073 2950 3237 3013 fieri

750 3058 957 3137 solet,
990 3058 1214 3120 voluit
1243 3066 1320 3120 ut
1348 3057 1608 3136 singuli
1636 3073 1926 3119 cursum
1946 3056 2137 3119 vitae
2166 3073 2338 3119 suae
2361 3057 2791 3136 praeteritae
2818 3046 2899 3120 et
2912 3058 3223 3147 vocatio-

754 3180 919 3226 nem
949 3164 1208 3242 (tacitis
1237 3164 1518 3226 interim
1556 3162 1980 3236 defectibus,
2024 3163 2096 3225 in
2139 3162 2391 3241 quibus
2419 3173 2795 3243 peccatum
2833 3181 2988 3227 esse
3031 3173 3229 3244 pote·

728 3271 892 3349 vrat)
921 3270 1332 3349 explicaret,
1366 3279 1435 3332 et
1463 3288 1553 3332 ex
1583 3270 1907 3332 omnibus
1938 3268 2029 3332 ad
2051 3269 2340 3349 spiritus
2376 3269 2736 3334 fervorem
2775 3280 2844 3334 et
2878 3271 3223 3334 humilita-

759 3386 902 3440 tem
942 3396 1027 3441 ac
1065 3395 1265 3457 spem
1303 3376 1375 3440 in
1413 3377 1719 3440 Domino
1762 3377 2331 3440 constituendam
2381 3377 2764 3456 excitabat,
2808 3388 2878 3441 et
2928 3378 3229 3457 singulis

757 3485 1093 3563 remedia,
1114 3482 1318 3563 juxta
1341 3500 1545 3547 suam
1566 3482 2076 3564 experientiam
2100 3484 2173 3546 in
2195 3485 2406 3548 rebus
2429 3485 2935 3565 spiritualibuS,
2970 3502 3223 3565 propo·

759 3591 993 3654 nebat.
1028 3589 1222 3669 Quos
1265 3591 1477 3670 elegit
1513 3589 1646 3652 sibi
1684 3590 1981 3653 comites
2010 3590 2102 3653 ad
2140 3589 2472 3654 Sinarum
2510 3601 2579 3655 et
2619 3593 2915 3674 Japonis
2952 3591 3226 3655 missio·

759 3716 942 3777 nem,
974 3698 1049 3760 hi
1076 3697 1357 3761 fuerunt
1385 3696 1460 3760 Ρ.
1506 3697 1883 3761 Balthasar
1915 3697 2123 3778 Gago
2154 3707 2223 3760 et
2252 3697 2472 3761 frater
2515 3699 2829 3762 Alvarus
2866 3679 3223 3779 Ferreira,

761 3806 881 3885 qui
908 3805 1226 3884 linguam
1248 3805 1714 3886 japonensem
1737 3804 2012 3868 discere
2034 3814 2389 3885 coeperat,
2416 3816 2484 3869 et
2516 3823 2679 3869 cum
2703 3806 2777 3869 P.
2805 3806 3226 3870 Balthasare

757 3910 1130 3975 Sinensem
1158 3922 1235 3976 ut
1265 3912 1712 3975 addiscerent
1742 3911 2073 3992 injunxit;
2106 3912 2482 3993 quemdam
2510 3914 2726 3976 etiam
2747 3911 3082 3992 juvenem
3102 3931 3227 3976 na-

759 4020 952 4084 tione
982 4018 1246 4099 Sinam,
1281 4020 1401 4100 qui
1423 4018 1571 4099 jam
1600 4019 1748 4082 fere
1779 4029 1941 4082 octo
1965 4037 2191 4083 annos
2221 4020 2293 4082 in
2324 4019 2590 4083 Goensi
2621 4020 2936 4100 Collegio
2966 4020 3221 4099 fuerat,

757 4136 831 4190 ¹et
858 4127 1402 4207 grammaticam
1430 4127 1727 4189 latinam
1759 4126 2126 4204 didicerat,
2161 4134 2231 4188 et
2266 4126 2337 4189 in
2366 4126 2628 4190 virtute
2659 4146 2746 4191 ac
2784 4128 3036 4208 spiritu
3065 4147 3227 4209 pro-

759 4234 1052 4313 fecerat,
1086 4252 1328 4298 secum
1355 4234 1760 4313 assumpsit,
1795 4233 1917 4313 qui
1945 4233 2185 4296 statim
2214 4233 2286 4296 in
2325 4236 2712 4297 vernacula
2740 4235 2985 4315 lingua
3025 4234 3224 4298 Sina·

763 4358 922 4404 rum
964 4341 1427 4405 christianam
1478 4340 1881 4404 doctrinam
1917 4340 2174 4403 docere
2212 4348 2514 4420 poterat.
2559 4341 2746 4404 Tulit
2787 4341 2975 4406 idem
3014 4341 3228 4406 Pater

761 4447 1190 4511 Franciscus
1219 4465 1461 4511 secum
1490 4447 1963 4528 pulcherrima
1996 4456 2412 4509 ornamenta
2442 4448 2917 4512 sacerdotalia
2960 4467 3051 4512 ex
3080 4450 3227 4513 olo·

762 4556 994 4619 serico
1037 4565 1106 4619 et
1134 4554 1251 4618 filo
1283 4573 1522 4635 aure0,
1565 4555 1903 4635 pulchras
1944 4553 2160 4617 etiam
2199 4554 2547 4633 imagines
2585 4564 2655 4618 et
2693 4557 2977 4620 demum
3014 4574 3229 4637 quae-

756 4680 1064 4742 cumque
1093 4663 1168 4726 P.
1197 4662 1479 4745 Gaspar
1507 4681 1596 4725 ex
1620 4661 1924 4725 Ormutii
1949 4679 2171 4742 regno
2202 4662 2292 4724 ad
2316 4662 2723 4726 missionem
2743 4664 3229 4747 Japonensem
