3679 5414
1672 409 1793 466 ΑΝ.
1839 407 1980 467 1552
2938 409 3048 476 555

585 567 757 618 tana
785 555 1103 631 recessit,
1136 573 1348 635 quam
1378 556 1568 636 pium
1600 554 1955 635 quoddam
1987 572 2167 636 opus
2193 554 2636 635 perfecisset;
2670 570 2830 616 cum
2859 554 3047 616 enim

589 661 1047 724 intellexisset
1083 663 1341 725 multos
1381 663 1565 725 nolle
1604 663 1696 724 ad
1733 662 1990 725 festum
2031 661 2349 725 Paschae
2387 660 2706 724 confiteri
2736 662 2849 723 vel
2889 678 3043 740 pro—

589 779 744 848 pter
773 768 1176 832 inimicitias
1207 769 1321 830 vel
1350 777 1635 848 propter
1668 770 1977 848 aliquam
2009 768 2458 832 infectionem
2495 768 2841 845 haeresiS,
2877 767 3044 830 scri-

589 875 819 939 benda
851 875 1131 938 curavit
1160 875 1445 938 nomina
1477 877 1787 938 omnium
1817 876 2307 939 catanensium
2339 885 2406 938 et
2438 874 2800 937 constituit
2830 876 3045 936 eccle—

590 984 734 1045 sias
764 984 880 1045 vel
907 982 1341 1044 monasteria
1374 983 1443 1044 in
1485 983 1737 1062 quibus
1785 983 2105 1046 confiteri
2151 983 2526 1059 debebant;
2577 990 2645 1044 et
2690 982 2785 1043 ita
2826 980 3048 1042 voluit

582 1099 801 1168 atque
833 1088 1198 1152 constituit
1227 1098 1303 1151 ut
1332 1108 1578 1152 omnes
1601 1090 2123 1153 confiterentur.

706 1195 848 1259 340.
936 1196 1252 1259 Venerat
1291 1197 1425 1260 hoc
1477 1213 1663 1260 anno
1700 1197 1951 1260 classis
1987 1207 2348 1260 turcarum
2386 1207 2454 1259 et
2491 1195 2840 1275 Rhegium
2890 1211 3051 1256 cum

590 1304 747 1366 aliis
776 1303 1031 1367 vicinis
1061 1304 1250 1366 villis
1281 1304 1607 1366 incendio
1639 1314 2209 1383 consumpserat;
2243 1314 2312 1366 et
2340 1304 2439 1366 ita
2469 1321 2721 1383 parum
2751 1302 2887 1365 illis
2909 1302 3050 1364 die-

589 1413 718 1474 bus
748 1411 1100 1490 negotiari
1128 1411 1324 1473 licuit
1355 1429 1513 1473 cum
1544 1410 1920 1491 Pro-rege3
1954 1428 2070 1474 res
2101 1421 2337 1474 tamen
2377 1411 2851 1474 messanensis
2893 1410 3048 1473 Col·

589 1518 754 1597 legii
783 1518 886 1580 sic
917 1519 1277 1581 constituit
1311 1518 1523 1581 etiam
1564 1519 1634 1580 in
1679 1528 2087 1599 sequentem
2128 1536 2421 1596 annum,
2467 1527 2543 1580 ut
2586 1517 2807 1598 ipsius
2849 1534 3048 1596 prae·

591 1625 819 1689 sentia
859 1626 1267 1688 necessaria
1311 1626 1379 1688 in
1418 1644 1500 1688 eo
1539 1644 1683 1688 non
1719 1636 1905 1688 esset
1946 1626 2204 1689 sutura.
2248 1625 2430 1704 Quia
2470 1635 2707 1687 autem
2745 1633 3052 1703 potesta·

591 1743 731 1795 tem
784 1752 826 1795 a
876 1732 950 1795 P.
1005 1733 1281 1812 Ignatio
1332 1742 1742 1811 acceperat,
1796 1734 2170 1796 Rectorem
2220 1733 2559 1812 praefecit
2598 1733 2697 1794 illi
2737 1731 3052 1810 Collegio

593 1838 669 1901 P.
703 1840 1093 1902 Antonium
1132 1840 1545 1913 Vinchium,
1588 1849 1657 1902 et
1694 1841 2116 1919 magistrum
2161 1840 2587 1917 Guidonem,
2631 1857 2793 1902 cum
2832 1839 3048 1917 magi-

592 1956 742 2011 stro
773 1946 983 2009 Petro
1015 1948 1099 2009 de
1131 1947 1604 2012 Rivadeneira
1635 1948 2054 2010 mittendum
2073 1997 2087 2024 ‚
2122 1965 2165 2009 a
2195 1947 2698 2027 philosophicis
2739 1946 3048 2010 lectioni-

593 2054 724 2117 bus
754 2054 1112 2132 liberavit3
1147 2055 1568 2133 magistrum
1597 2055 1810 2118 etiam
1850 2055 2309 2118 Benedictum
2351 2054 2697 2118 Palmium
2734 2064 2803 2115 et
2831 2052 3049 2132 magi·

594 2171 818 2224 strum
848 2160 1271 2238 Annibalem
1302 2179 1391 2224 ex
1431 2161 1672 2226 Sicilia
1709 2163 1913 2225 educi
1955 2181 2164 2242 posse
2204 2162 2626 2240 affirmabat,
2671 2162 2734 2225 si
2774 2177 3051 2223 succes-

599 2286 799 2331 sores
831 2269 920 2331 ad
952 2269 1516 2332 concionandum
1547 2280 1616 2333 et
1644 2271 2020 2348 legendum
2050 2271 2514 2334 mitterentur.

708 2375 849 2438 341.
937 2375 1116 2439 Cum
1146 2387 1383 2439 autem
1413 2375 1487 2439 Ρ.
1523 2377 1860 2455 Ignatius,
1894 2380 2044 2440 zelo
2075 2387 2327 2440 contra
2357 2386 2719 2440 turcarum
2749 2378 3053 2439 classem

595 2492 860 2561 motuS,
911 2483 1145 2562 aliqua
1192 2483 1515 2562 Pro-regi
1543 2485 1802 2566 Joanni
1832 2485 1918 2546 de
1947 2483 2155 2564 Vega
2183 2485 2485 2563 suggeri
2524 2484 2895 2561 voluisset,
2944 2500 3050 2545 ra·

592 2590 901 2652 tionibus
932 2590 1414 2653 confirmando
1449 2601 1883 2671 quantopere
1923 2590 2285 2670 expediret
2326 2609 2661 2670 magnam
2707 2592 2795 2652 ab
2833 2591 3052 2670 Impe-

598 2705 852 2761 ratore‘
869 2699 1168 2760 classem
1200 2699 1488 2785 instrui,
1519 2699 1867 2762 rationem
1897 2699 2111 2762 etiam
2141 2700 2515 2779 pecuniam
2547 2699 2637 2762 ad
2667 2717 2825 2775 eam
2848 2716 3053 2779 expe·

591 2805 927 2868 ditionem
958 2805 1346 2881 obtinendi,
1382 2824 1495 2869 res
1527 2805 1847 2886 Pro-regi
1879 2808 2053 2869 satis
2096 2808 2391 2887 placuit,
2427 2817 2493 2869 et
2534 2807 2729 2887 prius
2771 2807 3055 2887 quidem

596 2912 763 2974 illud
802 2929 1247 2992 summopere
1287 2914 1516 2993 optari
1557 2915 1645 2976 ab
1688 2915 1838 2993 ipso
1880 2913 2313 2993 Imperatore
2336 2933 2422 2976 ac
2453 2914 2778 2992 Principe
2804 2912 3054 2992 Philip·

590 3036 703 3097 p0,
748 3018 873 3081 sed
922 3020 1311 3082 secundum
1363 3020 1448 3082 de
1497 3021 1772 3083 ratione
1835 3021 2177 3101 pecuniae
2236 3021 2729 3099 congerendae
2778 3018 3056 3081 difficile

595 3127 825 3189 visum
856 3144 1043 3204 esse;
1078 3127 1402 3205 quamvis
1431 3128 1679 3190 modus
1723 3128 1860 3206 ille,
1910 3145 2118 3207 quem
2140 3129 2570 3206 suggerebat
2602 3126 2676 3189 P.
2712 3126 3051 3205 IgnatiuS,

596 3234 693 3295 illi
744 3235 1169 3313 perplacuit,
1225 3244 1292 3296 et
1343 3235 1489 3297 suis
1540 3236 1790 3298 litteris
1841 3236 1933 3297 ad
1983 3243 2143 3297 eum
2192 3235 2474 3314 scriptis
2525 3252 2665 3297 non
2708 3236 2935 3296 solum
2985 3234 3056 3296 id

595 3341 1026 3419 significavit
1067 3342 1190 3404 sed
1231 3352 1299 3404 et
1337 3343 1744 3421 promoveri
1782 3343 1871 3404 ab
1901 3343 2053 3421 ipso
2084 3342 2160 3403 P.
2207 3341 2484 3420 Ignatio
2526 3341 2745 3420 petiit.
2790 3341 2876 3403 Et
2920 3342 3055 3402 hoc

593 3448 950 3510 insinuavi
1006 3457 1082 3510 ut
1138 3450 1329 3510 zelus
1387 3449 1620 3527 etiarn,
1685 3450 1873 3528 quod
1940 3448 2031 3511 ad
2086 3449 2374 3527 negotia
2431 3447 2711 3527 publica
2779 3449 3053 3526 attinet,

597 3555 671 3617 P.
725 3554 984 3633 Ignatii
1035 3555 1384 3633 videatur,
1428 3566 1495 3617 et
1536 3554 1720 3635 quod
1756 3573 1897 3617 non
1941 3556 2246 3618 alienum
2287 3554 2800 3617 existimaverit
2844 3572 2885 3616 a
2926 3572 3054 3616 sua

595 3661 1033 3741 professione
1065 3679 1148 3724 ea
1182 3663 1267 3724 de
1299 3680 1375 3724 re
1407 3679 1644 3740 agere.

717 3767 857 3830 342.
948 3769 1125 3832 Cum
1155 3779 1339 3831 esset
1368 3768 1764 3848 Messanae,
1800 3770 2013 3832 etiam
2045 3770 2225 3833 inter
2256 3770 2755 3849 occupationes
2798 3770 3058 3832 multas

597 3877 902 3938 absolvit
931 3876 1007 3938 P.
1040 3875 1313 3938 Natalis
1341 3894 1522 3955 quae
1566 3877 1757 3938 circa
1789 3877 2329 3939 constitutiones
2368 3877 2835 3939 adnotaverat
2875 3886 2944 3938 et
2967 3875 3056 3937 ad

599 3982 671 4045 P.
706 3983 1058 4061 Ignatium
1088 3984 1299 4058 misit.
1328 3996 1396 4047 et
1425 3984 1704 4046 interim
1729 3984 2103 4047 Messanae
2133 3984 2418 4047 easdem
2448 3985 2536 4046 ad
2569 3983 2847 4063 praxim
2872 3984 3058 4067 illius

597 4090 893 4167 Collegii
944 4090 1480 4171 adtemperavit,
1529 4091 1716 4172 quod
1766 4101 1833 4154 et
1876 4101 2124 4171 postea
2173 4090 2506 4153 Panormi
2552 4090 2740 4169 fecit,
2794 4107 2931 4169 quo
2981 4108 3059 4152 se

597 4198 891 4260 contulit
941 4199 1153 4277 paulo
1205 4207 1586 4279 antequam
1628 4198 1958 4276 Pro-rex,
1993 4199 2297 4276 scilicet,
2338 4207 2539 4260 sexta
2579 4197 2928 4274 OctobriS‚
2983 4208 3058 4260 ut

597 4305 989 4367 studiorum
1019 4307 1551 4369 renovationem
1582 4306 2008 4386 disponeret.

716 4411 858 4474 343.
945 4412 1106 4475 Fuit
1138 4413 1231 4475 ibi
1262 4423 1602 4493 exceptus
1641 4414 2051 4476 avidissime
2089 4432 2131 4475 a
2161 4414 2447 4492 nostriS,
2483 4413 2733 4493 quibus
2762 4431 2904 4476 non
2936 4413 3057 4475 mi—

597 4534 733 4581 nus
777 4519 966 4583 utilis
1016 4537 1228 4600 quam
1273 4518 1624 4598 jucundus
1668 4519 1797 4582 fuit
1847 4518 1996 4599 ejus
2034 4521 2415 4598 adventus;
2458 4521 2826 4599 complura
2872 4522 3059 4584 enim

593 4625 748 4705 ejus
778 4628 1251 4705 praesentiam
1282 4628 1800 4690 desiderabant.
1836 4628 2187 4691 Stabilivit
2217 4639 2453 4691 autem
2481 4638 2550 4692 et
2578 4629 2730 4710 ejus
2762 4629 3059 4708 Collegii
