3679 5414
808 450 923 507 540
1746 446 2004 505 Cnnox.
2044 447 2201 506 Soc.
2243 447 2385 520 JES.

928 593 1069 656 316.
1154 592 1577 673 Augebatur
1606 604 1845 656 autem
1874 595 1945 655 in
1989 594 2139 656 dies
2179 594 2248 655 in
2288 594 2590 656 ecclesia
2630 593 2719 655 D.
2762 590 3087 668 Antonii,
3134 611 3272 673 qua

809 702 1036 763 nostri
1085 700 1490 774 utebantur,
1545 700 2030 763 confitentium
2071 710 2139 762 et
2191 698 2863 762 communicantium
2912 716 3267 770 numerus,

810 809 1047 870 multis
1075 825 1222 871 non
1259 808 1491 870 minus
1530 807 2047 870 admirantibus
2089 823 2303 886 quam
2332 807 2796 886 probantibus
2825 806 3010 868 hanc
3039 805 3270 885 huJ'us·
3344 863 3348 868 .

811 915 1001 977 modi
1046 914 1674 978 Sacramentorum
1709 913 2202 993 frequentiam.
2243 911 2383 976 Sed
2415 930 2579 975 cum
2618 912 2755 976 hac
2788 920 3057 975 aestate
3082 911 3271 994 Jubi-

808 1025 1070 1100 laeum,
1119 1022 1207 1085 ob
1236 1023 1638 1102 principum
1687 1021 2237 1084 christianorum
2288 1022 2470 1084 inter
2498 1038 2575 1083 se
2612 1037 2895 1100 pacem,
2940 1019 3271 1084 Panormi

808 1130 1338 1209 promulgatum
1387 1139 1605 1205 esset,
1648 1139 1844 1191 tanta
1884 1128 2012 1191 fuit
2049 1129 2304 1191 messis
2351 1127 2787 1191 abundantia
2827 1138 2901 1190 ut
2946 1128 3272 1207 paucitas

808 1237 1298 1316 operariorum
1370 1238 1750 1299 multorum
1812 1236 2183 1299 desideriis
2243 1234 2656 1299 satisfacere
2727 1252 2870 1298 non
2943 1234 3266 1311 valuerit,

805 1345 1139 1423 quamvis
1162 1343 1347 1407 diem
1379 1345 1735 1434 integrum
1762 1353 1830 1405 et
1862 1344 2128 1422 aliquot
2158 1343 2375 1405 horas
2398 1343 2628 1405 noctis
2652 1342 2753 1404 sic
2779 1343 2850 1403 in
2871 1341 3059 1404 hunc
3083 1342 3266 1404 labo

808 1467 960 1513 rem
992 1451 1478 1513 incumberent
1508 1460 1585 1513 ut
1615 1468 1704 1513 ne
1732 1452 1891 1513 loco
1922 1451 2203 1530 quidem
2242 1449 2334 1512 ad
2376 1449 2738 1529 paulisper
2774 1449 3269 1528 respirandum

810 1558 921 1619 vel
961 1557 1194 1620 cibum
1234 1556 1660 1637 capiendum
1707 1569 2184 1634 moverentur;
2235 1555 2423 1636 quod
2462 1556 2531 1617 in
2577 1556 2890 1618 aestibus
2938 1554 3266 1618 Panormi

799 1665 1152 1743 *gravibus
1181 1682 1325 1727 non
1354 1663 1561 1727 facile
1593 1682 1853 1744 corpus
1884 1665 2254 1726 tolerasset
2280 1711 2294 1739 ,
2328 1664 2389 1725 si
2429 1663 2645 1725 animi
2684 1662 2891 1741 vigor
2932 1679 3092 1725 cum
3134 1661 3265 1726 Dei

807 1771 1072 1834 auxilio
1124 1789 1269 1835 non
1321 1771 1490 1834 illud
1543 1773 2006 1833 sublevasset,
2060 1769 2200 1834 Sed
2237 1771 2374 1832 hoc
2416 1788 2631 1833 unum
2682 1770 2961 1833 dolebat
3006 1771 3266 1832 nostris

803 1879 994 1956 quod
1024 1896 1187 1940 cum
1215 1879 1372 1958 plus
1402 1878 1923 1958 quodammodo
1952 1863 2165 1957 quam
2209 1886 2496 1956 possent
2536 1885 2981 1956 praestarent
2999 1926 3013 1954 ,
3057 1877 3264 1957 pluri·

806 1987 940 2048 mis
969 1995 1206 2048 tamen
1236 1984 1650 2048 satisfacere
1680 2002 1825 2046 non
1855 1986 2205 2062 valerent,
2252 1985 2368 2063 qui
2412 2001 2537 2064 spe
2579 2002 2710 2047 sua
2755 1983 3078 2047 frustrati
3119 2002 3262 2047 non

803 2094 956 2154 sine
986 2109 1249 2172 magno
1280 2092 1553 2170 dolore,
1587 2109 1797 2171 quem
1827 2092 2096 2170 apertis
2127 2109 2296 2171 prae
2327 2109 2404 2154 se
2433 2091 2752 2154 ferebant
2782 2091 3091 2169 indiciiS,
3127 2092 3263 2154 alio

805 2218 882 2262 se
912 2200 1227 2279 recipere
1258 2199 1719 2278 cogebantur.
1753 2199 1830 2261 In
1862 2198 2323 2277 consequenti
2350 2198 2531 2261 festo
2560 2198 3092 2277 Assumptionis
3120 2216 3260 2261 ma·

804 2308 1037 2369 ximus
1067 2309 1280 2370 etiam
1310 2306 1793 2370 confitentium
1823 2323 2160 2368 numerus
2190 2314 2259 2367 et
2289 2305 2988 2384 communicantium,
3024 2315 3093 2368 et
3121 2306 3261 2386 qui-

806 2413 964 2477 dem
978 2432 1070 2477 ex
1085 2414 1442 2494 primariis
1466 2414 1779 2476 civitatis
1802 2414 1980 2478 viris
2003 2431 2087 2476 ac
2110 2412 2541 2490 mulieribuS,
2571 2412 2933 2475 confluxit.
2959 2413 3263 2476 Fructus

805 2532 1044 2584 autem
1067 2519 1214 2599 jam
1243 2519 1626 2600 praedictis
1658 2520 1819 2582 inde
1850 2520 2115 2582 similes
2137 2519 2634 2581 nascebantur.

918 2628 1060 2690 317.
1146 2628 1461 2691 Fuerunt
1483 2676 1497 2704 ,
1532 2629 1654 2707 qui
1683 2626 1997 2709 quandiu
2026 2627 2402 2705 vixissent,
2437 2645 2513 2689 se
2545 2627 2917 2704 ignorasse
2956 2627 3253 2691 fateren-

801 2746 916 2799 tur
945 2736 1111 2815 quid
1152 2718 1339 2798 esset
1378 2736 1756 2811 confessiO,
1790 2754 1933 2798 non
1964 2735 2149 2815 quod
2179 2736 2357 2798 alias
2396 2734 2702 2798 confessi
2748 2752 2893 2798 non
2934 2735 3251 2813 fuissent,

796 2842 924 2905 sed
955 2842 1145 2922 quod
1174 2860 1439 2905 novam
1468 2843 1538 2905 in
1569 2842 2026 2905 confessariis
2063 2842 2354 2922 spiritus
2391 2842 2807 2922 prudentiae
2838 2851 3049 2923 atque
3093 2860 3252 2905 con·

797 2950 936 3012 silii
965 2951 1314 3013 rationem
1345 2950 1923 3025 considerabant,
1958 2960 2027 3012 et
2057 2950 2246 3012 serio
2276 2949 2410 3029 ipsi
2441 2950 2532 3012 ad
2562 2966 2688 3012 cor
2715 2951 3092 3025 redeuntes
3115 3000 3130 3029 ,
3174 2952 3258 3013 de

800 3057 988 3119 vitae
1019 3058 1405 3120 mutatione
1435 3058 1766 3136 agebant,
1800 3068 1870 3120 et
1902 3075 1992 3119 ex
2022 3057 2133 3120 his
2161 3058 2477 3136 plerique
2508 3067 2765 3119 octavo
2796 3075 3073 3137 quoque
3118 3057 3251 3136 die,

801 3166 914 3226 vel
942 3165 1192 3227 saltem
1221 3165 1519 3258 singulis
1561 3164 1918 3227 mensibus
1948 3165 2296 3241 confiteri,
2345 3166 2417 3227 in
2455 3165 2769 3227 animum
2806 3165 3252 3241 induxerunt,

798 3281 869 3332 et
918 3272 1218 3350 impigre
1266 3281 1430 3333 sunt
1478 3272 1827 3347 exsecuti;
1884 3282 1953 3333 et
1995 3272 2112 3351 qui
2159 3271 2569 3350 religiosum
2621 3273 2812 3334 vitae
2865 3272 3257 3335 institutum

799 3393 1059 3457 magno
1090 3379 1305 3443 animi
1333 3377 1616 3440 fervore
1647 3378 2277 3458 amplectebantur,
2310 3380 2415 3441 sic
2446 3379 2934 3457 proficiebant,
2962 3390 3039 3442 ut
3061 3397 3254 3461 prae-

799 3484 1070 3564 positus
1114 3485 1400 3565 quidam
1439 3484 1992 3564 capuccinorum
2038 3485 2522 3548 concionatori
2566 3484 2892 3564 Collegii,
2936 3484 3144 3549 Petro
3175 3486 3259 3549 de

799 3590 1306 3668 Rivadeneira,
1360 3592 1677 3654 retulerit
1722 3592 1980 3654 multos
2009 3611 2097 3653 ex
2144 3593 2277 3668 his,
2320 3593 2438 3671 qui
2478 3591 2932 3671 frequentare
2977 3602 3259 3656 nostros

799 3708 1350 3775 consueverant,
1397 3708 1466 3761 et
1508 3699 1597 3761 ab
1647 3699 1752 3761 eis
1792 3699 1985 3760 velut
2034 3700 2485 3779 propinatum
2531 3700 2896 3778 religionis
2938 3716 3260 3789 ,amorem

801 3805 1250 3884 imbiberant,
1286 3806 1530 3868 divino
1562 3805 1870 3884 quodam
1898 3805 2153 3884 spiritu
2182 3804 2569 3884 flagrantes
2610 3806 2681 3868 in
2721 3824 2965 3869 eorum
3010 3825 3258 3870 coeno·

802 3912 992 3974 bium
1041 3922 1445 3992 cooptatos,
1499 3922 1928 3991 augescente
1971 3912 2043 3974 in
2082 3912 2232 3975 dies
2282 3912 2571 3992 spiritus
2617 3914 2908 3993 ardore,
2961 3931 3262 3994 magnos

799 4035 1225 4097 progressus
1257 4021 1326 4082 in
1356 4020 1476 4082 via
1508 4019 1962 4098 perfectionis
1985 4030 2054 4081 et
2075 4037 2238 4082 cum
2263 4036 2525 4098 magno
2549 4029 3002 4085 caeterorum
3029 4040 3256 4085 exem—

805 4127 921 4204 plo
952 4126 1209 4190 facere.

920 4231 1063 4295 318.
1149 4232 1725 4297 Accersebantur
1766 4234 1990 4296 nostri
2031 4234 2122 4296 ad
2163 4242 2496 4313 aegrotos
2535 4250 2626 4295 ex
2666 4235 3261 4317 multispartibus

719 4396 727 4405 .
802 4339 1121 4403 civitatis
1161 4341 1585 4419 audiendOS,
1620 4351 1688 4403 et
1718 4342 2004 4418 saepius
2036 4358 2079 4402 a
2107 4341 2599 4420 nobilioribuS,
2649 4342 2769 4421 qui
2804 4350 3092 4422 propter
3121 4343 3260 4404 exi·

804 4446 1304 4527 stimationem‚
1340 4466 1554 4529 quarn
1585 4448 1671 4510 de
1699 4448 1964 4510 nostris
2005 4462 2503 4527 conceperant,
2548 4467 2633 4511 eo
2665 4451 2738 4512 in
2779 4457 2970 4513 statu
3008 4450 3257 4511 consti·

803 4554 935 4616 tuti
965 4556 1262 4617 multum
1291 4555 1393 4618 eis
1423 4554 1892 4617 confidebant.
2314 4554 2317 4557 ’

926 4659 1067 4722 319.
1155 4660 1616 4724 Habebantur
1645 4671 2013 4741 praeterea
2046 4662 2430 4725 conciones
2461 4665 2681 4727 variis
2711 4666 2781 4727 in
2813 4666 3007 4728 locis.
3042 4663 3261 4740 Magi·
