3679 5414
737 462 848 522 300
1665 463 1919 524 Canon.
1963 463 2115 524 Soc.
2157 463 2296 536 Jsss.

737 608 1015 672 Ducem
1036 610 1488 673 salutandum
1510 619 1831 690 venerat,
1856 610 2250 690 principem
2271 607 2496 672 Doria
2517 609 2780 688 invisit,
2816 609 2935 689 qui
2964 609 3201 672 statim

739 716 1100 780 triremem
1127 734 1203 780 se
1235 718 1566 781 daturum
1595 717 1994 797 affirmavit,
2039 717 2176 780 nisi
2209 717 2663 780 commissum
2694 717 2829 797 ipsi
2865 718 2954 779 ab
2984 717 3199 797 Impe-

739 832 979 887 ratore
1027 824 1274 887 suisset
1321 834 1399 887 ut
1447 824 2024 918 Neapolim-cum
2062 826 2289 888 classe
2332 824 2571 887 statim
2608 823 3197 904 proficisceretur,

740 930 906 1009 quia
949 928 1096 1009 jam
1144 939 1294 994 tum
1336 932 1422 994 de
1465 932 1734 1012 potenti
1772 941 2135 995 turcarum
2190 932 2450 1010 classe,
2498 940 2781 995 centum
2829 931 3097 994 scilicet
3134 940 3203 993 et

736 1037 1252 1117 quinquaginta
1274 1038 1687 1115 triremium,
1709 1039 2074 1101 dicebatur
2085 1039 2275 1118 quod
2292 1038 2613 1101 Africam
2630 1047 2817 1101 esset
2837 1037 3199 1116 invasura;

738 1142 925 1205 unde
975 1143 1141 1206 Dux
1187 1145 1533 1224 reliquum
1583 1146 1855 1208 itineris
1898 1154 2089 1208 terra
2125 1144 2474 1208 conficere
2514 1146 2863 1223 decrevit,
2896 1144 3203 1224 navigiis

738 1250 1094 1313 interdum
1124 1252 1386 1316 utendo
1418 1253 1479 1315 si
1508 1254 1850 1333 temporis
1879 1254 2226 1316 serenitas
2251 1254 2607 1315 invitaret.

858 1356 998 1419 271.
1089 1358 1168 1421 In
1198 1359 1617 1439 Hispaniam
1651 1360 1869 1439 igitur
1897 1360 2321 1440 perveniens
2351 1377 2436 1421 ac
2467 1359 2907 1439 provinciam
2942 1357 3200 1438 Guipu-

739 1481 954 1527 scoae
978 1465 1342 1545 ingressus
1367 1485 1528 1530 cum
1552 1467 1785 1546 sociiS,
1803 1467 2203 1547 Azpeitiam
2227 1486 2310 1529 ac
2335 1468 2647 1546 Loyolae
2671 1465 2954 1528 domum
2978 1466 3204 1528 eidem

738 1572 1051 1635 vicinam
1102 1573 1410 1636 invisere
1449 1573 1708 1654 voluit3
1753 1591 1841 1636 ac
1880 1573 2168 1637 Domini
2219 1574 2304 1636 de
2354 1574 2626 1652 Loyola
2667 1572 2819 1652 (qui
2856 1590 2946 1635 ex
2983 1572 3201 1635 fratre

740 1696 962 1758 nepos
991 1678 1065 1741 P.
1101 1679 1360 1759 Ignatii
1389 1682 1598 1759 erat),
1630 1680 1777 1761 jam
1809 1681 2149 1759 defuncti,
2182 1697 2481 1743 uxorem
2521 1690 2589 1742 et
2628 1680 2809 1742 filias
2837 1679 3197 1742 salutavit.

743 1784 1102 1849 Parabant
1140 1788 1420 1865 quidem
1453 1788 1707 1868 oppida
1742 1789 1861 1851 illa
1893 1787 2102 1850 officii
2132 1787 2365 1866 gratia
2393 1789 2614 1850 multa
2644 1796 2720 1850 ut
2750 1787 2931 1849 Duci
2962 1804 3200 1849 occur·

741 1901 980 1955 rerent
1008 1892 1414 1972 honorifice,
1449 1905 1518 1957 et
1548 1911 1705 1956 eum
1738 1913 1899 1958 cum
1929 1894 2149 1974 ipsius
2177 1894 2445 1956 familia
2467 1894 2553 1957 de
2584 1894 2794 1956 rebus
2824 1894 2913 1956 ad
2936 1893 3202 1955 victum

741 2001 1166 2063 necessariis
1186 2002 1665 2081 providerent;
1692 2002 1818 2064 sed
1841 2000 2272 2081 significavit
2295 2000 2461 2063 Dux
2493 2019 2569 2063 se
2590 2000 2989 2080 hujusmodi
3011 2018 3199 2080 pom-

742 2108 909 2186 pam
948 2118 1235 2186 gratam
1271 2125 1417 2170 non
1463 2108 1755 2186 habere3
1798 2117 1868 2171 et
1916 2109 2019 2172 sic
2065 2117 2340 2172 tantum
2384 2108 2601 2187 aliqui
2638 2107 2775 2170 viri
2818 2108 3090 2170 nobiles
3137 2108 3203 2168 ei

741 2214 1232 2293 occurrebant,
1276 2215 1394 2293 qui
1432 2225 1501 2278 et
1540 2216 1849 2296 hospitio
1888 2216 2355 2296 excipiebant,
2390 2226 2458 2278 et
2488 2215 2770 2295 quidem
2799 2216 2979 2278 inter
3012 2231 3199 2277 mon-

739 2329 848 2383 tes
880 2321 1035 2384 illos
1066 2340 1154 2384 ne
1191 2322 1503 2385 urbanas
1543 2324 1823 2403 quidem
1855 2324 2390 2387 commoditates
2420 2323 2807 2386 desiderari
2844 2322 3200 2402 patieban-

739 2435 875 2490 tur.
923 2427 1297 2491 Accedens
1342 2431 1627 2493 tandem
1678 2430 1770 2493 ad
1819 2431 2155 2511 oppidum
2205 2431 2290 2493 de
2341 2429 2653 2509 Ognate,
2699 2428 2881 2492 filius
2912 2428 3203 2492 Comitis

739 2532 1172 2612 Ognatensis
1215 2553 1378 2598 cum
1427 2538 1663 2600 multis
1711 2538 2061 2617 equitibus
2110 2556 2195 2600 ac
2245 2536 2594 2617 peditibus
2643 2537 2708 2599 ei
2757 2536 3089 2615 occurrit;
3137 2544 3204 2598 et

740 2642 1068 2720 quamvis
1097 2642 1167 2704 in
1198 2642 1356 2705 aliis
1387 2643 1696 2725 oppidis,
1730 2653 2071 2726 quantum
2100 2645 2213 2706 ille
2244 2653 2542 2725 poterat,
2568 2643 3013 2725 impediebat,
3044 2644 3204 2706 viae

740 2757 980 2811 tamen
1019 2750 1342 2829 publicae
1383 2761 1528 2814 tam
1568 2760 1771 2814 erant
1819 2754 2070 2832 plenae
2119 2753 2518 2815 hominibus
2561 2761 2631 2814 et
2673 2752 3075 2831 alacritate,
3128 2761 3203 2814 ut

741 2855 1185 2920 imitarentur
1214 2875 1369 2938 eos,
1416 2858 1535 2938 qui
1577 2859 1648 2921 in
1678 2860 2031 2923 dominica
2076 2861 2474 2940 palmarum
2514 2859 2863 2923 dicebant:
2906 2858 3202 2921 Benedi-

739 2967 900 3025 ctus
929 2964 1057 3042 quz'
1079 2965 1274 3027 venit
1306 2965 1380 3026 in
1413 2965 1693 3028 nomine
1723 2966 2050 3044 Domine&
2079 2975 2149 3028 et
2179 2984 2340 3029 cum
2365 2964 2769 3046 Vergaram
2800 2967 2890 3029 ad
2920 2983 3205 3028 sacrum

741 3070 1169 3133 audiendum
1200 3089 1275 3134 se
1315 3072 1757 3158 conferebat,
1803 3091 2048 3136 omnes
2087 3073 2593 3153 propemodum
2622 3071 2771 3152 ejus
2801 3072 3039 3152 populi
3068 3072 3205 3135 viri

741 3188 811 3239 et
848 3176 1198 3241 foeminae
1239 3187 1307 3241 et
1352 3181 1553 3259 pueri
1596 3197 1759 3243 cum
1795 3180 2190 3243 incredibili
2228 3180 2446 3244 animi
2485 3180 2753 3243 laetitia
2794 3198 2953 3242 eum
2993 3180 3201 3242 comi-

743 3284 872 3346 tati
903 3293 1087 3347 sunt.

860 3390 999 3454 272.
1087 3393 1165 3455 In
1222 3393 1480 3473 oppido
1540 3401 1775 3455 autem
1832 3393 1919 3456 de
1978 3392 2295 3473 Ognate,
2355 3394 2428 3456 in
2483 3394 2771 3474 propria
2829 3392 3202 3456 Societatis

739 3497 976 3578 dom0,
1018 3518 1060 3561 a
1111 3498 1320 3562 Petro
1359 3498 1745 3562 Michaelez
1784 3498 1872 3562 de
1911 3498 2152 3562 Araoz
2200 3501 2482 3578 relicta,
2528 3500 2847 3579 divertit,
2911 3517 3089 3580 quae
3132 3508 3200 3561 et

740 3605 1228 3684 Universitati,
1263 3605 1520 3669 ibidem
1548 3623 1774 3688 nuper
1803 3615 2083 3668 erectae
2113 3607 2203 3669 ab
2232 3607 2587 3687 Episcopo
2613 3607 2974 3684 Abulensi,
3002 3615 3071 3669 et
3093 3624 3199 3668 ec-

735 3712 998 3774 clesiae
1028 3713 1264 3774 vicina
1294 3722 1477 3791 erat3
1511 3722 1579 3776 et
1608 3731 1769 3776 cum
1798 3713 2155 3776 hominum
2189 3713 2466 3776 illorum
2494 3714 2912 3793 simplicitas
2941 3722 3010 3776 et
3039 3731 3200 3776 can·

739 3818 872 3881 dor
922 3836 1226 3898 magnus
1265 3821 1658 3899 videretur,
1701 3819 2012 3882 fructum
2054 3821 2266 3882 etiam
2309 3838 2453 3883 non
2495 3821 2994 3900 poenitendum
3036 3834 3196 3883 con·

737 3934 1147 3988 secuturum
1188 3943 1346 3989 esse
1389 3927 1796 4007 sperabant.
1844 3926 2051 4005 Quod
2088 3928 2336 3990 attinet
2376 3927 2469 3990 ad
2504 3929 2739 3991 locum
2778 3929 3198 3991 residentiae

739 4030 963 4095 Ducis
993 4034 1351 4113 Glandiae,
1385 4034 1777 4096 dubitatum
1808 4043 1915 4097 est
1946 4053 2039 4097 an
2069 4035 2221 4114 ipso
2253 4035 2323 4097 in
2356 4035 2614 4115 oppido
2648 4036 2733 4098 de
2763 4035 3072 4116 Ognate,
3107 4053 3199 4098 an

738 4139 1110 4219 Vergarae
1142 4139 1294 4204 fieri
1323 4140 1632 4221 deberet,
1668 4160 1761 4204 an
1786 4142 1972 4217 alibi;
2005 4160 2095 4204 ex
2118 4142 2355 4205 multis
2379 4142 2565 4205 enim
2587 4143 2761 4206 locis
2785 4143 3197 4222 provinciae

734 4247 920 4310 illius
958 4247 1210 4311 domus
1244 4248 1752 4328 offerebantur.;
1789 4249 1914 4311 sed
1955 4250 2438 4313 eremitorium
2479 4250 2834 4330 quoddam
2868 4251 3011 4313 B.·e
3054 4250 3197 4313 Ma-

736 4356 1084 4435 gdalenae
1102 4373 1390 4418 sacrum
1411 4357 1697 4419 tandem
1729 4357 2077 4419 delectum
2107 4365 2236 4436 est,
2263 4358 2450 4437 quod
2468 4375 2608 4420 uno
2630 4357 2778 4421 fere
2803 4357 3084 4420 milliari
3108 4357 3198 4419 ab

647 4473 660 4488 ·
737 4463 999 4543 oppido
1032 4463 1116 4525 de
1147 4462 1427 4543 Ognate
1457 4463 1795 4542 distabat;
1823 4472 1893 4526 et
1915 4465 2242 4545 quamvis
2266 4464 2498 4544 aliqua
2525 4465 2776 4527 domus
2800 4463 3058 4527 ibidem
3082 4482 3194 4527 ex·

736 4578 971 4633 tructa
1001 4581 1176 4650 erat,
1199 4570 1593 4634 aedificium
1622 4580 1860 4634 tamen
1876 4579 2162 4634 auctum
2180 4580 2307 4634 est.
2336 4571 2628 4635 Commo
2642 4571 2728 4635 de
2753 4572 2938 4634 enim
2960 4571 3195 4634 Domi·

735 4692 873 4739 nus
922 4676 1329 4741 Ludovicus
1369 4678 1456 4741 de
1495 4677 1870 4756 Mendoza,
1917 4678 2035 4758 qui
2064 4677 2532 4758 Tyburtinam
2560 4679 2935 4742 ecclesiam
2965 4678 3199 4742 Divae
