3679 5414
685 488 760 546 94
1594 485 1847 546 Canon.
1891 485 2042 545 Soc,
2086 486 2226 559 Jsss.

684 635 871 696 inter
895 649 1073 712 quos
1096 632 1294 695 multi
1316 618 1643 694 doctores
1664 640 1891 710 erant,
1912 631 2236 694 hortatus
2250 640 2378 694 est.
2396 631 2917 695 Existimabam
2942 632 3151 694 amici

689 758 947 820 operae
975 740 1280 819 pretium
1307 738 1459 802 fore
1488 740 1553 802 si
1578 738 1655 801 P.
1691 740 2010 817 Baptista
2041 739 2236 801 illum
2267 739 2701 817 conveniret,
2730 738 2854 801 sed
2878 756 3006 818 per
3033 756 3150 818 pa-

689 848 1007 910 tientiam
1036 847 1284 909 melius
1314 844 1713 925 hujusmodi
1742 846 1932 908 dicta
1961 847 2156 908 vinci
2184 863 2393 925 posse
2425 846 2537 908 ille
2567 846 3032 908 existimavit.-

808 954 948 1016 219.
1035 954 1166 1016 His
1194 953 1341 1015 fere
1369 952 1618 1016 diebus
1647 953 1933 1031 quidam
1956 951 2306 1016 Sacerdos
2329 970 2372 1014 a
2394 952 2833 1015 concubinae
2863 970 3150 1015 consue-

690 1060 953 1139 tudine,
988 1078 1200 1140 quam
1230 1061 1485 1122 misere
1514 1059 1902 1139 deperibat,
1937 1068 2341 1138 revocatuS,
2368 1076 2495 1138 per
2518 1059 2854 1122 humilem
2885 1059 3150 1122 confes-

690 1169 962 1231 sionem
991 1167 1083 1230 ad
1114 1185 1450 1246 magnam
1477 1169 1669 1230 vitae
1698 1169 2160 1230 mutationem
2189 1165 2537 1230 adductus
2567 1176 2694 1230 est.

809 1274 949 1338 220.
1038 1275 1214 1337 Tres
1247 1274 1547 1355 juvenes
1592 1277 1710 1355 qui
1764 1277 1833 1338 in
1885 1292 2147 1354 magna
2187 1276 2469 1338 licentia
2520 1276 2721 1337 carni
2770 1283 2840 1336 et
2890 1274 3150 1337 mundo

690 1383 1121 1461 servierant,
1178 1393 1246 1445 et
1292 1381 1918 1446 sacramentorum
1962 1383 2436 1462 perexiguum
2481 1399 2687 1444 usum
2729 1380 3146 1459 habuerant,

691 1505 854 1551 cum
892 1489 1357 1552 scholasticos
1396 1490 1583 1571 apud
1623 1489 2122 1552 carthusianos
2160 1487 2480 1552 confiteri
2529 1497 2597 1550 et
2641 1488 3152 1550 communicari

691 1595 1058 1671 vidissent,
1093 1595 1168 1659 Ρ.
1203 1596 1600 1676 Baptistam
1631 1596 1978 1673 adierunt,
2006 1594 2207 1674 cujus
2229 1596 2723 1657 exhortatione
2747 1595 2837 1657 ad
2859 1611 3149 1673 genera-

692 1704 830 1764 lem
859 1704 1074 1765 totius
1103 1704 1294 1766 vitae
1325 1703 1844 1765 confessionem
1874 1702 2379 1765 instituendam
2399 1702 2701 1781 permoti
2724 1710 2910 1780 sunt,
2938 1717 3151 1780 quam

690 1809 919 1872 eidem
971 1828 1132 1872 cum
1181 1826 1443 1889 magna
1492 1811 1684 1873 vitae
1723 1811 2154 1889 praeteritae
2195 1809 2661 1871 detestatione
2702 1806 3043 1886 fecerunt;
3086 1816 3154 1869 et

693 1926 953 1980 octavo
986 1935 1262 1998 quoque
1293 1918 1405 1980 die
1429 1917 1520 1979 ad
1543 1918 2115 1980 communionem
2138 1916 2556 1979 accedentes
2580 1916 2760 1978 mira
2781 1923 3154 1977 metamor-

694 2025 904 2105 phosi
935 2042 1225 2104 prorsus
1256 2025 1328 2087 in
1358 2026 1537 2087 alios
1568 2025 1892 2087 homines
1921 2033 2229 2087 mutatos
2266 2024 2675 2087 credideris,
2712 2023 2918 2086 Alius
2950 2040 3156 2103 quar-

693 2142 828 2213 ωε,
856 2142 1233 2214 postquam
1261 2132 1698 2212 aliquamdiu
1721 2134 1793 2195 in
1817 2132 2377 2195 confessionibus
2409 2132 2678 2194 crebris
2708 2147 3153 2211 perseveras-

691 2250 830 2319 set,
860 2240 951 2302 ad
976 2240 1393 2318 religionem
1417 2240 1870 2302 minimorum
1892 2240 2093 2319 (quos
2115 2240 2334 2301 bonos
2361 2238 2681 2301 homines
2710 2237 3004 2300 Parisiis
3037 2255 3154 2299 vo-

692 2348 903 2425 cant),
932 2365 1008 2409 se
1032 2348 1348 2409 contulit.
1378 2347 1554 2409 Tres
1580 2346 1700 2409 alii
1724 2347 1797 2408 in
1818 2346 2306 2425 spiritualibus
2328 2346 2685 2431 exercitiis
2708 2361 2970 2423 magno
2995 2362 3155 2407 cum

691 2453 926 2517 fructu
983 2454 1281 2531 versati,
1338 2454 1634 2515 consilia
1692 2452 1981 2515 Domini
2034 2453 2364 2532 amplecti
2412 2450 2881 2515 decreverunt
2909 2468 2922 2528 ;
2975 2469 3156 2513 unus

690 2577 961 2638 eorum,
989 2562 1272 2623 natione
1304 2561 1542 2639 belga,
1570 2578 1699 2622 sex
1730 2576 1947 2639 supra
1970 2560 2226 2638 viginti
2257 2576 2482 2621 annos
2507 2568 2715 2621 natus
2743 2566 2812 2621 et
2839 2558 2910 2620 in
2934 2558 3150 2638 philo-

691 2666 949 2747 sophia
977 2666 1281 2730 Lovanii
1308 2675 1699 2746 promotuS,
1729 2664 2162 2730 Societatem
2184 2665 2461 2746 ingredi
2484 2665 2830 2742 decrevit;
2856 2666 3033 2728 alter
3057 2665 3148 2727 ad

694 2773 1038 2836 familiam
1076 2774 1246 2837 Divi
1285 2774 1653 2837 Francisci
1689 2791 1764 2836 se
1802 2776 2128 2852 contulit3
2172 2775 2453 2852 tertiuS‚
2502 2790 2662 2835 cum
2705 2774 2858 2836 sine
2898 2773 3155 2836 litteris

688 2889 910 2959 esset,
966 2881 1298 2960 quamdiu
1340 2882 1651 2959 viveret,
1681 2896 2075 2960 pauperum
2115 2880 2559 2943 xenodochio
2603 2881 2950 2943 inservire
2994 2896 3154 2941 con-

684 2988 946 3050 stituit.

812 3094 952 3157 221.
1039 3095 1308 3158 Eodem
1338 3111 1524 3156 anno
1547 3092 1829 3172 juvenis
1862 3095 2120 3173 viginti
2150 3104 2219 3157 et
2257 3096 2556 3158 duorum
2584 3111 2964 3170 annorum,
3013 3091 3154 3154 Ma-

682 3203 915 3281 gister
944 3200 1796 3282 EleutheriusPontanuS,
1824 3211 1893 3263 et
1914 3201 2071 3281 ipse
2096 3202 2327 3282 belga,
2355 3203 2429 3264 in
2451 3201 2935 3281 spiritualibus
2957 3217 3152 3262 exer-

690 3310 874 3372 citiis
903 3307 1057 3370 Deo
1088 3326 1163 3370 se
1194 3309 1267 3371 in
1295 3306 1647 3371 Societate
1686 3316 1930 3369 nostra
1972 3309 2449 3384 consecravit;
2495 3316 2860 3388 promotus
2890 3315 2959 3368 et
3005 3307 3156 3387 ipse

690 3416 994 3479 Lovanii
1022 3424 1196 3492 erat,
1231 3415 1354 3477 sed
1384 3413 1676 3476 Parisiis
1707 3415 2087 3477 triennium
2119 3416 2511 3478 medicinae
2540 3414 2999 3493 impenderat.
3029 3412 3157 3476 Ca-

690 3524 906 3600 roluS‚
941 3522 1155 3584 etiam
1183 3520 1241 3583 F
1243 3521 1511 3598 lauder,
1545 3520 1791 3583 eodem
1820 3520 1967 3583 fere
2006 3530 2323 3601 tempore
2362 3540 2438 3584 se
2478 3520 2814 3584 Societati
2855 3519 3151 3598 addixit.

690 3628 772 3691 In
808 3627 1170 3690 tradendis
1209 3636 1444 3689 autern
1482 3625 1886 3705 huJusmodi
1937 3629 2426 3707 spiritualibus
2474 3627 2830 3691 exercitiis
2868 3625 2943 3687 P.
2980 3625 3156 3687 Eve-

691 3734 946 3800 rardus
974 3733 1464 3796 Mercurianus
1494 3749 1698 3795 suam
1726 3732 1873 3796 fere
1905 3752 2187 3814 semper
2222 3752 2521 3815 operam
2549 3732 2957 3814 praestabat
2989 3728 3029 3792 ¹.

813 3839 952 3903 222.
1040 3839 1348 3902 Petierat
1375 3838 1447 3901 Ρ.
1488 3839 1811 3919 Baptista
1846 3841 1916 3903 in
1948 3842 2345 3904 amicorum
2367 3842 2672 3921 gratiam
2697 3849 2774 3902 ut
2797 3838 3157 3915 indulgen·

693 3949 867 4011 tiam
898 3946 1188 4027 jubilaei
1216 3945 1291 4009 Ρ.
1325 3946 1644 4025 Ignatius
1666 3948 1769 4010 eis
1797 3948 2237 4027 impetraret,
2278 3950 2467 4029 quod
2502 3965 2662 4011 cum
2694 3944 3020 4009 effectum
3054 3963 3156 4007 es·

686 4063 823 4132 set,
877 4070 1138 4132 magna
1190 4054 1289 4116 illi
1338 4055 1824 4116 consolatione
1876 4053 2113 4118 affecti
2157 4066 2341 4132 sunt,
2391 4048 2908 4136 cognoscentes
2950 4058 3158 4122 facile

688 4159 879 4241 quod
904 4162 976 4223 in
1006 4160 1259 4239 spiritu
1288 4177 1331 4220 a
1360 4157 1718 4222 Societate
1748 4161 2232 4239 diligerentur.

775 4437 793 4469 ¹
851 4437 1105 4480 Polancus
1123 4467 1132 4484 .
1148 4446 1213 4478 ex
1232 4435 1573 4487 comissione,
1593 4435 1777 4488 Joanni
1808 4436 2077 4492 Baptistae
2108 4438 2170 4481 de
2193 4439 2359 4483 Violis
2376 4473 2386 4491 ,
2419 4442 2482 4484 de
2506 4442 2866 4496 admittendis.
2890 4445 2951 4486 de
2974 4454 3152 4487 eorum

686 4508 986 4552 dimissione
1001 4540 1012 4561 ,
1035 4508 1119 4561 qui
1140 4513 1256 4561 post
1276 4506 1405 4549 duos
1421 4508 1740 4561 probationis
1761 4520 1921 4552 annos
1941 4522 2064 4552 vere
2096 4510 2324 4565 religiosi
2355 4519 2489 4565 sunt,
2510 4524 2605 4556 nec
2638 4515 2689 4557 in
2720 4515 2852 4558 alias
2875 4514 3151 4569 religiones

694 4579 918 4623 transire
941 4579 1015 4622 eis
1034 4579 1183 4631 licet;
1204 4578 1264 4620 de
1286 4576 1521 4631 Talpino,
1538 4577 1567 4620 8
1582 4577 1878 4632 Februarii;
1910 4580 1970 4622 de
1993 4581 2318 4625 scholasticis
2341 4582 2557 4626 Romam
2577 4584 2842 4628 mittendis
2855 4616 2865 4634 ,
2885 4585 2939 4628 26
2959 4584 3152 4635 Martii:

686 4650 757 4693 de
781 4648 992 4693 Moreuo
1021 4656 1073 4693 et
1095 4650 1154 4693 de
1186 4647 1450 4692 mittendis
1484 4648 1714 4703 Romam,
1745 4661 1845 4694 uno
1876 4653 2201 4706 praesertim,
2233 4654 2317 4706 qui
2352 4654 2479 4696 bene
2508 4665 2728 4708 graecas
2758 4655 2965 4700 litteras
2995 4655 3160 4710 possit

690 4722 899 4774 docere,
924 4723 968 4764 11
988 4721 1228 4776 Augusti.
