3679 5414
769 436 843 495 20
1699 435 1953 495 Cimon.
1997 433 2149 494 Soc.
2191 434 2333 508 Jes.

770 599 897 662 pro
928 582 1270 645 miraculo
1311 580 1722 658 haberetur3
1758 580 1966 643 sicuti
2006 589 2074 643 et
2114 580 2385 643 sanitas
2423 580 2986 643 febricitantibus
3028 582 3239 662 impe·

769 697 988 767 trata,
1023 688 1210 768 quod
1240 687 1376 750 illis
1408 687 1652 750 diebus
1685 704 1848 750 cum
1877 686 2086 749 unico
2118 686 2257 749 filio
2283 704 2409 748 suo
2434 686 2720 766 quidam
2759 705 2847 750 ex
2885 687 3240 767 primariis

768 796 965 858 urbis
994 804 1330 875 expertus
1359 795 1623 871 fuerat,
1660 795 1776 874 qui
1809 811 1971 856 cum
2000 793 2399 873 periculosa
2430 793 2808 856 admodum
2842 794 3017 857 febri
3056 795 3242 859 filius

767 903 1154 981 laboraret,
1189 901 1612 989 Michaelem
1644 901 2008 975 evocavit,
2043 908 2110 962 et
2142 899 2322 962 filius
2347 901 2588 962 statim
2616 918 2742 980 per
2773 900 2905 964 Dei
2928 902 3235 980 gratiam

770 1008 1153 1071 convaluit.
1199 1007 1439 1087 Aliqui
1480 1008 1694 1070 etiam
1734 1007 1824 1069 ad
1870 1005 2244 1069 Societatis
2282 1006 2681 1069 institutum
2719 1008 3031 1071 animum
3073 1008 3237 1089 adji-

771 1115 1051 1177 ciebant
1081 1133 1170 1177 ex
1210 1115 1318 1176 his
1358 1114 1752 1193 discipuliS‚
1796 1114 1913 1193 qui
1956 1113 2262 1193 optimae
2302 1112 2555 1176 indolis
2593 1132 2748 1176 esse
2788 1115 3228 1180 videbantur.

772 1221 909 1286 Sed
937 1222 1128 1284 nulla
1160 1222 1231 1283 in
1262 1240 1337 1284 re
1375 1220 1599 1301 major
1644 1220 1917 1283 fructus
1965 1237 2177 1299 quam
2211 1220 2283 1282 in
2321 1220 2879 1284 confessionibus
2911 1224 3237 1286 cerneba-

771 1338 915 1407 tur;
949 1328 1164 1408 aliqui
1192 1329 1378 1390 enim
1408 1344 1550 1389 non
1583 1328 1734 1389 sine
1776 1343 2040 1405 magna
2083 1326 2269 1389 illius
2299 1325 2531 1389 Patris
2562 1338 2630 1389 et
2674 1328 3141 1392 admiratione
3170 1340 3238 1392 et

771 1435 1255 1498 consolatione
1309 1433 1399 1496 ad
1439 1451 1600 1496 eum
1641 1434 2107 1509 accedebant,
2152 1434 2269 1512 qui
2315 1434 2609 1511 triginta
2649 1444 2716 1497 et
2765 1436 3239 1515 quadraginta

771 1542 973 1605 annis
1004 1541 1072 1603 id
1102 1557 1462 1621 nunquam
1496 1540 1812 1603 fecerant
1849 1557 1979 1602 nec
2014 1540 2747 1615 communicaverant,
2785 1552 2853 1603 et
2885 1543 3237 1605 contritio·

771 1664 930 1710 nem
960 1666 1044 1710 ac
1073 1646 1577 1727 poenitentiam
1606 1663 1894 1708 suorum
1924 1655 2381 1725 peccatorum
2408 1664 2582 1726 prae
2612 1666 2688 1709 se
2718 1647 3037 1712 ferebant
3080 1648 3120 1711 ¹.

887 1752 968 1815 36
996 1752 1040 1815 ³.
1129 1753 1301 1816 Erat
1330 1752 1677 1816 Meldulae
1728 1752 1798 1814 id
1839 1752 2179 1832 temporis
2220 1751 2622 1832 Stephanus
2665 1754 3227 1833 CapumsachuS,

771 1860 1141 1939 AretinuS,
1205 1861 1322 1941 qui
1373 1878 1513 1922 non
1566 1863 1794 1922 solum
1827 1860 1900 1921 in
1951 1859 2357 1923 Christiana
2408 1861 2727 1923 doctrina
2782 1872 2924 1924 tam
2973 1880 3234 1942 pueros

770 1985 980 2047 quam
1029 1967 1306 2031 adultos
1355 1967 1697 2045 excoluit,
1742 1967 1867 2028 sed
1912 1969 2175 2028 cultum
2215 1966 2430 2029 etiam
2474 1967 2788 2030 divinum
2834 1970 3236 2048 augendum

771 2075 842 2137 in
871 2092 956 2137 eo
987 2075 1244 2155 oppido
1274 2073 1586 2149 curavit,
1623 2073 1790 2135 dum
1820 2089 2110 2152 puerOS,
2145 2082 2212 2134 et
2246 2072 2657 2136 sacerdotes
2688 2075 2922 2151 etiam,
2958 2076 3046 2138 ad
3074 2095 3232 2139 can-

769 2182 986 2244 tanda
1017 2181 1247 2244 officia
1278 2180 1521 2242 divina
1550 2178 1851 2253 inducit,
1886 2178 2071 2258 quod
2116 2172 2380 2241 ante'id
2411 2189 2685 2259 tempus
2726 2181 3072 2244 Meldulae
3100 2183 3232 2246 usi·

770 2298 997 2351 tatum
1026 2305 1171 2350 non
1199 2296 1373 2349 erat.
1410 2285 1547 2348 Pro
1578 2285 1921 2369 electione
1953 2285 2165 2347 etiam
2190 2284 2457 2348 Summi
2484 2286 2863 2365 PontificiS,
2899 2298 2968 2350 et
2998 2289 3235 2352 Eccle-

770 2395 918 2457 siae
949 2394 1452 2457 necesitatibus
1476 2392 1796 2472 publicas
1819 2401 1888 2454 et
1914 2391 2235 2471 privatas
2259 2393 2615 2455 orationes
2640 2394 2906 2456 institui
2930 2396 3231 2458 curavit.

768 2500 905 2564 Per
945 2500 1479 2563 exhortationes
1523 2507 1759 2561 autem
1798 2498 2118 2578 publicas
2148 2508 2216 2561 et
2258 2499 2635 2561 conciones
2676 2502 2910 2581 aliqua
2952 2503 3236 2582 pietatis

768 2593 986 2686 opera
1016 2608 1088 2669 in
1116 2623 1504 2686 pauperum
1534 2604 1951 2667 beneficium
1980 2605 2365 2683 promovit,
2402 2616 2469 2668 et
2502 2606 2683 2670 inter
2714 2608 3078 2672 discordes
3115 2628 3230 2690 pa-

771 2732 926 2778 cem
974 2715 1357 2777 conciliare
1411 2712 1694 2776 studuit.
1750 2711 2294 2792 praeceptorem
2346 2713 2572 2790 illum,
2626 2716 2741 2793 qui
2788 2714 3232 2794 Juventutem

766 2823 1266 2885 meldulensem
1320 2821 1388 2882 in
1440 2820 1690 2882 litteris
1744 2819 2189 2894 instituebat,
2237 2819 2338 2881 sic
2390 2819 2459 2882 in
2511 2821 2774 2908 spiritu⁶
2811 2840 3234 2902 promovere

763 2927 1027 2991 studuit
1078 2936 1154 2990 ut
1193 2928 1343 3006 ipse
1383 2925 1599 2988 etiam
1646 2943 1814 2988 suos
1866 2925 2249 3006 discipulos
2297 2926 2367 2987 in
2409 2927 2887 3005 spiritualibus
2920 2928 3225 3009 juvaret.

760 3034 1110 3098 Plurimos
1161 3034 1251 3096 ad
1310 3032 1775 3097 confessionis
1835 3042 1903 3094 et
1966 3033 2480 3095 communionis
2536 3034 2972 3115 frequentem
3025 3054 3235 3101 usum

762 3140 1084 3219 adduxit;
1132 3141 1220 3204 ab
1270 3140 1516 3203 otiosis
1556 3149 1625 3202 et
1664 3139 1874 3201 vanis
1913 3139 2576 3217 exercitationibuS,
2628 3141 2698 3203 in
2738 3143 2988 3221 quibus
3028 3143 3229 3207 festis

760 3248 1006 3312 diebus
1034 3249 1526 3326 versabantur,
1562 3246 1883 3308 homines
1913 3245 2306 3324 revocavit,
2341 3257 2410 3308 et
2443 3247 2531 3309 ad
2563 3247 2803 3311 divina
2845 3249 3073 3313 officia
3112 3269 3228 3313 au·

760 3356 1018 3418 dienda'
1062 3363 1131 3417 et
1176 3353 1263 3417 ad
1306 3353 1700 3416 orationem
1742 3352 1813 3414 in
1861 3353 2237 3430 communi,
2283 3353 2544 3432 partim
2597 3357 2919 3418 vocalem
2969 3359 3229 3438 partim

761 3462 1168 3540 mentalem,
1223 3459 1620 3523 faciendam
1661 3458 1967 3535 induxit,
2014 3469 2082 3521 et
2130 3477 2252 3521 eos
2290 3460 2440 3539 ipse
2496 3460 2899 3540 aliquandiu
2948 3464 3228 3545 direxit;

763 3567 1236 3649 quadraginta
1264 3568 1602 3629 horarum
1633 3565 1750 3627 diu
1779 3574 2133 3645 noctuque
2165 3566 2580 3644 orationem,
2617 3568 2706 3629 ad
2736 3586 2947 3647 quam
2977 3572 3226 3635 utrius-

762 3692 896 3755 que
926 3690 1140 3736 sexus
1172 3673 1490 3735 homines
1522 3671 1742 3735 totius
1771 3670 2008 3751 oppidi
2042 3688 2165 3749 per
2198 3673 2390 3734 vices
2420 3672 2917 3755 interfuerunt,
2952 3694 3083 3756 pro
3113 3697 3225 3742 ne-

846 3879 862 3910 ¹
920 3878 1198 3927 Polancus,
1233 3888 1299 3920 ex
1331 3877 1736 3926 commissione,
1771 3875 2009 3919 Michaeli
2044 3875 2235 3928 Ochoa,
2272 3879 2391 3930 quid
2426 3879 2819 3932 praestandum,
2856 3888 2912 3924 ut
2948 3883 3126 3926 valida
3158 3883 3227 3926 sit

760 3951 909 4003 juxta
929 3949 1244 4006 Tyburtinas
1266 3950 1407 4002 leges
1426 3948 1618 3991 Luciae
1642 3947 1900 4004 Cynthiae
1922 3948 2133 3991 donatio
2156 3947 2404 3992 Societati
2424 3949 2562 3992 sacta
2583 3961 2633 3992 et
2654 3957 2710 3993 ut
2730 3951 2927 3996 vicarii
2950 3952 3224 4009 Tyburtlnl

765 4017 977 4065 offensio
998 4022 1210 4069 vitetur.
1230 4022 1257 4062 9
1276 4019 1755 4072 Junii.—Publicum
1786 4020 2182 4063 instrumentum
2211 4030 2310 4072 quo
2342 4020 2575 4073 Ignatius
2604 4021 2748 4065 Patri
2779 4022 3016 4068 Michaeli
3050 4024 3228 4069 Ochos

765 4095 1083 4145 potestatem
1117 4091 1242 4134 facit
1277 4090 1496 4133 adeundi
1531 4091 1690 4142 bona,
1726 4101 1858 4143 quae
1893 4100 1985 4143 pro
2022 4088 2309 4145 Tyburtlno
2344 4089 2575 4144 Collegio
2612 4092 2769 4135 donat
2805 4092 3024 4139 Domina
3055 4094 3219 4140 Lucia

764 4155 1005 4219 Cyntliia,
1026 4164 1053 4205 5
1071 4163 1097 4214 J
1105 4163 1208 4217 ulii.
1230 4161 1360 4205 Item
1381 4162 1532 4215 plura
1552 4161 1757 4215 publica
1780 4162 2091 4215 privataque
2113 4162 2455 4205 instrumenta
2485 4164 2756 4207 locationis
2773 4197 2783 4216 ‚
2808 4168 3095 4220 emptionis,
3115 4173 3219 4210 etc.

760 4234 914 4288 horti,
940 4234 1139 4287 vineae,
1164 4234 1356 4285 domus,
1393 4238 1508 4285 etc.,
1536 4243 1732 4275 necnon
1760 4232 1990 4286 ,iudicum
2020 4233 2070 4276 in
2105 4234 2472 4277 controversiis
2506 4246 2595 4277 seu
2628 4237 2803 4278 litibus
2839 4238 3123 4282 sententiae
3156 4237 3221 4281 ad

760 4304 1044 4357 Collegium
1064 4303 1405 4360 Tyburtinum
1425 4303 1794 4356 spectantibus,
1815 4304 1883 4345 ab
1905 4303 2000 4346 hoc
2023 4314 2157 4346 anno
2180 4303 2284 4346 1550
2304 4304 2369 4347 ad
2393 4304 2511 4346 1555.

837 4378 858 4406 ²
909 4376 1161 4419 Videntur
1187 4375 1316 4417 haec
1337 4374 1699 4427 praeponenda
1723 4373 1879 4426 (Nota
1902 4376 1959 4416 in
1983 4377 2227 4428 margine
2248 4376 2731 4428 apposita).-Nota
2754 4384 2929 4421 autem
2953 4379 3048 4422 hac
3088 4391 3223 4422 com-

753 4447 1070 4500 prehendere
1095 4451 1454 4490 annotatorem
1480 4445 1700 4488 voluisse
1723 4446 2079 4489 existimamus
2100 4458 2246 4490 omne
2268 4447 2314 4489 id
2337 4479 2346 4499 ,
2369 4447 2500 4500 quod
2524 4459 2555 4490 a
2577 4459 2718 4492 num.
2759 4449 2854 4490 hoc
2875 4449 2929 4492 36
2949 4451 3012 4493 ad
3036 4450 3089 4493 ⁴¹0
3111 4462 3223 4494 con·

754 4517 964 4562 tinctur.
988 4517 1085 4560 Sed
1105 4523 1161 4560 ut
1185 4528 1247 4559 ex
1276 4516 1596 4559 documentis
1615 4516 1748 4559 infra
1770 4517 2114 4561 memorandis
2133 4518 2331 4570 patebit
2346 4549 2356 4568 .
2379 4524 2520 4561 recte
2552 4530 2583 4562 a
2619 4518 2839 4562 Polanco
2864 4519 2945 4562 hic
2967 4521 3218 4565 insertum

754 4596 850 4641 est,
873 4588 1110 4642 quamvis
1130 4588 1305 4641 aliqua
1326 4587 1409 4630 hic
1433 4591 1696 4638 enarrata,
1717 4588 1956 4642 incoepta
1978 4590 2043 4631 ab
2066 4588 2324 4642 Stephano
2347 4587 2705 4642 Capumsacho
2725 4600 2859 4632 anno
2888 4602 2944 4644 pr
2954 4594 3218 4638 aecedenti

756 4660 966 4703 fuerint.
