3679 5414
814 481 926 538 MS
1746 483 2000 538 Cnaox.
2044 481 2198 539 Soc.
2238 483 2380 554 jes,

817 627 1046 701 batur,
1082 625 1280 704 cujus
1308 626 1683 703 religiosae
1725 644 1865 688 non
1895 629 2115 689 multo
2156 627 2388 688 minus
2426 643 2637 706 quam
2676 628 3001 706 superius
3039 627 3281 691 dictae

816 732 965 812 ejus
1018 733 1479 795 concionibus
1528 733 2034 796 afficiebantur.
2088 734 2231 796 Alii
2282 744 2651 813 praeterea
2700 733 2959 796 fratres
2996 736 3065 796 in
3117 737 3273 798 aliis

817 840 1177 902 coenobiis
1199 841 1448 902 eodem
1472 841 1841 902 charitatis
1865 840 2092 902 officio
2114 841 2611 915 fungebantur.
2645 840 2719 903 P.
2748 840 3007 903 Paulus
3037 842 3269 905 Achil·

820 950 944 1024 les,
978 948 1262 1020 Rector‚
1296 929 1552 1009 diebus‘
1571 948 1852 1010 veneris
1882 948 2207 1011 omnibus
2244 948 2607 1028 discipulis
2636 949 2841 1011 simul
2881 949 3272 1029 conjunctis

819 1057 886 1118 in
914 1055 1087 1118 aede
1119 1054 1206 1117 D.
1243 1054 1534 1117 Antonii
1566 1073 1674 1130 ae,
1717 1064 2002 1133 praeter
2033 1073 2177 1130 eos,
2220 1056 2620 1118 hominibus
2659 1056 3020 1135 utriusque
3059 1073 3274 1118 sexus

813 1163 1065 1224 eodem
1095 1163 1435 1225 accedere
1466 1163 1714 1232 solitis,
1742 1162 2204 1224 christianam
2234 1163 2629 1225 doctrinam
2654 1163 3269 1241 interpretabatur.

815 1269 1354 1332 Confessionum
1391 1289 1561 1332 vero
1590 1270 2012 1349 frequentia,
2047 1270 2299 1350 quibus
2330 1270 2443 1332 ille
2473 1271 2716 1333 sedulo
2758 1270 3082 1342 vacabat,
3129 1279 3272 1332 tam

820 1379 1194 1439 lectionem
1220 1378 1428 1442 istam
1452 1394 1662 1456 quam
1690 1378 1902 1440 aliam
1926 1377 2283 1456 Epistolae
2307 1377 2397 1439 ad
2421 1395 2780 1452 romanOS,
2798 1375 3009 1456 quam
3033 1377 3276 1439 diebus

818 1486 1191 1547 dominicis
1217 1486 1473 1564 populo
1513 1486 1915 1558 enarrabat,
1949 1485 2343 1564 impedivit;
2380 1485 2664 1547 easdem
2703 1495 2939 1547 tamen
2968 1496 3127 1565 post
3150 1482 3274 1546 Pa·

819 1593 1034 1655 schae
1063 1592 1318 1654 festum
1348 1593 1627 1668 eadem,
1664 1610 1802 1671 qua
1842 1602 2206 1670 coeperat,
2242 1591 2605 1671 diligentia
2646 1601 3117 1672 prosequutus
3143 1600 3269 1653 est.

938 1699 1079 1762 323.
1169 1700 1353 1762 Inter
1386 1700 1564 1761 alios
1609 1710 1846 1761 autem
1876 1699 2297 1762 concionum
2325 1699 2599 1761 fructus
2628 1700 2743 1761 hic
2773 1716 2918 1761 non
2948 1699 3275 1761 minimus

817 1807 967 1885 suit,
1002 1809 1188 1886 quod
1220 1825 1382 1869 cum
1411 1808 1894 1887 superioribus
1921 1798 2150 1884 anniS,
2186 1816 2565 1886 antequam
2596 1807 2819 1868 nostri
2848 1807 3273 1869 Panormum

820 1914 1180 1977 venissent
1210 1923 1279 1976 et
1310 1915 1721 1976 concionari
1753 1914 2176 1993 coepissent,
2209 1915 2468 1977 mirum
2497 1924 2566 1976 et
2596 1915 3072 1993 importunum
3114 1932 3272 1993 quo-

822 2022 1198 2084 dammodo
1230 2022 1590 2084 videretur
1623 2023 1708 2083 de
1733 2021 2193 2084 concionibus
2215 2022 2405 2101 loqui
2427 2024 2541 2084 vel
2565 2019 2882 2098 cogitare
2906 2022 3044 2083 alio
3068 2039 3275 2101 quam

821 2129 1410 2208 quadragesimae
1443 2138 1757 2208 tempore
1787 2141 1858 2191 et
1897 2140 2197 2207 quatuor
2228 2129 2598 2191 dominicis
2635 2129 3038 2206 AdventuS,
3074 2139 3275 2191 extra

821 2255 1000 2316 quae
1025 2246 1344 2315 tempora
1369 2237 1429 2297 si
1455 2237 1613 2314 quis
1635 2236 2016 2297 conciones
2038 2236 2519 2314 expetivisset,
2545 2254 2684 2298 non
2711 2236 2941 2298 minus
2970 2235 3277 2297 insanire

826 2361 1036 2423 quam
1069 2344 1188 2423 qui
1229 2360 1431 2405 rosas
1460 2344 1713 2422 hyeme
1745 2345 1859 2405 vel
1890 2343 1961 2405 in
1992 2343 2223 2422 glacie
2255 2344 2475 2405 lilium
2505 2344 2975 2422 quaesivisset
3004 2353 3273 2422 putare·

825 2460 960 2526 tur,
1005 2452 1327 2530 exemplo
1378 2459 1624 2511 nostro
1677 2450 1967 2512 excitati
2019 2460 2403 2529 coeperunt
2449 2460 2518 2513 et
2569 2460 2809 2528 patres
2850 2450 3274 2512 dominicani

824 2557 1121 2635 singulis
1152 2557 1523 2619 dominicis
1564 2557 1832 2634 diebus,
1869 2557 2006 2618 alia
2047 2569 2283 2619 tamen
2312 2557 2488 2618 hora
2527 2575 2740 2635 quam
2768 2557 3013 2635 nostri,
3049 2556 3117 2618 id
3148 2565 3273 2632 est,

825 2664 1313 2745 pomeridiana
1347 2664 1417 2727 in
1457 2681 1584 2728 suo
1616 2666 1876 2744 templo
1917 2664 2130 2727 etiam
2162 2665 2231 2727 in
2276 2665 2631 2727 mensibus
2676 2664 2964 2727 aestivis
3004 2663 3274 2727 concio·

826 2773 1015 2848 nari,
1052 2790 1180 2834 nec
1225 2773 1526 2852 amplius
1558 2784 1631 2835 ut
1672 2790 1937 2835 novum
1980 2773 2093 2835 vel
2134 2770 2706 2851 intempestivum
2737 2772 2901 2851 quid
2944 2771 3077 2834 Dei
3129 2789 3273 2832 ver·

827 2882 990 2942 bum
1023 2888 1170 2941 toto
1203 2897 1388 2942 anno
1420 2879 1968 2959 proponebatur.

935 2986 1083 3049 324.
1175 2986 1328 3048 Hoc
1371 2986 1631 3049 addam
1670 2988 1756 3048 de
1802 2987 2235 3049 monasterio
2282 2987 2399 3048 illo
2439 2985 2527 3048 D.
2581 2986 3046 3062 Catharinae,
3094 2985 3277 3064 quod

825 3112 983 3157 cum
1014 3112 1090 3156 se
1120 3094 1319 3156 initio
1352 3093 1616 3173 aliquid
1659 3092 1954 3172 injuriae
1990 3095 2353 3173 accepisse
2384 3113 2427 3155 a
2456 3091 2897 3169 Pro-regina,
2932 3093 3090 3172 piae
3120 3110 3277 3168 me.,

825 3201 1130 3263 Domina
1169 3201 1496 3263 Leonora
1537 3201 2032 3278 existimasset,
2077 3199 2261 3279 quod
2304 3201 2420 3262 illa
2462 3199 2806 3279 quasdam
2840 3197 3097 3277 januas
3137 3199 3283 3278 ejus

826 3307 1257 3385 monasterii,
1291 3308 1474 3369 sicut
1503 3317 1569 3369 et
1612 3308 1932 3386 aliorum,
1968 3308 2155 3386 quod
2184 3306 2583 3369 liberiorem
2614 3306 2684 3367 in
2713 3307 2915 3368 vicos
2944 3306 3281 3368 haberent

825 3424 1300 3494 prospectum,
1330 3413 1638 3493 jusserat
1683 3414 1982 3491 occludi,
2016 3415 2321 3476 scientes
2362 3412 2570 3491 hujus
2611 3414 2714 3475 rei
2758 3424 3121 3476 auctorem
3155 3412 3277 3475 Pa-

826 3532 1006 3584 trem
1045 3521 1563 3601 Hieronymum
1592 3520 2004 3583 Domenech
2035 3521 2422 3598 exstitisse,
2457 3521 2603 3600 pati
2633 3522 2824 3583 nullo
2853 3522 3062 3583 modo
3093 3531 3278 3600 pote·

824 3638 987 3691 rant
1016 3638 1090 3691 ut
1122 3630 1279 3708 quis
1309 3640 1713 3691 nostrorum
1743 3647 1826 3690 eo
1859 3628 2412 3691 concionaturus
2438 3637 2852 3706 vocaretur,
2878 3629 3000 3690 sed
3031 3647 3118 3689 ex
3144 3645 3279 3707 quo

825 3737 1055 3815 coepit
1097 3736 1169 3798 P.
1205 3736 1506 3798 Michael
1541 3737 1635 3798 ibi
1674 3736 2104 3814 concionari,
2152 3744 2345 3798 tanta
2378 3745 2665 3815 repente
2706 3736 3098 3798 animorum
3140 3753 3275 3796 mu·

826 3844 1232 3906 tatio'facta
1269 3854 1395 3919 est,
1440 3854 1516 3905 ut
1537 3842 1684 3922 jam
1726 3844 2017 3905 alterius
2050 3844 2318 3906 ordinis
2359 3844 2933 3906 concionatorem
2969 3860 3113 3905 non
3150 3841 3277 3904 ser-

826 3961 1003 4030 rent,
1051 3969 1272 4030 usque
1316 3952 1492 4013 adeo
1536 3950 1633 4012 illi
1666 3950 2015 4029 addictae,
2062 3959 2138 4013 ut
2180 3951 2251 4012 in
2301 3951 2481 4013 festo
2523 3950 2611 4012 D.
2667 3949 3048 4027 Dominici,
3085 3947 3279 4027 quus

830 4059 1116 4137 regulae
1146 4057 1537 4138 subjacent,
1571 4075 1709 4137 quo
1741 4057 1853 4119 die
1894 4066 2365 4145 consueverat
2395 4058 2648 4137 aliquis
2688 4057 3060 4136 religiosus
3100 4056 3278 4119 ordi-

827 4166 937 4228 nis
965 4164 1209 4228 Sancti
1239 4164 1595 4227 Dominici
1640 4164 2074 4243 concionari,
2119 4174 2414 4243 rogatus
2452 4165 2904 4227 nihilominus
2942 4164 3280 4242 Magister

827 4272 1156 4348 Michael,
1189 4271 1380 4334 facta
1411 4288 1536 4349 per
1565 4271 2019 4351 Superiorem
2060 4281 2452 4335 conventus
2496 4271 2924 4334 dominicani
2962 4271 3065 4332 eis
3091 4279 3278 4349 pote·

825 4388 1029 4455 state,
1064 4377 1322 4440 ibidem
1363 4378 1773 4440 concionari
1802 4379 2151 4457 debuerit3
2184 4396 2317 4441 nec
2357 4396 2480 4441 eas
2511 4388 2578 4441 et
2610 4379 2785 4441 alias
2816 4378 3133 4457 virgines
3163 4395 3279 4439 no·

827 4487 1022 4563 biles,
1057 4502 1237 4564 quae
1268 4485 1742 4564 potentiorum
1780 4486 2247 4564 quorumdam
2279 4484 2459 4547 filiae
2496 4486 2680 4565 apud
2713 4485 2871 4547 illas
2908 4484 3113 4545 bonis
3141 4500 3281 4544 mo·

824 4593 1020 4656 ribus
1049 4592 1466 4654 imbuendae
1508 4591 2074 4668 instituebantur,
2110 4610 2274 4672 spes
2316 4593 2635 4655 internae
2665 4591 2973 4654 laetitiae
3015 4589 3279 4665 fefellit,

820 4711 887 4762 et
920 4718 1164 4762 earum
1201 4701 1461 4761 multae
1502 4699 1589 4761 ad
1625 4699 1814 4762 vitae
1853 4699 2293 4777 perfectioris
2334 4699 2679 4762 rationem
2716 4697 2918 4778 juxta
2950 4714 3156 4760 suum
3185 4697 3281 4759 in—
