<?xml version="1.0" encoding="UTF-8"?>
<!DOCTYPE html PUBLIC "-//W3C//DTD XHTML 1.0 Transitional//EN"
    "http://www.w3.org/TR/xhtml1/DTD/xhtml1-transitional.dtd">
<html xmlns="http://www.w3.org/1999/xhtml" xml:lang="en" lang="en">
 <head>
  <title>
</title>
<meta http-equiv="Content-Type" content="text/html;charset=utf-8" />
  <meta name='ocr-system' content='tesseract 3.04.00' />
  <meta name='ocr-capabilities' content='ocr_page ocr_carea ocr_par ocr_line ocrx_word'/>
</head>
<body>
  <div class='ocr_page' id='page_1' title='image "./vitaignatiiloio03polagoog_0214.png"; bbox 0 0 3679 5414; ppageno 0'>
   <div class='ocr_carea' id='block_1_1' title="bbox 698 474 2252 548">
    <p class='ocr_par' dir='ltr' id='par_1_1' title="bbox 698 474 2252 548">
     <span class='ocr_line' id='line_1_1' title="bbox 698 474 2252 548; baseline -0.003 -13"><span class='ocrx_word' id='word_1_1' title='bbox 698 475 809 535; x_wconf 71' lang='lat' dir='ltr'>20ss</span> <span class='ocrx_word' id='word_1_2' title='bbox 1613 475 1870 534; x_wconf 65' lang='lat' dir='ltr'>Canon.</span> <span class='ocrx_word' id='word_1_3' title='bbox 1911 474 2066 534; x_wconf 88' lang='lat' dir='ltr'>Soc.</span> <span class='ocrx_word' id='word_1_4' title='bbox 2106 476 2252 548; x_wconf 73' lang='lat' dir='ltr'>Jsss.</span> 
     </span>
    </p>
   </div>
   <div class='ocr_carea' id='block_1_2' title="bbox 700 618 3170 4441">
    <p class='ocr_par' dir='ltr' id='par_1_2' title="bbox 700 618 3168 1770">
     <span class='ocr_line' id='line_1_2' title="bbox 700 618 3155 700; baseline 0 -19"><span class='ocrx_word' id='word_1_5' title='bbox 700 619 869 683; x_wconf 88' lang='lat' dir='ltr'>dum</span> <span class='ocrx_word' id='word_1_6' title='bbox 911 618 986 683; x_wconf 89' lang='lat' dir='ltr'>P.</span> <span class='ocrx_word' id='word_1_7' title='bbox 1024 620 1351 684; x_wconf 82' lang='lat' dir='ltr'><strong>Andreas</strong></span> <span class='ocrx_word' id='word_1_8' title='bbox 1386 619 1681 683; x_wconf 89' lang='lat' dir='ltr'>Frusius</span> <span class='ocrx_word' id='word_1_9' title='bbox 1716 620 2064 683; x_wconf 87' lang='lat' dir='ltr'>Venetias</span> <span class='ocrx_word' id='word_1_10' title='bbox 2099 620 2456 700; x_wconf 88' lang='lat' dir='ltr'>pervenit,</span> <span class='ocrx_word' id='word_1_11' title='bbox 2501 620 2627 681; x_wconf 89' lang='lat' dir='ltr'>sed</span> <span class='ocrx_word' id='word_1_12' title='bbox 2665 629 2828 699; x_wconf 89' lang='lat' dir='ltr'>post</span> <span class='ocrx_word' id='word_1_13' title='bbox 2867 619 3155 682; x_wconf 89' lang='lat' dir='ltr'>biduum</span> 
     </span>
     <span class='ocr_line' id='line_1_3' title="bbox 702 727 3161 808; baseline -0 -18"><span class='ocrx_word' id='word_1_14' title='bbox 702 728 1004 806; x_wconf 83' lang='lat' dir='ltr'>laetitia,</span> <span class='ocrx_word' id='word_1_15' title='bbox 1062 744 1203 807; x_wconf 90' lang='lat' dir='ltr'>qua</span> <span class='ocrx_word' id='word_1_16' title='bbox 1252 738 1593 808; x_wconf 84' lang='lat' dir='ltr'>exceptus</span> <span class='ocrx_word' id='word_1_17' title='bbox 1642 728 1796 808; x_wconf 84' lang='lat' dir='ltr'>fuit,</span> <span class='ocrx_word' id='word_1_18' title='bbox 1848 729 1922 790; x_wconf 92' lang='lat' dir='ltr'>in</span> <span class='ocrx_word' id='word_1_19' title='bbox 1971 729 2238 789; x_wconf 90' lang='lat' dir='ltr'>luctum</span> <span class='ocrx_word' id='word_1_20' title='bbox 2278 727 2524 789; x_wconf 86' lang='lat' dir='ltr'>fuisset</span> <span class='ocrx_word' id='word_1_21' title='bbox 2583 743 2966 805; x_wconf 87' lang='lat' dir='ltr'>conversa,</span> <span class='ocrx_word' id='word_1_22' title='bbox 3023 728 3161 789; x_wconf 85' lang='lat' dir='ltr'>nisi</span> 
     </span>
     <span class='ocr_line' id='line_1_4' title="bbox 704 833 3158 915; baseline -0.001 -18"><span class='ocrx_word' id='word_1_23' title='bbox 704 835 948 898; x_wconf 86' lang='lat' dir='ltr'>divina</span> <span class='ocrx_word' id='word_1_24' title='bbox 986 835 1435 915; x_wconf 88' lang='lat' dir='ltr'>providentia</span> <span class='ocrx_word' id='word_1_25' title='bbox 1470 853 1562 898; x_wconf 92' lang='lat' dir='ltr'>ex</span> <span class='ocrx_word' id='word_1_26' title='bbox 1600 852 1865 914; x_wconf 89' lang='lat' dir='ltr'>magno</span> <span class='ocrx_word' id='word_1_27' title='bbox 1902 835 2094 898; x_wconf 85' lang='lat' dir='ltr'>vitae</span> <span class='ocrx_word' id='word_1_28' title='bbox 2133 835 2446 915; x_wconf 90' lang='lat' dir='ltr'>periculo</span> <span class='ocrx_word' id='word_1_29' title='bbox 2496 835 2726 911; x_wconf 89' lang='lat' dir='ltr'>ipsum</span> <span class='ocrx_word' id='word_1_30' title='bbox 2764 833 3158 913; x_wconf 84' lang='lat' dir='ltr'>eripuisset.</span> 
     </span>
     <span class='ocr_line' id='line_1_5' title="bbox 706 940 3161 1020; baseline -0.001 -15"><span class='ocrx_word' id='word_1_31' title='bbox 706 941 885 1005; x_wconf 90' lang='lat' dir='ltr'>Cum</span> <span class='ocrx_word' id='word_1_32' title='bbox 914 941 1100 1004; x_wconf 89' lang='lat' dir='ltr'>enim</span> <span class='ocrx_word' id='word_1_33' title='bbox 1130 940 1222 1004; x_wconf 92' lang='lat' dir='ltr'>ad</span> <span class='ocrx_word' id='word_1_34' title='bbox 1252 942 1650 1005; x_wconf 87' lang='lat' dir='ltr'>cubiculum</span> <span class='ocrx_word' id='word_1_35' title='bbox 1679 943 1782 1005; x_wconf 90' lang='lat' dir='ltr'>ire</span> <span class='ocrx_word' id='word_1_36' title='bbox 1823 943 2037 1004; x_wconf 87' lang='lat' dir='ltr'>vellet</span> <span class='ocrx_word' id='word_1_37' title='bbox 2066 943 2217 1005; x_wconf 89' lang='lat' dir='ltr'>sine</span> <span class='ocrx_word' id='word_1_38' title='bbox 2247 942 2529 1018; x_wconf 90' lang='lat' dir='ltr'>lumine,</span> <span class='ocrx_word' id='word_1_39' title='bbox 2575 940 2667 1003; x_wconf 91' lang='lat' dir='ltr'>ad</span> <span class='ocrx_word' id='word_1_40' title='bbox 2697 950 2909 1020; x_wconf 91' lang='lat' dir='ltr'>caput</span> <span class='ocrx_word' id='word_1_41' title='bbox 2939 940 3161 1020; x_wconf 89' lang='lat' dir='ltr'>cujus·</span> 
     </span>
     <span class='ocr_line' id='line_1_6' title="bbox 705 1048 3165 1128; baseline -0.001 -16"><span class='ocrx_word' id='word_1_42' title='bbox 705 1049 870 1112; x_wconf 90' lang='lat' dir='ltr'>dam</span> <span class='ocrx_word' id='word_1_43' title='bbox 910 1050 1148 1112; x_wconf 88' lang='lat' dir='ltr'>scalae</span> <span class='ocrx_word' id='word_1_44' title='bbox 1190 1048 1571 1127; x_wconf 82' lang='lat' dir='ltr'>accedenS,</span> <span class='ocrx_word' id='word_1_45' title='bbox 1604 1058 1672 1112; x_wconf 95' lang='lat' dir='ltr'>et</span> <span class='ocrx_word' id='word_1_46' title='bbox 1714 1051 1786 1111; x_wconf 88' lang='lat' dir='ltr'>in</span> <span class='ocrx_word' id='word_1_47' title='bbox 1825 1049 2224 1112; x_wconf 87' lang='lat' dir='ltr'>cubiculum</span> <span class='ocrx_word' id='word_1_48' title='bbox 2266 1067 2342 1111; x_wconf 91' lang='lat' dir='ltr'>se</span> <span class='ocrx_word' id='word_1_49' title='bbox 2386 1049 2663 1127; x_wconf 81' lang='lat' dir='ltr'>ingredi</span> <span class='ocrx_word' id='word_1_50' title='bbox 2699 1057 2991 1128; x_wconf 79' lang='lat' dir='ltr'>putanS,</span> <span class='ocrx_word' id='word_1_51' title='bbox 3034 1064 3165 1110; x_wconf 90' lang='lat' dir='ltr'>nec</span> 
     </span>
     <span class='ocr_line' id='line_1_7' title="bbox 705 1153 3165 1236; baseline -0.001 -17"><span class='ocrx_word' id='word_1_52' title='bbox 705 1155 1088 1219; x_wconf 87' lang='lat' dir='ltr'>advertens</span> <span class='ocrx_word' id='word_1_53' title='bbox 1142 1157 1304 1220; x_wconf 90' lang='lat' dir='ltr'>inde</span> <span class='ocrx_word' id='word_1_54' title='bbox 1360 1155 1663 1235; x_wconf 89' lang='lat' dir='ltr'>decidit;</span> <span class='ocrx_word' id='word_1_55' title='bbox 1723 1165 1936 1236; x_wconf 92' lang='lat' dir='ltr'>caput</span> <span class='ocrx_word' id='word_1_56' title='bbox 1993 1156 2451 1218; x_wconf 88' lang='lat' dir='ltr'>vehementer</span> <span class='ocrx_word' id='word_1_57' title='bbox 2506 1164 2611 1217; x_wconf 90' lang='lat' dir='ltr'>est</span> <span class='ocrx_word' id='word_1_58' title='bbox 2670 1155 2980 1232; x_wconf 89' lang='lat' dir='ltr'>allisum,</span> <span class='ocrx_word' id='word_1_59' title='bbox 3040 1153 3165 1216; x_wconf 92' lang='lat' dir='ltr'>sed</span> 
     </span>
     <span class='ocr_line' id='line_1_8' title="bbox 706 1262 3165 1343; baseline -0.002 -17"><span class='ocrx_word' id='word_1_60' title='bbox 706 1263 948 1326; x_wconf 88' lang='lat' dir='ltr'>divina</span> <span class='ocrx_word' id='word_1_61' title='bbox 979 1262 1427 1343; x_wconf 88' lang='lat' dir='ltr'>providentia</span> <span class='ocrx_word' id='word_1_62' title='bbox 1456 1280 1619 1325; x_wconf 90' lang='lat' dir='ltr'>eum</span> <span class='ocrx_word' id='word_1_63' title='bbox 1650 1263 2129 1340; x_wconf 87' lang='lat' dir='ltr'>conservavit,</span> <span class='ocrx_word' id='word_1_64' title='bbox 2166 1271 2236 1324; x_wconf 91' lang='lat' dir='ltr'>et</span> <span class='ocrx_word' id='word_1_65' title='bbox 2271 1262 2735 1341; x_wconf 84' lang='lat' dir='ltr'>perexiguam</span> <span class='ocrx_word' id='word_1_66' title='bbox 2781 1263 3165 1324; x_wconf 83' lang='lat' dir='ltr'>laesionem</span> 
     </span>
     <span class='ocr_line' id='line_1_9' title="bbox 706 1368 3166 1450; baseline -0 -18"><span class='ocrx_word' id='word_1_67' title='bbox 706 1380 920 1449; x_wconf 88' lang='lat' dir='ltr'>caput</span> <span class='ocrx_word' id='word_1_68' title='bbox 961 1368 1112 1450; x_wconf 89' lang='lat' dir='ltr'>ejus</span> <span class='ocrx_word' id='word_1_69' title='bbox 1149 1386 1440 1449; x_wconf 91' lang='lat' dir='ltr'>passum</span> <span class='ocrx_word' id='word_1_70' title='bbox 1478 1377 1605 1431; x_wconf 90' lang='lat' dir='ltr'>est.</span> <span class='ocrx_word' id='word_1_71' title='bbox 1647 1369 1727 1432; x_wconf 90' lang='lat' dir='ltr'>In</span> <span class='ocrx_word' id='word_1_72' title='bbox 1765 1370 1902 1432; x_wconf 92' lang='lat' dir='ltr'>hoc</span> <span class='ocrx_word' id='word_1_73' title='bbox 1938 1378 2179 1432; x_wconf 90' lang='lat' dir='ltr'>tamen</span> <span class='ocrx_word' id='word_1_74' title='bbox 2229 1386 2401 1431; x_wconf 88' lang='lat' dir='ltr'>casu</span> <span class='ocrx_word' id='word_1_75' title='bbox 2449 1368 2803 1431; x_wconf 82' lang='lat' dir='ltr'>fatebatur</span> <span class='ocrx_word' id='word_1_76' title='bbox 2851 1385 2928 1431; x_wconf 93' lang='lat' dir='ltr'>se</span> <span class='ocrx_word' id='word_1_77' title='bbox 2974 1369 3166 1431; x_wconf 89' lang='lat' dir='ltr'>nullo</span> 
     </span>
     <span class='ocr_line' id='line_1_10' title="bbox 706 1475 3168 1555; baseline -0.001 -15"><span class='ocrx_word' id='word_1_78' title='bbox 706 1477 916 1540; x_wconf 91' lang='lat' dir='ltr'>modo</span> <span class='ocrx_word' id='word_1_79' title='bbox 953 1487 1188 1540; x_wconf 90' lang='lat' dir='ltr'>mente</span> <span class='ocrx_word' id='word_1_80' title='bbox 1230 1476 1587 1539; x_wconf 90' lang='lat' dir='ltr'>turbatum</span> <span class='ocrx_word' id='word_1_81' title='bbox 1627 1475 1876 1555; x_wconf 88' lang='lat' dir='ltr'>fuisse,</span> <span class='ocrx_word' id='word_1_82' title='bbox 1919 1476 2135 1539; x_wconf 90' lang='lat' dir='ltr'>immo</span> <span class='ocrx_word' id='word_1_83' title='bbox 2173 1493 2336 1538; x_wconf 92' lang='lat' dir='ltr'>cum</span> <span class='ocrx_word' id='word_1_84' title='bbox 2379 1475 2859 1538; x_wconf 86' lang='lat' dir='ltr'>consolatione</span> <span class='ocrx_word' id='word_1_85' title='bbox 2897 1475 3168 1554; x_wconf 87' lang='lat' dir='ltr'>gratias</span> 
     </span>
     <span class='ocr_line' id='line_1_11' title="bbox 707 1582 3165 1662; baseline -0.001 -16"><span class='ocrx_word' id='word_1_86' title='bbox 707 1584 966 1662; x_wconf 90' lang='lat' dir='ltr'>agebat</span> <span class='ocrx_word' id='word_1_87' title='bbox 994 1583 1172 1662; x_wconf 87' lang='lat' dir='ltr'>De0,</span> <span class='ocrx_word' id='word_1_88' title='bbox 1206 1583 1329 1662; x_wconf 92' lang='lat' dir='ltr'>qui</span> <span class='ocrx_word' id='word_1_89' title='bbox 1356 1582 1653 1646; x_wconf 92' lang='lat' dir='ltr'>docebat</span> <span class='ocrx_word' id='word_1_90' title='bbox 1681 1599 1845 1645; x_wconf 91' lang='lat' dir='ltr'>eum</span> <span class='ocrx_word' id='word_1_91' title='bbox 1884 1584 2034 1645; x_wconf 92' lang='lat' dir='ltr'>suis</span> <span class='ocrx_word' id='word_1_92' title='bbox 2077 1584 2151 1645; x_wconf 92' lang='lat' dir='ltr'>in</span> <span class='ocrx_word' id='word_1_93' title='bbox 2190 1582 2584 1645; x_wconf 90' lang='lat' dir='ltr'>actionibus</span> <span class='ocrx_word' id='word_1_94' title='bbox 2615 1583 2846 1660; x_wconf 89' lang='lat' dir='ltr'>magis</span> <span class='ocrx_word' id='word_1_95' title='bbox 2874 1582 3165 1644; x_wconf 87' lang='lat' dir='ltr'>circum·</span> 
     </span>
     <span class='ocr_line' id='line_1_12' title="bbox 707 1688 1289 1770; baseline 0.002 -19"><span class='ocrx_word' id='word_1_96' title='bbox 707 1699 1028 1770; x_wconf 83' lang='lat' dir='ltr'>spectum</span> <span class='ocrx_word' id='word_1_97' title='bbox 1058 1706 1214 1753; x_wconf 90' lang='lat' dir='ltr'>esse</span> <span class='ocrx_word' id='word_1_98' title='bbox 1247 1688 1289 1752; x_wconf 84' lang='lat'>¹.</span> 
     </span>
    </p>

    <p class='ocr_par' dir='ltr' id='par_1_3' title="bbox 702 1794 3170 4441">
     <span class='ocr_line' id='line_1_13' title="bbox 825 1794 3166 1877; baseline -0 -18"><span class='ocrx_word' id='word_1_99' title='bbox 825 1797 924 1860; x_wconf 91' lang='lat'>91.</span> <span class='ocrx_word' id='word_1_100' title='bbox 1013 1796 1201 1860; x_wconf 91' lang='lat' dir='ltr'>Inter</span> <span class='ocrx_word' id='word_1_101' title='bbox 1232 1806 1514 1860; x_wconf 91' lang='lat' dir='ltr'>caetera</span> <span class='ocrx_word' id='word_1_102' title='bbox 1546 1815 1728 1877; x_wconf 90' lang='lat' dir='ltr'>quae</span> <span class='ocrx_word' id='word_1_103' title='bbox 1767 1796 2061 1860; x_wconf 91' lang='lat' dir='ltr'>contulit</span> <span class='ocrx_word' id='word_1_104' title='bbox 2090 1794 2242 1875; x_wconf 89' lang='lat' dir='ltr'>ejus</span> <span class='ocrx_word' id='word_1_105' title='bbox 2286 1797 2637 1859; x_wconf 89' lang='lat' dir='ltr'>adventus</span> <span class='ocrx_word' id='word_1_106' title='bbox 2675 1795 2990 1875; x_wconf 89' lang='lat' dir='ltr'>Collegio</span> <span class='ocrx_word' id='word_1_107' title='bbox 3029 1796 3166 1858; x_wconf 88' lang='lat' dir='ltr'>Ve-</span> 
     </span>
     <span class='ocr_line' id='line_1_14' title="bbox 706 1901 3166 1982; baseline -0.001 -15"><span class='ocrx_word' id='word_1_108' title='bbox 706 1914 869 1967; x_wconf 87' lang='lat' dir='ltr'>neto</span> <span class='ocrx_word' id='word_1_109' title='bbox 920 1913 989 1968; x_wconf 94' lang='lat' dir='ltr'>et</span> <span class='ocrx_word' id='word_1_110' title='bbox 1029 1903 1376 1967; x_wconf 88' lang='lat' dir='ltr'>Patavino</span> <span class='ocrx_word' id='word_1_111' title='bbox 1423 1904 1622 1981; x_wconf 90' lang='lat' dir='ltr'>(nam</span> <span class='ocrx_word' id='word_1_112' title='bbox 1672 1902 2050 1966; x_wconf 88' lang='lat' dir='ltr'>Patavium</span> <span class='ocrx_word' id='word_1_113' title='bbox 2092 1920 2168 1965; x_wconf 91' lang='lat' dir='ltr'>se</span> <span class='ocrx_word' id='word_1_114' title='bbox 2212 1903 2505 1966; x_wconf 91' lang='lat' dir='ltr'>contulit</span> <span class='ocrx_word' id='word_1_115' title='bbox 2544 1903 2744 1964; x_wconf 89' lang='lat' dir='ltr'>brevi</span> <span class='ocrx_word' id='word_1_116' title='bbox 2788 1901 3166 1982; x_wconf 86' lang='lat' dir='ltr'>rediturus)</span> 
     </span>
     <span class='ocr_line' id='line_1_15' title="bbox 704 2009 3166 2090; baseline -0.001 -17"><span class='ocrx_word' id='word_1_117' title='bbox 704 2011 839 2073; x_wconf 89' lang='lat' dir='ltr'>hoc</span> <span class='ocrx_word' id='word_1_118' title='bbox 869 2010 1019 2088; x_wconf 90' lang='lat' dir='ltr'>fuit,</span> <span class='ocrx_word' id='word_1_119' title='bbox 1062 2011 1249 2090; x_wconf 91' lang='lat' dir='ltr'>quod</span> <span class='ocrx_word' id='word_1_120' title='bbox 1286 2011 1825 2073; x_wconf 88' lang='lat' dir='ltr'>constitutiones</span> <span class='ocrx_word' id='word_1_121' title='bbox 1857 2027 1941 2073; x_wconf 87' lang='lat' dir='ltr'>ac</span> <span class='ocrx_word' id='word_1_122' title='bbox 1983 2010 2464 2073; x_wconf 87' lang='lat' dir='ltr'>ordinationes</span> <span class='ocrx_word' id='word_1_123' title='bbox 2495 2010 2688 2071; x_wconf 89' lang='lat' dir='ltr'>circa</span> <span class='ocrx_word' id='word_1_124' title='bbox 2719 2009 3166 2089; x_wconf 88' lang='lat' dir='ltr'>disciplinam</span> 
     </span>
     <span class='ocr_line' id='line_1_16' title="bbox 708 2116 3165 2203; baseline -0.001 -23"><span class='ocrx_word' id='word_1_125' title='bbox 708 2117 1175 2181; x_wconf 87' lang='lat' dir='ltr'>domesticam</span> <span class='ocrx_word' id='word_1_126' title='bbox 1223 2117 1450 2180; x_wconf 89' lang='lat' dir='ltr'>Roma</span> <span class='ocrx_word' id='word_1_127' title='bbox 1490 2135 1732 2203; x_wconf 76' lang='lat' dir='ltr'>secum</span> <span class='ocrx_word' id='word_1_128' title='bbox 1780 2118 1938 2181; x_wconf 92' lang='lat' dir='ltr'>tulit</span> <span class='ocrx_word' id='word_1_129' title='bbox 1987 2125 2063 2180; x_wconf 92' lang='lat' dir='ltr'>ut</span> <span class='ocrx_word' id='word_1_130' title='bbox 2112 2117 2203 2180; x_wconf 90' lang='lat' dir='ltr'>ad</span> <span class='ocrx_word' id='word_1_131' title='bbox 2241 2133 2485 2179; x_wconf 91' lang='lat' dir='ltr'>earum</span> <span class='ocrx_word' id='word_1_132' title='bbox 2523 2133 2884 2194; x_wconf 88' lang='lat' dir='ltr'>normam,</span> <span class='ocrx_word' id='word_1_133' title='bbox 2932 2116 3165 2195; x_wconf 90' lang='lat' dir='ltr'>quoad</span> 
     </span>
     <span class='ocr_line' id='line_1_17' title="bbox 704 2223 3164 2305; baseline -0.001 -17"><span class='ocrx_word' id='word_1_134' title='bbox 704 2223 854 2304; x_wconf 81' lang='lat' dir='ltr'>ejus</span> <span class='ocrx_word' id='word_1_135' title='bbox 910 2224 1062 2288; x_wconf 86' lang='lat' dir='ltr'>fieri</span> <span class='ocrx_word' id='word_1_136' title='bbox 1110 2233 1379 2305; x_wconf 90' lang='lat' dir='ltr'>posset,</span> <span class='ocrx_word' id='word_1_137' title='bbox 1423 2223 1790 2304; x_wconf 90' lang='lat' dir='ltr'>praedicta</span> <span class='ocrx_word' id='word_1_138' title='bbox 1829 2224 2148 2303; x_wconf 87' lang='lat' dir='ltr'>Collegia</span> <span class='ocrx_word' id='word_1_139' title='bbox 2197 2224 2673 2302; x_wconf 85' lang='lat' dir='ltr'>exigerentur.</span> <span class='ocrx_word' id='word_1_140' title='bbox 2729 2223 3047 2284; x_wconf 90' lang='lat' dir='ltr'>Bononia</span> <span class='ocrx_word' id='word_1_141' title='bbox 3097 2230 3164 2285; x_wconf 91' lang='lat' dir='ltr'>et</span> 
     </span>
     <span class='ocr_line' id='line_1_18' title="bbox 702 2329 3161 2409; baseline -0.001 -16"><span class='ocrx_word' id='word_1_142' title='bbox 702 2330 1034 2395; x_wconf 87' lang='lat' dir='ltr'>Ferraria</span> <span class='ocrx_word' id='word_1_143' title='bbox 1066 2331 1478 2408; x_wconf 89' lang='lat' dir='ltr'>transierat,</span> <span class='ocrx_word' id='word_1_144' title='bbox 1512 2340 1582 2394; x_wconf 94' lang='lat' dir='ltr'>et</span> <span class='ocrx_word' id='word_1_145' title='bbox 1613 2332 1750 2394; x_wconf 92' lang='lat' dir='ltr'>illis</span> <span class='ocrx_word' id='word_1_146' title='bbox 1795 2330 2135 2409; x_wconf 90' lang='lat' dir='ltr'>Collegiis</span> <span class='ocrx_word' id='word_1_147' title='bbox 2178 2329 2440 2409; x_wconf 91' lang='lat' dir='ltr'>aliquid</span> <span class='ocrx_word' id='word_1_148' title='bbox 2484 2332 2698 2392; x_wconf 87' lang='lat' dir='ltr'>etiam</span> <span class='ocrx_word' id='word_1_149' title='bbox 2741 2331 3161 2407; x_wconf 89' lang='lat' dir='ltr'>contulerat;</span> 
     </span>
     <span class='ocr_line' id='line_1_19' title="bbox 703 2436 3161 2517; baseline 0 -17"><span class='ocrx_word' id='word_1_150' title='bbox 703 2438 1030 2517; x_wconf 87' lang='lat' dir='ltr'>quamvis</span> <span class='ocrx_word' id='word_1_151' title='bbox 1059 2437 1483 2501; x_wconf 89' lang='lat' dir='ltr'>ferrariense</span> <span class='ocrx_word' id='word_1_152' title='bbox 1512 2439 1827 2501; x_wconf 91' lang='lat' dir='ltr'>nondum</span> <span class='ocrx_word' id='word_1_153' title='bbox 1857 2446 2043 2502; x_wconf 92' lang='lat' dir='ltr'>esset</span> <span class='ocrx_word' id='word_1_154' title='bbox 2084 2438 2530 2513; x_wconf 92' lang='lat' dir='ltr'>inchoatum,</span> <span class='ocrx_word' id='word_1_155' title='bbox 2575 2437 2696 2500; x_wconf 87' lang='lat' dir='ltr'>sed</span> <span class='ocrx_word' id='word_1_156' title='bbox 2736 2436 2885 2516; x_wconf 87' lang='lat' dir='ltr'>eJ&#39;us</span> <span class='ocrx_word' id='word_1_157' title='bbox 2914 2438 3161 2500; x_wconf 89' lang='lat' dir='ltr'>exhor·</span> 
     </span>
     <span class='ocr_line' id='line_1_20' title="bbox 702 2544 3166 2608; baseline 0 -3"><span class='ocrx_word' id='word_1_158' title='bbox 702 2544 876 2607; x_wconf 87' lang='lat' dir='ltr'>tatio</span> <span class='ocrx_word' id='word_1_159' title='bbox 915 2545 1184 2608; x_wconf 90' lang='lat' dir='ltr'>amicos</span> <span class='ocrx_word' id='word_1_160' title='bbox 1232 2545 1324 2608; x_wconf 91' lang='lat' dir='ltr'>ad</span> <span class='ocrx_word' id='word_1_161' title='bbox 1372 2562 1534 2608; x_wconf 91' lang='lat' dir='ltr'>eum</span> <span class='ocrx_word' id='word_1_162' title='bbox 1580 2546 2080 2608; x_wconf 90' lang='lat' dir='ltr'>maturandum</span> <span class='ocrx_word' id='word_1_163' title='bbox 2130 2545 2533 2607; x_wconf 88' lang='lat' dir='ltr'>commovit.</span> <span class='ocrx_word' id='word_1_164' title='bbox 2588 2544 2746 2607; x_wconf 90' lang='lat' dir='ltr'>Non</span> <span class='ocrx_word' id='word_1_165' title='bbox 2791 2545 3024 2607; x_wconf 88' lang='lat' dir='ltr'>visum</span> <span class='ocrx_word' id='word_1_166' title='bbox 3059 2553 3166 2606; x_wconf 90' lang='lat' dir='ltr'>est</span> 
     </span>
     <span class='ocr_line' id='line_1_21' title="bbox 702 2649 3165 2733; baseline 0 -19"><span class='ocrx_word' id='word_1_167' title='bbox 702 2649 1008 2715; x_wconf 90' lang='lat' dir='ltr'>Domino</span> <span class='ocrx_word' id='word_1_168' title='bbox 1066 2652 1398 2716; x_wconf 89' lang='lat' dir='ltr'>Andreae</span> <span class='ocrx_word' id='word_1_169' title='bbox 1455 2651 1880 2733; x_wconf 89' lang='lat' dir='ltr'>Lipomano‚</span> <span class='ocrx_word' id='word_1_170' title='bbox 1940 2650 2197 2732; x_wconf 90' lang='lat' dir='ltr'>Priori,</span> <span class='ocrx_word' id='word_1_171' title='bbox 2260 2653 2377 2715; x_wconf 93' lang='lat' dir='ltr'>cui</span> <span class='ocrx_word' id='word_1_172' title='bbox 2432 2652 2885 2731; x_wconf 81' lang='lat' dir='ltr'>gratissimus</span> <span class='ocrx_word' id='word_1_173' title='bbox 2934 2651 3165 2716; x_wconf 89' lang='lat' dir='ltr'>fuerat</span> 
     </span>
     <span class='ocr_line' id='line_1_22' title="bbox 705 2757 3165 2840; baseline -0 -19"><span class='ocrx_word' id='word_1_174' title='bbox 705 2757 909 2839; x_wconf 89' lang='lat' dir='ltr'>hujus</span> <span class='ocrx_word' id='word_1_175' title='bbox 938 2757 1169 2823; x_wconf 91' lang='lat' dir='ltr'>Patris</span> <span class='ocrx_word' id='word_1_176' title='bbox 1200 2759 1582 2840; x_wconf 83' lang='lat' dir='ltr'>adventuS,</span> <span class='ocrx_word' id='word_1_177' title='bbox 1614 2768 1690 2822; x_wconf 92' lang='lat' dir='ltr'>ut</span> <span class='ocrx_word' id='word_1_178' title='bbox 1719 2760 1961 2823; x_wconf 90' lang='lat' dir='ltr'>statim</span> <span class='ocrx_word' id='word_1_179' title='bbox 1990 2760 2366 2822; x_wconf 91' lang='lat' dir='ltr'>lectionem</span> <span class='ocrx_word' id='word_1_180' title='bbox 2405 2760 2713 2839; x_wconf 90' lang='lat' dir='ltr'>aliquam</span> <span class='ocrx_word' id='word_1_181' title='bbox 2753 2757 3165 2840; x_wconf 90' lang='lat' dir='ltr'>Scripturae</span> 
     </span>
     <span class='ocr_line' id='line_1_23' title="bbox 707 2865 3166 2947; baseline 0 -19"><span class='ocrx_word' id='word_1_182' title='bbox 707 2867 819 2929; x_wconf 90' lang='lat' dir='ltr'>vel</span> <span class='ocrx_word' id='word_1_183' title='bbox 851 2867 1231 2930; x_wconf 90' lang='lat' dir='ltr'>conciones</span> <span class='ocrx_word' id='word_1_184' title='bbox 1275 2867 1672 2947; x_wconf 91' lang='lat' dir='ltr'>inchoaret,</span> <span class='ocrx_word' id='word_1_185' title='bbox 1718 2867 1884 2947; x_wconf 88' lang='lat' dir='ltr'>quia</span> <span class='ocrx_word' id='word_1_186' title='bbox 1917 2865 2063 2946; x_wconf 89' lang='lat' dir='ltr'>jam</span> <span class='ocrx_word' id='word_1_187' title='bbox 2115 2866 2661 2947; x_wconf 88' lang='lat' dir='ltr'>quadragesima</span> <span class='ocrx_word' id='word_1_188' title='bbox 2710 2883 3166 2946; x_wconf 90' lang='lat' dir='ltr'>progressum</span> 
     </span>
     <span class='ocr_line' id='line_1_24' title="bbox 706 2972 3164 3052; baseline 0 -17"><span class='ocrx_word' id='word_1_189' title='bbox 706 2972 973 3036; x_wconf 85' lang='lat' dir='ltr'>fecerat</span> <span class='ocrx_word' id='word_1_190' title='bbox 1002 2982 1071 3038; x_wconf 92' lang='lat' dir='ltr'>et</span> <span class='ocrx_word' id='word_1_191' title='bbox 1101 2973 1719 3037; x_wconf 89' lang='lat' dir='ltr'>concionatoribus</span> <span class='ocrx_word' id='word_1_192' title='bbox 1768 2972 2117 3036; x_wconf 91' lang='lat' dir='ltr'>Venetiae</span> <span class='ocrx_word' id='word_1_193' title='bbox 2156 2972 2643 3052; x_wconf 90' lang='lat' dir='ltr'>abundabant,</span> <span class='ocrx_word' id='word_1_194' title='bbox 2687 2983 2754 3036; x_wconf 90' lang='lat' dir='ltr'>et</span> <span class='ocrx_word' id='word_1_195' title='bbox 2801 2991 2961 3036; x_wconf 93' lang='lat' dir='ltr'>cum</span> <span class='ocrx_word' id='word_1_196' title='bbox 2992 2972 3164 3052; x_wconf 87' lang='lat' dir='ltr'>jubi-</span> 
     </span>
     <span class='ocr_line' id='line_1_25' title="bbox 704 3079 3162 3169; baseline 0 -27"><span class='ocrx_word' id='word_1_197' title='bbox 704 3080 842 3142; x_wconf 89' lang='lat' dir='ltr'>laei</span> <span class='ocrx_word' id='word_1_198' title='bbox 897 3081 1262 3145; x_wconf 90' lang='lat' dir='ltr'>concessio</span> <span class='ocrx_word' id='word_1_199' title='bbox 1327 3097 1663 3160; x_wconf 90' lang='lat' dir='ltr'>magnam</span> <span class='ocrx_word' id='word_1_200' title='bbox 1734 3079 2216 3143; x_wconf 90' lang='lat' dir='ltr'>confitentium</span> <span class='ocrx_word' id='word_1_201' title='bbox 2281 3097 2582 3143; x_wconf 91' lang='lat' dir='ltr'>messem</span> <span class='ocrx_word' id='word_1_202' title='bbox 2645 3089 3162 3169; x_wconf 82' lang='lat' dir='ltr'>praeparasset,</span> 
     </span>
     <span class='ocr_line' id='line_1_26' title="bbox 706 3185 3161 3268; baseline 0.001 -20"><span class='ocrx_word' id='word_1_203' title='bbox 706 3186 868 3250; x_wconf 92' lang='lat' dir='ltr'>huic</span> <span class='ocrx_word' id='word_1_204' title='bbox 898 3188 1131 3268; x_wconf 93' lang='lat' dir='ltr'>potius</span> <span class='ocrx_word' id='word_1_205' title='bbox 1171 3187 1561 3251; x_wconf 90' lang='lat' dir='ltr'>ministerio</span> <span class='ocrx_word' id='word_1_206' title='bbox 1608 3186 2015 3250; x_wconf 88' lang='lat' dir='ltr'>vacandum</span> <span class='ocrx_word' id='word_1_207' title='bbox 2052 3202 2272 3265; x_wconf 92' lang='lat' dir='ltr'>usque</span> <span class='ocrx_word' id='word_1_208' title='bbox 2311 3186 2404 3247; x_wconf 90' lang='lat' dir='ltr'>ad</span> <span class='ocrx_word' id='word_1_209' title='bbox 2443 3185 2722 3248; x_wconf 86' lang='lat' dir='ltr'>Pascha</span> <span class='ocrx_word' id='word_1_210' title='bbox 2764 3185 3161 3250; x_wconf 88' lang='lat' dir='ltr'>videbatur.</span> 
     </span>
     <span class='ocr_line' id='line_1_27' title="bbox 704 3292 3164 3375; baseline -0 -18"><span class='ocrx_word' id='word_1_211' title='bbox 704 3294 792 3357; x_wconf 91' lang='lat' dir='ltr'>Et</span> <span class='ocrx_word' id='word_1_212' title='bbox 822 3295 987 3375; x_wconf 92' lang='lat' dir='ltr'>quia</span> <span class='ocrx_word' id='word_1_213' title='bbox 1016 3295 1319 3357; x_wconf 91' lang='lat' dir='ltr'>ecclesia</span> <span class='ocrx_word' id='word_1_214' title='bbox 1349 3302 1595 3357; x_wconf 91' lang='lat' dir='ltr'>nostra</span> <span class='ocrx_word' id='word_1_215' title='bbox 1635 3294 1899 3373; x_wconf 89' lang='lat' dir='ltr'>exigua</span> <span class='ocrx_word' id='word_1_216' title='bbox 1938 3303 2105 3355; x_wconf 89' lang='lat' dir='ltr'>tunc</span> <span class='ocrx_word' id='word_1_217' title='bbox 2146 3301 2299 3355; x_wconf 89' lang='lat' dir='ltr'>erat</span> <span class='ocrx_word' id='word_1_218' title='bbox 2342 3310 2473 3356; x_wconf 90' lang='lat' dir='ltr'>nec</span> <span class='ocrx_word' id='word_1_219' title='bbox 2516 3293 2689 3355; x_wconf 92' lang='lat' dir='ltr'>satis</span> <span class='ocrx_word' id='word_1_220' title='bbox 2728 3312 2958 3374; x_wconf 87' lang='lat' dir='ltr'>capax</span> <span class='ocrx_word' id='word_1_221' title='bbox 2997 3292 3164 3356; x_wconf 87' lang='lat' dir='ltr'>San·</span> 
     </span>
     <span class='ocr_line' id='line_1_28' title="bbox 708 3399 3167 3485; baseline -0.001 -21"><span class='ocrx_word' id='word_1_222' title='bbox 708 3411 864 3464; x_wconf 88' lang='lat' dir='ltr'>ctae</span> <span class='ocrx_word' id='word_1_223' title='bbox 913 3400 1279 3465; x_wconf 91' lang='lat' dir='ltr'>Trinitatis</span> <span class='ocrx_word' id='word_1_224' title='bbox 1327 3402 1664 3485; x_wconf 88' lang='lat' dir='ltr'>templum</span> <span class='ocrx_word' id='word_1_225' title='bbox 1704 3400 2054 3479; x_wconf 89' lang='lat' dir='ltr'>vicinum,</span> <span class='ocrx_word' id='word_1_226' title='bbox 2108 3400 2249 3461; x_wconf 89' lang='lat' dir='ltr'>alio</span> <span class='ocrx_word' id='word_1_227' title='bbox 2305 3400 2377 3461; x_wconf 90' lang='lat' dir='ltr'>in</span> <span class='ocrx_word' id='word_1_228' title='bbox 2426 3400 2583 3462; x_wconf 90' lang='lat' dir='ltr'>loco</span> <span class='ocrx_word' id='word_1_229' title='bbox 2627 3401 2881 3480; x_wconf 88' lang='lat' dir='ltr'>aptiori</span> <span class='ocrx_word' id='word_1_230' title='bbox 2918 3399 3008 3461; x_wconf 92' lang='lat' dir='ltr'>ad</span> <span class='ocrx_word' id='word_1_231' title='bbox 3045 3399 3167 3461; x_wconf 91' lang='lat' dir='ltr'>ho-</span> 
     </span>
     <span class='ocr_line' id='line_1_29' title="bbox 706 3505 3169 3588; baseline -0.001 -18"><span class='ocrx_word' id='word_1_232' title='bbox 706 3508 972 3571; x_wconf 89' lang='lat' dir='ltr'>minum</span> <span class='ocrx_word' id='word_1_233' title='bbox 1028 3507 1495 3588; x_wconf 88' lang='lat' dir='ltr'>frequentiam</span> <span class='ocrx_word' id='word_1_234' title='bbox 1544 3506 1919 3570; x_wconf 88' lang='lat' dir='ltr'>videbatur</span> <span class='ocrx_word' id='word_1_235' title='bbox 1977 3505 2225 3568; x_wconf 90' lang='lat' dir='ltr'>amicis</span> <span class='ocrx_word' id='word_1_236' title='bbox 2282 3506 2848 3568; x_wconf 89' lang='lat' dir='ltr'>concionandum</span> <span class='ocrx_word' id='word_1_237' title='bbox 2904 3506 3003 3567; x_wconf 93' lang='lat' dir='ltr'>illi</span> <span class='ocrx_word' id='word_1_238' title='bbox 3051 3505 3169 3568; x_wconf 88' lang='lat' dir='ltr'>vel</span> 
     </span>
     <span class='ocr_line' id='line_1_30' title="bbox 703 3611 3170 3694; baseline -0.001 -16"><span class='ocrx_word' id='word_1_239' title='bbox 703 3615 1079 3694; x_wconf 88' lang='lat' dir='ltr'>legendum</span> <span class='ocrx_word' id='word_1_240' title='bbox 1143 3630 1273 3677; x_wconf 89' lang='lat' dir='ltr'>suo</span> <span class='ocrx_word' id='word_1_241' title='bbox 1339 3622 1654 3694; x_wconf 91' lang='lat' dir='ltr'>tempore</span> <span class='ocrx_word' id='word_1_242' title='bbox 1711 3629 1900 3692; x_wconf 90' lang='lat' dir='ltr'>esse,</span> <span class='ocrx_word' id='word_1_243' title='bbox 1973 3621 2050 3675; x_wconf 96' lang='lat' dir='ltr'>ut</span> <span class='ocrx_word' id='word_1_244' title='bbox 2106 3611 2378 3675; x_wconf 91' lang='lat' dir='ltr'>fructus</span> <span class='ocrx_word' id='word_1_245' title='bbox 2434 3613 2831 3676; x_wconf 89' lang='lat' dir='ltr'>animarum</span> <span class='ocrx_word' id='word_1_246' title='bbox 2887 3613 3170 3676; x_wconf 91' lang='lat' dir='ltr'>uberior</span> 
     </span>
     <span class='ocr_line' id='line_1_31' title="bbox 705 3719 3167 3802; baseline -0 -18"><span class='ocrx_word' id='word_1_247' title='bbox 705 3730 1100 3802; x_wconf 85' lang='lat' dir='ltr'>caperetur.</span> <span class='ocrx_word' id='word_1_248' title='bbox 1133 3720 1313 3784; x_wconf 89' lang='lat' dir='ltr'>Tam</span> <span class='ocrx_word' id='word_1_249' title='bbox 1340 3720 1621 3785; x_wconf 88' lang='lat' dir='ltr'>Patavii</span> <span class='ocrx_word' id='word_1_250' title='bbox 1651 3737 1864 3799; x_wconf 89' lang='lat' dir='ltr'>quam</span> <span class='ocrx_word' id='word_1_251' title='bbox 1893 3719 2215 3783; x_wconf 90' lang='lat' dir='ltr'>Venetiis</span> <span class='ocrx_word' id='word_1_252' title='bbox 2255 3720 2511 3797; x_wconf 90' lang='lat' dir='ltr'>nostri,</span> <span class='ocrx_word' id='word_1_253' title='bbox 2544 3721 2709 3783; x_wconf 92' lang='lat' dir='ltr'>licet</span> <span class='ocrx_word' id='word_1_254' title='bbox 2748 3729 2950 3782; x_wconf 88' lang='lat' dir='ltr'>curta</span> <span class='ocrx_word' id='word_1_255' title='bbox 2983 3729 3167 3783; x_wconf 88' lang='lat' dir='ltr'>esset</span> 
     </span>
     <span class='ocr_line' id='line_1_32' title="bbox 708 3826 3168 3908; baseline -0.001 -18"><span class='ocrx_word' id='word_1_256' title='bbox 708 3830 1072 3908; x_wconf 88' lang='lat' dir='ltr'>suppellex</span> <span class='ocrx_word' id='word_1_257' title='bbox 1101 3838 1169 3891; x_wconf 91' lang='lat' dir='ltr'>et</span> <span class='ocrx_word' id='word_1_258' title='bbox 1199 3845 1315 3891; x_wconf 92' lang='lat' dir='ltr'>res</span> <span class='ocrx_word' id='word_1_259' title='bbox 1344 3828 1435 3891; x_wconf 90' lang='lat' dir='ltr'>ad</span> <span class='ocrx_word' id='word_1_260' title='bbox 1464 3827 1689 3890; x_wconf 86' lang='lat' dir='ltr'>vitam</span> <span class='ocrx_word' id='word_1_261' title='bbox 1715 3826 2124 3889; x_wconf 90' lang='lat' dir='ltr'>necessaria</span> <span class='ocrx_word' id='word_1_262' title='bbox 2153 3835 2490 3904; x_wconf 85' lang='lat' dir='ltr'>angusta,</span> <span class='ocrx_word' id='word_1_263' title='bbox 2534 3827 2845 3889; x_wconf 91' lang='lat' dir='ltr'>contenti</span> <span class='ocrx_word' id='word_1_264' title='bbox 2890 3835 2962 3888; x_wconf 89' lang='lat' dir='ltr'>et</span> <span class='ocrx_word' id='word_1_265' title='bbox 3002 3826 3168 3889; x_wconf 92' lang='lat' dir='ltr'>laeti</span> 
     </span>
     <span class='ocr_line' id='line_1_33' title="bbox 708 3930 3168 4014; baseline -0.001 -17"><span class='ocrx_word' id='word_1_266' title='bbox 708 3952 953 3997; x_wconf 90' lang='lat' dir='ltr'>omnes</span> <span class='ocrx_word' id='word_1_267' title='bbox 1008 3934 1376 4014; x_wconf 89' lang='lat' dir='ltr'>vivebant,</span> <span class='ocrx_word' id='word_1_268' title='bbox 1430 3942 1500 3997; x_wconf 92' lang='lat' dir='ltr'>et</span> <span class='ocrx_word' id='word_1_269' title='bbox 1553 3949 1854 4013; x_wconf 92' lang='lat' dir='ltr'>corpore</span> <span class='ocrx_word' id='word_1_270' title='bbox 1903 3950 2031 4012; x_wconf 92' lang='lat' dir='ltr'>per</span> <span class='ocrx_word' id='word_1_271' title='bbox 2081 3930 2217 3994; x_wconf 92' lang='lat' dir='ltr'>Dei</span> <span class='ocrx_word' id='word_1_272' title='bbox 2263 3933 2572 4011; x_wconf 88' lang='lat' dir='ltr'>gratiam</span> <span class='ocrx_word' id='word_1_273' title='bbox 2621 3933 2995 4011; x_wconf 83' lang='lat' dir='ltr'>valebant3</span> <span class='ocrx_word' id='word_1_274' title='bbox 3043 3931 3168 3994; x_wconf 92' lang='lat' dir='ltr'>sed</span> 
     </span>
     <span class='ocr_line' id='line_1_34' title="bbox 709 4039 3166 4119; baseline -0.001 -15"><span class='ocrx_word' id='word_1_275' title='bbox 709 4041 1234 4105; x_wconf 89' lang='lat' dir='ltr'>confessionum</span> <span class='ocrx_word' id='word_1_276' title='bbox 1257 4039 1565 4104; x_wconf 90' lang='lat' dir='ltr'>fructum</span> <span class='ocrx_word' id='word_1_277' title='bbox 1594 4040 2020 4119; x_wconf 91' lang='lat' dir='ltr'>impediebat</span> <span class='ocrx_word' id='word_1_278' title='bbox 2050 4055 2139 4101; x_wconf 89' lang='lat' dir='ltr'>ex</span> <span class='ocrx_word' id='word_1_279' title='bbox 2168 4049 2370 4118; x_wconf 92' lang='lat' dir='ltr'>parte</span> <span class='ocrx_word' id='word_1_280' title='bbox 2399 4039 2828 4119; x_wconf 87' lang='lat' dir='ltr'>reipublicae</span> <span class='ocrx_word' id='word_1_281' title='bbox 2857 4040 3042 4102; x_wconf 90' lang='lat' dir='ltr'>illius</span> <span class='ocrx_word' id='word_1_282' title='bbox 3069 4039 3166 4101; x_wconf 91' lang='lat' dir='ltr'>ni-</span> 
     </span>
     <span class='ocr_line' id='line_1_35' title="bbox 708 4146 3169 4229; baseline -0.001 -18"><span class='ocrx_word' id='word_1_283' title='bbox 708 4148 850 4211; x_wconf 91' lang='lat' dir='ltr'>mia</span> <span class='ocrx_word' id='word_1_284' title='bbox 880 4149 1422 4229; x_wconf 90' lang='lat' dir='ltr'>circumspectio</span> <span class='ocrx_word' id='word_1_285' title='bbox 1453 4157 1521 4210; x_wconf 90' lang='lat' dir='ltr'>et</span> <span class='ocrx_word' id='word_1_286' title='bbox 1552 4148 1853 4225; x_wconf 88' lang='lat' dir='ltr'>cautela,</span> <span class='ocrx_word' id='word_1_287' title='bbox 1883 4163 2044 4209; x_wconf 91' lang='lat' dir='ltr'>cum</span> <span class='ocrx_word' id='word_1_288' title='bbox 2065 4146 2487 4225; x_wconf 91' lang='lat' dir='ltr'>praesertim</span> <span class='ocrx_word' id='word_1_289' title='bbox 2512 4146 2649 4208; x_wconf 92' lang='lat' dir='ltr'>illis</span> <span class='ocrx_word' id='word_1_290' title='bbox 2672 4146 2916 4209; x_wconf 92' lang='lat' dir='ltr'>diebus</span> <span class='ocrx_word' id='word_1_291' title='bbox 2938 4163 3169 4209; x_wconf 89' lang='lat' dir='ltr'>sacer-</span> 
     </span>
     <span class='ocr_line' id='line_1_36' title="bbox 706 4251 3168 4334; baseline -0.002 -15"><span class='ocrx_word' id='word_1_292' title='bbox 706 4256 907 4319; x_wconf 87' lang='lat' dir='ltr'>dotes</span> <span class='ocrx_word' id='word_1_293' title='bbox 954 4254 1545 4334; x_wconf 82' lang='lat' dir='ltr'>mediolanenseS,</span> <span class='ocrx_word' id='word_1_294' title='bbox 1600 4254 1719 4334; x_wconf 93' lang='lat' dir='ltr'>qui</span> <span class='ocrx_word' id='word_1_295' title='bbox 1765 4252 2012 4316; x_wconf 87' lang='lat' dir='ltr'>Sancti</span> <span class='ocrx_word' id='word_1_296' title='bbox 2061 4251 2433 4314; x_wconf 88' lang='lat' dir='ltr'>Barnabae</span> <span class='ocrx_word' id='word_1_297' title='bbox 2484 4252 2848 4332; x_wconf 91' lang='lat' dir='ltr'>dicuntur,</span> <span class='ocrx_word' id='word_1_298' title='bbox 2891 4270 2979 4315; x_wconf 85' lang='lat' dir='ltr'>ex</span> <span class='ocrx_word' id='word_1_299' title='bbox 3021 4261 3168 4316; x_wconf 92' lang='lat' dir='ltr'>toto</span> 
     </span>
     <span class='ocr_line' id='line_1_37' title="bbox 706 4358 3170 4441; baseline -0.002 -15"><span class='ocrx_word' id='word_1_300' title='bbox 706 4362 1018 4426; x_wconf 89' lang='lat' dir='ltr'>dominio</span> <span class='ocrx_word' id='word_1_301' title='bbox 1049 4361 1325 4424; x_wconf 90' lang='lat' dir='ltr'>Veneto</span> <span class='ocrx_word' id='word_1_302' title='bbox 1355 4361 1639 4441; x_wconf 92' lang='lat' dir='ltr'>publico</span> <span class='ocrx_word' id='word_1_303' title='bbox 1670 4360 1900 4423; x_wconf 90' lang='lat' dir='ltr'>edicto</span> <span class='ocrx_word' id='word_1_304' title='bbox 1931 4359 2126 4422; x_wconf 88' lang='lat' dir='ltr'>exire</span> <span class='ocrx_word' id='word_1_305' title='bbox 2165 4358 2342 4438; x_wconf 87' lang='lat' dir='ltr'>jussi</span> <span class='ocrx_word' id='word_1_306' title='bbox 2389 4358 2702 4438; x_wconf 90' lang='lat' dir='ltr'>fuerant,</span> <span class='ocrx_word' id='word_1_307' title='bbox 2758 4376 2919 4422; x_wconf 90' lang='lat' dir='ltr'>cum</span> <span class='ocrx_word' id='word_1_308' title='bbox 2957 4360 3170 4421; x_wconf 88' lang='lat' dir='ltr'>etiam</span> 
     </span>
    </p>
   </div>
   <div class='ocr_carea' id='block_1_3' title="bbox 820 4501 1137 4510">
    <p class='ocr_par' dir='ltr' id='par_1_4' title="bbox 820 4501 1137 4510">
     <span class='ocr_line' id='line_1_38' title="bbox 820 4501 1137 4510; baseline 0 904"><span class='ocrx_word' id='word_1_309' title='bbox 820 4501 1137 4510; x_wconf 95' lang='lat' dir='ltr'> </span> 
     </span>
    </p>
   </div>
   <div class='ocr_carea' id='block_1_4' title="bbox 710 4504 767 4511">
    <p class='ocr_par' dir='ltr' id='par_1_5' title="bbox 710 4504 767 4511">
     <span class='ocr_line' id='line_1_39' title="bbox 710 4504 767 4511; baseline -0.035 0"><span class='ocrx_word' id='word_1_310' title='bbox 710 4504 767 4511; x_wconf 60' lang='lat'>0—-</span> 
     </span>
    </p>
   </div>
   <div class='ocr_carea' id='block_1_5' title="bbox 708 4561 3171 4762">
    <p class='ocr_par' dir='ltr' id='par_1_6' title="bbox 708 4561 3171 4762">
     <span class='ocr_line' id='line_1_40' title="bbox 792 4561 3171 4618; baseline -0.002 -9"><span class='ocrx_word' id='word_1_311' title='bbox 792 4568 805 4599; x_wconf 76' lang='grc'><em>·</em></span> <span class='ocrx_word' id='word_1_312' title='bbox 864 4565 1134 4618; x_wconf 78' lang='lat' dir='ltr'>Polnncus,</span> <span class='ocrx_word' id='word_1_313' title='bbox 1156 4574 1222 4608; x_wconf 77' lang='lat' dir='ltr'>ex</span> <span class='ocrx_word' id='word_1_314' title='bbox 1242 4564 1643 4616; x_wconf 71' lang='lat' dir='ltr'>commissione,</span> <span class='ocrx_word' id='word_1_315' title='bbox 1662 4563 1905 4607; x_wconf 77' lang='lat' dir='ltr'>Andreae</span> <span class='ocrx_word' id='word_1_316' title='bbox 1928 4561 2139 4615; x_wconf 83' lang='lat' dir='ltr'>Frusio,</span> <span class='ocrx_word' id='word_1_317' title='bbox 2178 4568 2235 4605; x_wconf 88' lang='lat' dir='ltr'>ut</span> <span class='ocrx_word' id='word_1_318' title='bbox 2269 4562 2319 4604; x_wconf 87' lang='lat' dir='ltr'>in</span> <span class='ocrx_word' id='word_1_319' title='bbox 2349 4561 2582 4605; x_wconf 82' lang='lat' dir='ltr'>omnibus</span> <span class='ocrx_word' id='word_1_320' title='bbox 2613 4574 2667 4605; x_wconf 90' lang='lat' dir='ltr'>se</span> <span class='ocrx_word' id='word_1_321' title='bbox 2689 4561 2948 4607; x_wconf 79' lang='lat' dir='ltr'>voluntati</span> <span class='ocrx_word' id='word_1_322' title='bbox 2977 4562 3171 4606; x_wconf 82' lang='lat' dir='ltr'>Prioris</span> 
     </span>
     <span class='ocr_line' id='line_1_41' title="bbox 708 4631 3169 4688; baseline -0.001 -10"><span class='ocrx_word' id='word_1_323' title='bbox 708 4636 1021 4680; x_wconf 81' lang='lat' dir='ltr'>conformem</span> <span class='ocrx_word' id='word_1_324' title='bbox 1055 4635 1317 4687; x_wconf 78' lang='lat' dir='ltr'>exbibens,</span> <span class='ocrx_word' id='word_1_325' title='bbox 1335 4634 1385 4678; x_wconf 79' lang='lat' dir='ltr'>in</span> <span class='ocrx_word' id='word_1_326' title='bbox 1401 4634 1703 4688; x_wconf 74' lang='lat' dir='ltr'>quibusdam</span> <span class='ocrx_word' id='word_1_327' title='bbox 1718 4635 1955 4678; x_wconf 76' lang='lat' dir='ltr'>suaviter</span> <span class='ocrx_word' id='word_1_328' title='bbox 1983 4642 2035 4678; x_wconf 88' lang='lat' dir='ltr'>et</span> <span class='ocrx_word' id='word_1_329' title='bbox 2055 4634 2282 4677; x_wconf 81' lang='lat' dir='ltr'>modeste</span> <span class='ocrx_word' id='word_1_330' title='bbox 2309 4631 2431 4686; x_wconf 87' lang='lat' dir='ltr'>quid</span> <span class='ocrx_word' id='word_1_331' title='bbox 2455 4633 2649 4677; x_wconf 75' lang='lat' dir='ltr'>sentiat</span> <span class='ocrx_word' id='word_1_332' title='bbox 2679 4644 2934 4688; x_wconf 83' lang='lat' dir='ltr'>exponere</span> <span class='ocrx_word' id='word_1_333' title='bbox 2963 4633 3169 4685; x_wconf 73' lang='lat' dir='ltr'>audeat,</span> 
     </span>
     <span class='ocr_line' id='line_1_42' title="bbox 708 4708 997 4762; baseline 0 -12"><span class='ocrx_word' id='word_1_334' title='bbox 708 4708 763 4750; x_wconf 64' lang='lat'>2³5</span> <span class='ocrx_word' id='word_1_335' title='bbox 785 4708 997 4762; x_wconf 72' lang='lat' dir='ltr'>Aprilis.</span> 
     </span>
    </p>
   </div>
  </div>
 </body>
</html>
