<?xml version="1.0" encoding="UTF-8"?>
<!DOCTYPE html PUBLIC "-//W3C//DTD XHTML 1.0 Transitional//EN"
    "http://www.w3.org/TR/xhtml1/DTD/xhtml1-transitional.dtd">
<html xmlns="http://www.w3.org/1999/xhtml" xml:lang="en" lang="en">
 <head>
  <title>
</title>
<meta http-equiv="Content-Type" content="text/html;charset=utf-8" />
  <meta name='ocr-system' content='tesseract 3.04.00' />
  <meta name='ocr-capabilities' content='ocr_page ocr_carea ocr_par ocr_line ocrx_word'/>
</head>
<body>
  <div class='ocr_page' id='page_1' title='image "./vitaignatiiloio03polagoog_0459.png"; bbox 0 0 3679 5414; ppageno 0'>
   <div class='ocr_carea' id='block_1_1' title="bbox 1666 397 3067 459">
    <p class='ocr_par' dir='ltr' id='par_1_1' title="bbox 1666 397 3067 459">
     <span class='ocr_line' id='line_1_1' title="bbox 1666 397 3067 459; baseline 0.002 -3"><span class='ocrx_word' id='word_1_1' title='bbox 1666 397 1795 456; x_wconf 80' lang='grc' dir='ltr'><strong>ΑΝ.</strong></span> <span class='ocrx_word' id='word_1_2' title='bbox 1851 398 1992 456; x_wconf 79' lang='grc'>1552</span> <span class='ocrx_word' id='word_1_3' title='bbox 2955 400 3067 459; x_wconf 80' lang='grc'><strong>453</strong></span> 
     </span>
    </p>
   </div>
   <div class='ocr_carea' id='block_1_2' title="bbox 555 542 3074 3624">
    <p class='ocr_par' dir='ltr' id='par_1_2' title="bbox 589 542 3069 1482">
     <span class='ocr_line' id='line_1_2' title="bbox 711 542 3065 609; baseline -0 -2"><span class='ocrx_word' id='word_1_4' title='bbox 711 543 812 607; x_wconf 91' lang='grc'><strong>90.</strong></span> <span class='ocrx_word' id='word_1_5' title='bbox 902 543 1238 607; x_wconf 89' lang='lat' dir='ltr'><strong>Vicarius</strong></span> <span class='ocrx_word' id='word_1_6' title='bbox 1268 542 1673 609; x_wconf 84' lang='lat' dir='ltr'><strong>Parmensis</strong></span> <span class='ocrx_word' id='word_1_7' title='bbox 1704 561 1867 607; x_wconf 90' lang='lat' dir='ltr'><strong>cum</strong></span> <span class='ocrx_word' id='word_1_8' title='bbox 1896 544 2242 607; x_wconf 87' lang='lat' dir='ltr'>Mutinam</span> <span class='ocrx_word' id='word_1_9' title='bbox 2269 545 2583 608; x_wconf 90' lang='lat' dir='ltr'><strong>venisset</strong></span> <span class='ocrx_word' id='word_1_10' title='bbox 2612 554 2681 607; x_wconf 94' lang='lat' dir='ltr'><strong>et</strong></span> <span class='ocrx_word' id='word_1_11' title='bbox 2710 544 2795 607; x_wconf 91' lang='lat' dir='ltr'><strong>de</strong></span> <span class='ocrx_word' id='word_1_12' title='bbox 2841 544 3065 607; x_wconf 90' lang='lat' dir='ltr'><strong>Colle-</strong></span> 
     </span>
     <span class='ocr_line' id='line_1_3' title="bbox 589 649 3066 731; baseline -0 -15"><span class='ocrx_word' id='word_1_13' title='bbox 589 652 713 731; x_wconf 86' lang='lat' dir='ltr'><strong>gio</strong></span> <span class='ocrx_word' id='word_1_14' title='bbox 739 649 1116 714; x_wconf 89' lang='lat' dir='ltr'><strong>Societatis</strong></span> <span class='ocrx_word' id='word_1_15' title='bbox 1148 650 1268 730; x_wconf 91' lang='lat' dir='ltr'><strong>agi</strong></span> <span class='ocrx_word' id='word_1_16' title='bbox 1296 650 1780 730; x_wconf 84' lang='lat' dir='ltr'><strong>intellexisset,</strong></span> <span class='ocrx_word' id='word_1_17' title='bbox 1816 651 2098 731; x_wconf 89' lang='lat' dir='ltr'>obloqui</span> <span class='ocrx_word' id='word_1_18' title='bbox 2128 650 2467 715; x_wconf 88' lang='lat' dir='ltr'><strong>Societati</strong></span> <span class='ocrx_word' id='word_1_19' title='bbox 2498 652 2763 731; x_wconf 91' lang='lat' dir='ltr'><strong>coepit;</strong></span> <span class='ocrx_word' id='word_1_20' title='bbox 2811 652 2934 714; x_wconf 90' lang='lat' dir='ltr'><strong>sed</strong></span> <span class='ocrx_word' id='word_1_21' title='bbox 2965 652 3066 715; x_wconf 87' lang='lat' dir='ltr'><strong>ita</strong></span> 
     </span>
     <span class='ocr_line' id='line_1_4' title="bbox 589 756 3068 861; baseline -0 -39"><span class='ocrx_word' id='word_1_22' title='bbox 589 777 633 821; x_wconf 91' lang='lat' dir='ltr'><strong>a</strong></span> <span class='ocrx_word' id='word_1_23' title='bbox 665 759 1204 838; x_wconf 81' lang='lat' dir='ltr'><strong>mutinensibuS,</strong></span> <span class='ocrx_word' id='word_1_24' title='bbox 1239 758 1494 861; x_wconf 40' lang='lat' dir='ltr'><strong>quibus</strong></span> <span class='ocrx_word' id='word_1_25' title='bbox 1522 759 1895 822; x_wconf 88' lang='lat' dir='ltr'><strong>mendacia</strong></span> <span class='ocrx_word' id='word_1_26' title='bbox 1926 760 2274 839; x_wconf 82' lang='lat' dir='ltr'><strong>quaedam</strong></span> <span class='ocrx_word' id='word_1_27' title='bbox 2297 759 2734 838; x_wconf 85' lang='lat' dir='ltr'><strong>venditabat,</strong></span> <span class='ocrx_word' id='word_1_28' title='bbox 2762 756 3068 838; x_wconf 88' lang='lat' dir='ltr'><strong>rejectus</strong></span> 
     </span>
     <span class='ocr_line' id='line_1_5' title="bbox 589 866 3067 945; baseline -0.001 -15"><span class='ocrx_word' id='word_1_29' title='bbox 589 866 751 945; x_wconf 91' lang='lat' dir='ltr'><strong>fuit,</strong></span> <span class='ocrx_word' id='word_1_30' title='bbox 794 875 872 929; x_wconf 92' lang='lat' dir='ltr'><strong>ut</strong></span> <span class='ocrx_word' id='word_1_31' title='bbox 900 866 1351 929; x_wconf 88' lang='lat' dir='ltr'><strong>erubesceret</strong></span> <span class='ocrx_word' id='word_1_32' title='bbox 1378 875 1448 929; x_wconf 92' lang='lat' dir='ltr'><strong>et</strong></span> <span class='ocrx_word' id='word_1_33' title='bbox 1476 867 1581 930; x_wconf 90' lang='lat' dir='ltr'><strong>sic</strong></span> <span class='ocrx_word' id='word_1_34' title='bbox 1614 867 1983 930; x_wconf 88' lang='lat' dir='ltr'><strong>recederet</strong></span> <span class='ocrx_word' id='word_1_35' title='bbox 2011 876 2088 930; x_wconf 94' lang='lat' dir='ltr'><strong>ut</strong></span> <span class='ocrx_word' id='word_1_36' title='bbox 2118 869 2310 930; x_wconf 93' lang='lat' dir='ltr'><strong>nullo</strong></span> <span class='ocrx_word' id='word_1_37' title='bbox 2342 868 2482 929; x_wconf 91' lang='lat' dir='ltr'><strong>alio</strong></span> <span class='ocrx_word' id='word_1_38' title='bbox 2522 866 2837 930; x_wconf 87' lang='lat' dir='ltr'><strong>remedio</strong></span> <span class='ocrx_word' id='word_1_39' title='bbox 2886 883 3067 945; x_wconf 91' lang='lat' dir='ltr'><strong>opus</strong></span> 
     </span>
     <span class='ocr_line' id='line_1_6' title="bbox 590 973 3063 1053; baseline -0.001 -17"><span class='ocrx_word' id='word_1_40' title='bbox 590 990 748 1036; x_wconf 90' lang='lat' dir='ltr'><strong>esse</strong></span> <span class='ocrx_word' id='word_1_41' title='bbox 778 973 1162 1052; x_wconf 89' lang='lat' dir='ltr'><strong>videretur;</strong></span> <span class='ocrx_word' id='word_1_42' title='bbox 1196 973 1526 1053; x_wconf 89' lang='lat' dir='ltr'><strong>quamvis</strong></span> <span class='ocrx_word' id='word_1_43' title='bbox 1555 974 1979 1036; x_wconf 88' lang='lat' dir='ltr'><strong>sententiam</strong></span> <span class='ocrx_word' id='word_1_44' title='bbox 2018 975 2186 1037; x_wconf 90' lang='lat' dir='ltr'><strong>olim</strong></span> <span class='ocrx_word' id='word_1_45' title='bbox 2225 974 2297 1036; x_wconf 91' lang='lat' dir='ltr'><strong>in</strong></span> <span class='ocrx_word' id='word_1_46' title='bbox 2339 973 2663 1036; x_wconf 88' lang='lat' dir='ltr'><strong>favorem</strong></span> <span class='ocrx_word' id='word_1_47' title='bbox 2703 973 3063 1052; x_wconf 89' lang='lat' dir='ltr'><strong>presbyte-</strong></span> 
     </span>
     <span class='ocr_line' id='line_1_7' title="bbox 590 1078 3064 1159; baseline -0.001 -16"><span class='ocrx_word' id='word_1_48' title='bbox 590 1097 834 1143; x_wconf 89' lang='lat' dir='ltr'><strong>rorum</strong></span> <span class='ocrx_word' id='word_1_49' title='bbox 872 1078 1365 1143; x_wconf 88' lang='lat' dir='ltr'><strong>Parmensium</strong></span> <span class='ocrx_word' id='word_1_50' title='bbox 1401 1081 1947 1159; x_wconf 89' lang='lat' dir='ltr'><strong>pronunciatam</strong></span> <span class='ocrx_word' id='word_1_51' title='bbox 1986 1089 2237 1143; x_wconf 92' lang='lat' dir='ltr'><strong>contra</strong></span> <span class='ocrx_word' id='word_1_52' title='bbox 2277 1081 2790 1143; x_wconf 88' lang='lat' dir='ltr'><strong>obtrectatores</strong></span> <span class='ocrx_word' id='word_1_53' title='bbox 2830 1078 3064 1158; x_wconf 92' lang='lat' dir='ltr'><strong>hujus-</strong></span> 
     </span>
     <span class='ocr_line' id='line_1_8' title="bbox 591 1186 3065 1268; baseline -0 -18"><span class='ocrx_word' id='word_1_54' title='bbox 591 1186 786 1250; x_wconf 89' lang='lat' dir='ltr'><strong>modi</strong></span> <span class='ocrx_word' id='word_1_55' title='bbox 813 1186 890 1250; x_wconf 91' lang='lat' dir='ltr'><strong>P.</strong></span> <span class='ocrx_word' id='word_1_56' title='bbox 924 1186 1290 1267; x_wconf 85' lang='lat' dir='ltr'><strong>Sylvester</strong></span> <span class='ocrx_word' id='word_1_57' title='bbox 1315 1189 1744 1268; x_wconf 88' lang='lat' dir='ltr'><strong>postulasset</strong></span> <span class='ocrx_word' id='word_1_58' title='bbox 1787 1197 1857 1256; x_wconf 89' lang='lat' dir='ltr'><strong>et</strong></span> <span class='ocrx_word' id='word_1_59' title='bbox 1893 1206 2038 1252; x_wconf 90' lang='lat' dir='ltr'><strong>non</strong></span> <span class='ocrx_word' id='word_1_60' title='bbox 2077 1189 2270 1251; x_wconf 90' lang='lat' dir='ltr'><strong>illam</strong></span> <span class='ocrx_word' id='word_1_61' title='bbox 2308 1197 2582 1251; x_wconf 89' lang='lat' dir='ltr'><strong>tantum</strong></span> <span class='ocrx_word' id='word_1_62' title='bbox 2619 1186 2745 1249; x_wconf 91' lang='lat' dir='ltr'><strong>sed</strong></span> <span class='ocrx_word' id='word_1_63' title='bbox 2785 1194 3065 1250; x_wconf 86' lang='lat' dir='ltr'><strong>omnem</strong></span> 
     </span>
     <span class='ocr_line' id='line_1_9' title="bbox 590 1293 3069 1374; baseline -0.001 -15"><span class='ocrx_word' id='word_1_64' title='bbox 590 1312 797 1359; x_wconf 90' lang='lat' dir='ltr'><strong>suam</strong></span> <span class='ocrx_word' id='word_1_65' title='bbox 825 1311 1117 1373; x_wconf 88' lang='lat' dir='ltr'><strong>operam</strong></span> <span class='ocrx_word' id='word_1_66' title='bbox 1137 1294 1213 1358; x_wconf 93' lang='lat' dir='ltr'><strong>P.</strong></span> <span class='ocrx_word' id='word_1_67' title='bbox 1242 1295 1560 1374; x_wconf 90' lang='lat' dir='ltr'><strong>Ignatius</strong></span> <span class='ocrx_word' id='word_1_68' title='bbox 1582 1296 1971 1358; x_wconf 89' lang='lat' dir='ltr'><strong>obtulisset.</strong></span> <span class='ocrx_word' id='word_1_69' title='bbox 2000 1293 2139 1373; x_wconf 80' lang='lat' dir='ltr'><strong>Sed</strong></span> <span class='ocrx_word' id='word_1_70' title='bbox 2162 1295 2335 1358; x_wconf 92' lang='lat' dir='ltr'><strong>nihil</strong></span> <span class='ocrx_word' id='word_1_71' title='bbox 2364 1294 2555 1357; x_wconf 88' lang='lat' dir='ltr'><strong>aliud</strong></span> <span class='ocrx_word' id='word_1_72' title='bbox 2583 1294 3069 1358; x_wconf 88' lang='lat' dir='ltr'><strong>necessarium</strong></span> 
     </span>
     <span class='ocr_line' id='line_1_10' title="bbox 589 1399 2938 1482; baseline -0 -18"><span class='ocrx_word' id='word_1_73' title='bbox 589 1401 720 1464; x_wconf 86' lang='lat' dir='ltr'><strong>fuit</strong></span> <span class='ocrx_word' id='word_1_74' title='bbox 749 1418 963 1481; x_wconf 91' lang='lat' dir='ltr'><strong>quam</strong></span> <span class='ocrx_word' id='word_1_75' title='bbox 991 1401 1148 1480; x_wconf 90' lang='lat' dir='ltr'><strong>ipsa</strong></span> <span class='ocrx_word' id='word_1_76' title='bbox 1176 1402 1467 1479; x_wconf 90' lang='lat' dir='ltr'><strong>veritas,</strong></span> <span class='ocrx_word' id='word_1_77' title='bbox 1502 1419 1682 1481; x_wconf 92' lang='lat' dir='ltr'><strong>quae</strong></span> <span class='ocrx_word' id='word_1_78' title='bbox 1713 1402 2197 1465; x_wconf 89' lang='lat' dir='ltr'><strong>oblocutorem</strong></span> <span class='ocrx_word' id='word_1_79' title='bbox 2225 1401 2567 1482; x_wconf 89' lang='lat' dir='ltr'><strong>repressit</strong></span> <span class='ocrx_word' id='word_1_80' title='bbox 2597 1399 2878 1463; x_wconf 91' lang='lat' dir='ltr'><strong>abunde</strong></span> <span class='ocrx_word' id='word_1_81' title='bbox 2899 1399 2938 1463; x_wconf 84' lang='lat'><strong>¹.</strong></span> 
     </span>
    </p>

    <p class='ocr_par' dir='ltr' id='par_1_3' title="bbox 590 1507 3074 3194">
     <span class='ocr_line' id='line_1_11' title="bbox 711 1507 3065 1589; baseline -0 -18"><span class='ocrx_word' id='word_1_82' title='bbox 711 1508 813 1571; x_wconf 91' lang='lat'><strong>91.</strong></span> <span class='ocrx_word' id='word_1_83' title='bbox 901 1507 1061 1589; x_wconf 88' lang='lat' dir='ltr'><strong>Jam</strong></span> <span class='ocrx_word' id='word_1_84' title='bbox 1092 1508 1180 1570; x_wconf 92' lang='lat' dir='ltr'><strong>ab</strong></span> <span class='ocrx_word' id='word_1_85' title='bbox 1211 1508 1409 1571; x_wconf 90' lang='lat' dir='ltr'><strong>initio</strong></span> <span class='ocrx_word' id='word_1_86' title='bbox 1443 1507 1648 1587; x_wconf 77' lang='lat' dir='ltr'><strong>huJus</strong></span> <span class='ocrx_word' id='word_1_87' title='bbox 1688 1509 1858 1572; x_wconf 88' lang='lat' dir='ltr'><strong>anni</strong></span> <span class='ocrx_word' id='word_1_88' title='bbox 1895 1509 2244 1588; x_wconf 84' lang='lat' dir='ltr'><strong>agebatur</strong></span> <span class='ocrx_word' id='word_1_89' title='bbox 2284 1508 2370 1572; x_wconf 92' lang='lat' dir='ltr'><strong>de</strong></span> <span class='ocrx_word' id='word_1_90' title='bbox 2408 1508 2724 1587; x_wconf 90' lang='lat' dir='ltr'><strong>Collegio</strong></span> <span class='ocrx_word' id='word_1_91' title='bbox 2756 1507 3065 1573; x_wconf 88' lang='lat' dir='ltr'><strong>Societa-</strong></span> 
     </span>
     <span class='ocr_line' id='line_1_12' title="bbox 590 1615 3064 1696; baseline 0 -19"><span class='ocrx_word' id='word_1_92' title='bbox 590 1616 683 1677; x_wconf 91' lang='lat' dir='ltr'><strong>tis</strong></span> <span class='ocrx_word' id='word_1_93' title='bbox 712 1615 1026 1678; x_wconf 88' lang='lat' dir='ltr'><strong>Mutinae</strong></span> <span class='ocrx_word' id='word_1_94' title='bbox 1057 1615 1486 1679; x_wconf 92' lang='lat' dir='ltr'><strong>instituendo</strong></span> <span class='ocrx_word' id='word_1_95' title='bbox 1517 1625 1585 1679; x_wconf 94' lang='lat' dir='ltr'><strong>et</strong></span> <span class='ocrx_word' id='word_1_96' title='bbox 1609 1616 1937 1696; x_wconf 87' lang='lat' dir='ltr'><strong>quamvis</strong></span> <span class='ocrx_word' id='word_1_97' title='bbox 1967 1626 2260 1696; x_wconf 91' lang='lat' dir='ltr'><strong>propter</strong></span> <span class='ocrx_word' id='word_1_98' title='bbox 2289 1616 2472 1678; x_wconf 89' lang='lat' dir='ltr'><strong>bella</strong></span> <span class='ocrx_word' id='word_1_99' title='bbox 2504 1624 2571 1678; x_wconf 93' lang='lat' dir='ltr'><strong>et</strong></span> <span class='ocrx_word' id='word_1_100' title='bbox 2603 1632 2930 1678; x_wconf 90' lang='lat' dir='ltr'><strong>annonae</strong></span> <span class='ocrx_word' id='word_1_101' title='bbox 2955 1632 3064 1677; x_wconf 90' lang='lat' dir='ltr'><strong>ca-</strong></span> 
     </span>
     <span class='ocr_line' id='line_1_13' title="bbox 593 1722 3070 1804; baseline -0 -19"><span class='ocrx_word' id='word_1_102' title='bbox 593 1722 879 1785; x_wconf 88' lang='lat' dir='ltr'><strong>ritatem</strong></span> <span class='ocrx_word' id='word_1_103' title='bbox 923 1731 993 1785; x_wconf 93' lang='lat' dir='ltr'><strong>et</strong></span> <span class='ocrx_word' id='word_1_104' title='bbox 1033 1722 1211 1785; x_wconf 87' lang='lat' dir='ltr'><strong>alias</strong></span> <span class='ocrx_word' id='word_1_105' title='bbox 1254 1723 1593 1786; x_wconf 89' lang='lat' dir='ltr'><strong>honestas</strong></span> <span class='ocrx_word' id='word_1_106' title='bbox 1635 1740 1892 1786; x_wconf 90' lang='lat' dir='ltr'><strong>causas</strong></span> <span class='ocrx_word' id='word_1_107' title='bbox 1934 1741 2098 1787; x_wconf 89' lang='lat' dir='ltr'><strong>curn</strong></span> <span class='ocrx_word' id='word_1_108' title='bbox 2146 1724 2302 1804; x_wconf 91' lang='lat' dir='ltr'><strong>ipsa</strong></span> <span class='ocrx_word' id='word_1_109' title='bbox 2341 1723 2845 1785; x_wconf 88' lang='lat' dir='ltr'><strong>communitate</strong></span> <span class='ocrx_word' id='word_1_110' title='bbox 2894 1723 3070 1785; x_wconf 91' lang='lat' dir='ltr'><strong>nihil</strong></span> 
     </span>
     <span class='ocr_line' id='line_1_14' title="bbox 591 1829 3070 1910; baseline 0 -19"><span class='ocrx_word' id='word_1_111' title='bbox 591 1830 948 1909; x_wconf 90' lang='lat' dir='ltr'><strong>agendum</strong></span> <span class='ocrx_word' id='word_1_112' title='bbox 976 1846 1133 1892; x_wconf 90' lang='lat' dir='ltr'><strong>esse</strong></span> <span class='ocrx_word' id='word_1_113' title='bbox 1162 1829 1545 1909; x_wconf 87' lang='lat' dir='ltr'><strong>videretur,</strong></span> <span class='ocrx_word' id='word_1_114' title='bbox 1581 1830 1796 1910; x_wconf 92' lang='lat' dir='ltr'><strong>aliqui</strong></span> <span class='ocrx_word' id='word_1_115' title='bbox 1826 1849 1918 1893; x_wconf 81' lang='lat' dir='ltr'><strong>ex</strong></span> <span class='ocrx_word' id='word_1_116' title='bbox 1944 1831 2250 1910; x_wconf 89' lang='lat' dir='ltr'><strong>privatis</strong></span> <span class='ocrx_word' id='word_1_117' title='bbox 2278 1830 2530 1893; x_wconf 89' lang='lat' dir='ltr'><strong>amicis</strong></span> <span class='ocrx_word' id='word_1_118' title='bbox 2553 1830 3070 1909; x_wconf 85' lang='lat' dir='ltr'><strong>quinquaginta</strong></span> 
     </span>
     <span class='ocr_line' id='line_1_15' title="bbox 592 1935 3072 2017; baseline 0 -19"><span class='ocrx_word' id='word_1_119' title='bbox 592 1953 850 1999; x_wconf 91' lang='lat' dir='ltr'><strong>aureos</strong></span> <span class='ocrx_word' id='word_1_120' title='bbox 878 1937 952 1999; x_wconf 90' lang='lat' dir='ltr'><strong>in</strong></span> <span class='ocrx_word' id='word_1_121' title='bbox 986 1936 1305 2015; x_wconf 92' lang='lat' dir='ltr'><strong>singulos</strong></span> <span class='ocrx_word' id='word_1_122' title='bbox 1333 1955 1560 2000; x_wconf 89' lang='lat' dir='ltr'><strong>annos</strong></span> <span class='ocrx_word' id='word_1_123' title='bbox 1590 1954 1666 1999; x_wconf 90' lang='lat' dir='ltr'><strong>se</strong></span> <span class='ocrx_word' id='word_1_124' title='bbox 1703 1937 1997 2000; x_wconf 92' lang='lat' dir='ltr'><strong>daturos</strong></span> <span class='ocrx_word' id='word_1_125' title='bbox 2033 1937 2625 2017; x_wconf 87' lang='lat' dir='ltr'><strong>subscripserunt.</strong></span> <span class='ocrx_word' id='word_1_126' title='bbox 2669 1935 3072 1999; x_wconf 85' lang='lat' dir='ltr'><strong>Cardinalis</strong></span> 
     </span>
     <span class='ocr_line' id='line_1_16' title="bbox 592 2042 3068 2131; baseline 0 -26"><span class='ocrx_word' id='word_1_127' title='bbox 592 2042 962 2120; x_wconf 80' lang='lat' dir='ltr'><strong>MoronuS,</strong></span> <span class='ocrx_word' id='word_1_128' title='bbox 1013 2044 1132 2123; x_wconf 94' lang='lat' dir='ltr'><strong>qui</strong></span> <span class='ocrx_word' id='word_1_129' title='bbox 1171 2043 1379 2131; x_wconf 85' lang='lat' dir='ltr'><strong>hujus</strong></span> <span class='ocrx_word' id='word_1_130' title='bbox 1416 2043 1713 2123; x_wconf 91' lang='lat' dir='ltr'><strong>Collegii</strong></span> <span class='ocrx_word' id='word_1_131' title='bbox 1757 2043 2105 2106; x_wconf 88' lang='lat' dir='ltr'><strong>Mutinam</strong></span> <span class='ocrx_word' id='word_1_132' title='bbox 2145 2043 2468 2107; x_wconf 88' lang='lat' dir='ltr'><strong>mittendi</strong></span> <span class='ocrx_word' id='word_1_133' title='bbox 2495 2043 2921 2123; x_wconf 87' lang='lat' dir='ltr'><strong>praecipuus</strong></span> <span class='ocrx_word' id='word_1_134' title='bbox 2949 2061 3068 2106; x_wconf 91' lang='lat' dir='ltr'><strong>au-</strong></span> 
     </span>
     <span class='ocr_line' id='line_1_17' title="bbox 590 2150 3068 2231; baseline 0 -19"><span class='ocrx_word' id='word_1_135' title='bbox 590 2159 750 2213; x_wconf 91' lang='lat' dir='ltr'><strong>ctor</strong></span> <span class='ocrx_word' id='word_1_136' title='bbox 780 2160 968 2229; x_wconf 90' lang='lat' dir='ltr'><strong>erat,</strong></span> <span class='ocrx_word' id='word_1_137' title='bbox 1012 2151 1303 2231; x_wconf 91' lang='lat' dir='ltr'><strong>quique,</strong></span> <span class='ocrx_word' id='word_1_138' title='bbox 1360 2152 1522 2214; x_wconf 89' lang='lat' dir='ltr'><strong>licet</strong></span> <span class='ocrx_word' id='word_1_139' title='bbox 1563 2151 2071 2231; x_wconf 89' lang='lat' dir='ltr'><strong>Episcopatum</strong></span> <span class='ocrx_word' id='word_1_140' title='bbox 2112 2152 2531 2231; x_wconf 88' lang='lat' dir='ltr'><strong>reliquerat,</strong></span> <span class='ocrx_word' id='word_1_141' title='bbox 2575 2159 2853 2230; x_wconf 89' lang='lat' dir='ltr'><strong>partem</strong></span> <span class='ocrx_word' id='word_1_142' title='bbox 2889 2150 3068 2213; x_wconf 91' lang='lat' dir='ltr'><strong>redi-</strong></span> 
     </span>
     <span class='ocr_line' id='line_1_18' title="bbox 592 2257 3072 2337; baseline 0 -18"><span class='ocrx_word' id='word_1_143' title='bbox 592 2265 792 2321; x_wconf 90' lang='lat' dir='ltr'><strong>tuum</strong></span> <span class='ocrx_word' id='word_1_144' title='bbox 841 2257 1101 2321; x_wconf 91' lang='lat' dir='ltr'><strong>bonam</strong></span> <span class='ocrx_word' id='word_1_145' title='bbox 1153 2257 1516 2337; x_wconf 90' lang='lat' dir='ltr'><strong>pensionis</strong></span> <span class='ocrx_word' id='word_1_146' title='bbox 1564 2260 1720 2321; x_wconf 93' lang='lat' dir='ltr'><strong>loco</strong></span> <span class='ocrx_word' id='word_1_147' title='bbox 1780 2258 1914 2321; x_wconf 92' lang='lat' dir='ltr'><strong>sibi</strong></span> <span class='ocrx_word' id='word_1_148' title='bbox 1961 2267 2495 2337; x_wconf 86' lang='lat' dir='ltr'><strong>reservaverat,</strong></span> <span class='ocrx_word' id='word_1_149' title='bbox 2551 2258 3072 2337; x_wconf 85' lang='lat' dir='ltr'><strong>quinquaginta</strong></span> 
     </span>
     <span class='ocr_line' id='line_1_19' title="bbox 591 2364 3073 2444; baseline -0 -17"><span class='ocrx_word' id='word_1_150' title='bbox 591 2365 769 2427; x_wconf 88' lang='lat' dir='ltr'><strong>alios</strong></span> <span class='ocrx_word' id='word_1_151' title='bbox 814 2381 1073 2427; x_wconf 91' lang='lat' dir='ltr'><strong>aureos</strong></span> <span class='ocrx_word' id='word_1_152' title='bbox 1110 2383 1386 2428; x_wconf 90' lang='lat' dir='ltr'><strong>annuos</strong></span> <span class='ocrx_word' id='word_1_153' title='bbox 1416 2365 1686 2428; x_wconf 92' lang='lat' dir='ltr'><strong>obtulit.</strong></span> <span class='ocrx_word' id='word_1_154' title='bbox 1728 2364 1797 2427; x_wconf 89' lang='lat' dir='ltr'><strong>A</strong></span> <span class='ocrx_word' id='word_1_155' title='bbox 1826 2365 2028 2428; x_wconf 90' lang='lat' dir='ltr'><strong>Duce</strong></span> <span class='ocrx_word' id='word_1_156' title='bbox 2072 2365 2129 2437; x_wconf 84' lang='lat' dir='ltr'>F</span> <span class='ocrx_word' id='word_1_157' title='bbox 2132 2367 2471 2443; x_wconf 83' lang='lat' dir='ltr'><strong>errariae,</strong></span> <span class='ocrx_word' id='word_1_158' title='bbox 2506 2365 2625 2444; x_wconf 93' lang='lat' dir='ltr'><strong>qui</strong></span> <span class='ocrx_word' id='word_1_159' title='bbox 2657 2374 2724 2427; x_wconf 95' lang='lat' dir='ltr'><strong>et</strong></span> <span class='ocrx_word' id='word_1_160' title='bbox 2754 2364 3073 2427; x_wconf 89' lang='lat' dir='ltr'><strong>Mutinae</strong></span> 
     </span>
     <span class='ocr_line' id='line_1_20' title="bbox 591 2471 3070 2552; baseline 0 -19"><span class='ocrx_word' id='word_1_161' title='bbox 591 2471 761 2534; x_wconf 86' lang='lat' dir='ltr'><strong>Dux</strong></span> <span class='ocrx_word' id='word_1_162' title='bbox 784 2481 912 2549; x_wconf 89' lang='lat' dir='ltr'><strong>est,</strong></span> <span class='ocrx_word' id='word_1_163' title='bbox 940 2471 1061 2533; x_wconf 91' lang='lat' dir='ltr'><strong>alii</strong></span> <span class='ocrx_word' id='word_1_164' title='bbox 1086 2471 1599 2551; x_wconf 90' lang='lat' dir='ltr'><strong>quinquaginta</strong></span> <span class='ocrx_word' id='word_1_165' title='bbox 1622 2490 1750 2552; x_wconf 92' lang='lat' dir='ltr'><strong>per</strong></span> <span class='ocrx_word' id='word_1_166' title='bbox 1771 2473 2040 2535; x_wconf 88' lang='lat' dir='ltr'><strong>amicos</strong></span> <span class='ocrx_word' id='word_1_167' title='bbox 2063 2472 2421 2551; x_wconf 89' lang='lat' dir='ltr'><strong>impetrati</strong></span> <span class='ocrx_word' id='word_1_168' title='bbox 2442 2471 2746 2534; x_wconf 87' lang='lat' dir='ltr'><strong>fuerunt.</strong></span> <span class='ocrx_word' id='word_1_169' title='bbox 2781 2471 3070 2550; x_wconf 90' lang='lat' dir='ltr'><strong>Episco-</strong></span> 
     </span>
     <span class='ocr_line' id='line_1_21' title="bbox 594 2578 3074 2659; baseline -0 -17"><span class='ocrx_word' id='word_1_170' title='bbox 594 2597 749 2659; x_wconf 80' lang='lat' dir='ltr'><strong>puS,</strong></span> <span class='ocrx_word' id='word_1_171' title='bbox 805 2579 1133 2657; x_wconf 89' lang='lat' dir='ltr'><strong>quamvis</strong></span> <span class='ocrx_word' id='word_1_172' title='bbox 1186 2578 1458 2642; x_wconf 88' lang='lat' dir='ltr'><strong>fructus</strong></span> <span class='ocrx_word' id='word_1_173' title='bbox 1499 2580 1920 2643; x_wconf 90' lang='lat' dir='ltr'><strong>mutinensis</strong></span> <span class='ocrx_word' id='word_1_174' title='bbox 1958 2579 2326 2659; x_wconf 88' lang='lat' dir='ltr'><strong>ecclesiae,</strong></span> <span class='ocrx_word' id='word_1_175' title='bbox 2359 2589 2436 2642; x_wconf 92' lang='lat' dir='ltr'><strong>ut</strong></span> <span class='ocrx_word' id='word_1_176' title='bbox 2474 2580 2740 2643; x_wconf 89' lang='lat' dir='ltr'><strong>dictum</strong></span> <span class='ocrx_word' id='word_1_177' title='bbox 2770 2589 2906 2656; x_wconf 92' lang='lat' dir='ltr'><strong>est,</strong></span> <span class='ocrx_word' id='word_1_178' title='bbox 2940 2596 3074 2641; x_wconf 90' lang='lat' dir='ltr'><strong>nec</strong></span> 
     </span>
     <span class='ocr_line' id='line_1_22' title="bbox 600 2685 3074 2768; baseline 0 -19"><span class='ocrx_word' id='word_1_179' title='bbox 600 2687 918 2766; x_wconf 90' lang='lat' dir='ltr'><strong>integros</strong></span> <span class='ocrx_word' id='word_1_180' title='bbox 948 2687 1162 2749; x_wconf 89' lang='lat' dir='ltr'><strong>immo</strong></span> <span class='ocrx_word' id='word_1_181' title='bbox 1195 2704 1324 2751; x_wconf 89' lang='lat' dir='ltr'><strong>nec</strong></span> <span class='ocrx_word' id='word_1_182' title='bbox 1354 2685 1702 2768; x_wconf 88' lang='lat' dir='ltr'><strong>majorem</strong></span> <span class='ocrx_word' id='word_1_183' title='bbox 1730 2704 1977 2751; x_wconf 90' lang='lat' dir='ltr'><strong>eorum</strong></span> <span class='ocrx_word' id='word_1_184' title='bbox 2005 2697 2280 2768; x_wconf 90' lang='lat' dir='ltr'><strong>partem</strong></span> <span class='ocrx_word' id='word_1_185' title='bbox 2317 2688 2746 2768; x_wconf 87' lang='lat' dir='ltr'><strong>perciperet,</strong></span> <span class='ocrx_word' id='word_1_186' title='bbox 2779 2704 2909 2767; x_wconf 90' lang='lat' dir='ltr'><strong>pro</strong></span> <span class='ocrx_word' id='word_1_187' title='bbox 2941 2704 3074 2750; x_wconf 90' lang='lat' dir='ltr'><strong>sua</strong></span> 
     </span>
     <span class='ocr_line' id='line_1_23' title="bbox 596 2794 3070 2875; baseline 0 -19"><span class='ocrx_word' id='word_1_188' title='bbox 596 2805 836 2856; x_wconf 88' lang='lat' dir='ltr'><strong>tamen</strong></span> <span class='ocrx_word' id='word_1_189' title='bbox 864 2794 1304 2873; x_wconf 90' lang='lat' dir='ltr'><strong>benignitate</strong></span> <span class='ocrx_word' id='word_1_190' title='bbox 1328 2804 1396 2857; x_wconf 91' lang='lat' dir='ltr'><strong>et</strong></span> <span class='ocrx_word' id='word_1_191' title='bbox 1419 2795 1788 2875; x_wconf 87' lang='lat' dir='ltr'><strong>charitate,</strong></span> <span class='ocrx_word' id='word_1_192' title='bbox 1820 2813 1960 2875; x_wconf 91' lang='lat' dir='ltr'><strong>qua</strong></span> <span class='ocrx_word' id='word_1_193' title='bbox 1982 2794 2411 2859; x_wconf 90' lang='lat' dir='ltr'><strong>Societatem</strong></span> <span class='ocrx_word' id='word_1_194' title='bbox 2442 2796 3070 2875; x_wconf 91' lang='lat' dir='ltr'><strong>complectebatur,</strong></span> 
     </span>
     <span class='ocr_line' id='line_1_24' title="bbox 598 2900 3072 2981; baseline 0.001 -19"><span class='ocrx_word' id='word_1_195' title='bbox 598 2916 802 2963; x_wconf 90' lang='lat' dir='ltr'><strong>suam</strong></span> <span class='ocrx_word' id='word_1_196' title='bbox 832 2918 1132 2981; x_wconf 91' lang='lat' dir='ltr'><strong>operam</strong></span> <span class='ocrx_word' id='word_1_197' title='bbox 1161 2900 1505 2965; x_wconf 87' lang='lat' dir='ltr'><strong>offerebat</strong></span> <span class='ocrx_word' id='word_1_198' title='bbox 1543 2911 1613 2965; x_wconf 91' lang='lat' dir='ltr'><strong>et</strong></span> <span class='ocrx_word' id='word_1_199' title='bbox 1649 2904 1886 2965; x_wconf 90' lang='lat' dir='ltr'><strong>locum</strong></span> <span class='ocrx_word' id='word_1_200' title='bbox 1930 2903 2195 2966; x_wconf 88' lang='lat' dir='ltr'><strong>nostris</strong></span> <span class='ocrx_word' id='word_1_201' title='bbox 2238 2902 2428 2965; x_wconf 92' lang='lat' dir='ltr'><strong>Divo</strong></span> <span class='ocrx_word' id='word_1_202' title='bbox 2475 2902 2913 2965; x_wconf 90' lang='lat' dir='ltr'><strong>Bernardino</strong></span> <span class='ocrx_word' id='word_1_203' title='bbox 2964 2919 3072 2964; x_wconf 89' lang='lat' dir='ltr'><strong>sa-</strong></span> 
     </span>
     <span class='ocr_line' id='line_1_25' title="bbox 595 3008 3073 3102; baseline 0 -33"><span class='ocrx_word' id='word_1_204' title='bbox 595 3024 797 3070; x_wconf 90' lang='lat' dir='ltr'><strong>crum</strong></span> <span class='ocrx_word' id='word_1_205' title='bbox 830 3008 1252 3087; x_wconf 88' lang='lat' dir='ltr'><strong>assignavit,</strong></span> <span class='ocrx_word' id='word_1_206' title='bbox 1287 3009 1402 3071; x_wconf 89' lang='lat' dir='ltr'><strong>cui</strong></span> <span class='ocrx_word' id='word_1_207' title='bbox 1431 3017 1500 3102; x_wconf 81' lang='lat' dir='ltr'><strong>et</strong></span> <span class='ocrx_word' id='word_1_208' title='bbox 1528 3009 1772 3072; x_wconf 90' lang='lat' dir='ltr'><strong>schola</strong></span> <span class='ocrx_word' id='word_1_209' title='bbox 1803 3010 2153 3089; x_wconf 88' lang='lat' dir='ltr'><strong>quaedam</strong></span> <span class='ocrx_word' id='word_1_210' title='bbox 2182 3009 2421 3073; x_wconf 90' lang='lat' dir='ltr'><strong>vicina</strong></span> <span class='ocrx_word' id='word_1_211' title='bbox 2452 3008 2785 3089; x_wconf 88' lang='lat' dir='ltr'><strong>adjuncta</strong></span> <span class='ocrx_word' id='word_1_212' title='bbox 2816 3008 2967 3086; x_wconf 86' lang='lat' dir='ltr'><strong>fuit,</strong></span> <span class='ocrx_word' id='word_1_213' title='bbox 3002 3017 3073 3071; x_wconf 88' lang='lat' dir='ltr'><strong>et</strong></span> 
     </span>
     <span class='ocr_line' id='line_1_26' title="bbox 594 3115 2729 3194; baseline 0 -18"><span class='ocrx_word' id='word_1_214' title='bbox 594 3115 833 3194; x_wconf 91' lang='lat' dir='ltr'><strong>aliqua</strong></span> <span class='ocrx_word' id='word_1_215' title='bbox 863 3115 936 3177; x_wconf 91' lang='lat' dir='ltr'><strong>in</strong></span> <span class='ocrx_word' id='word_1_216' title='bbox 966 3132 1051 3177; x_wconf 91' lang='lat' dir='ltr'><strong>eo</strong></span> <span class='ocrx_word' id='word_1_217' title='bbox 1087 3115 1411 3178; x_wconf 88' lang='lat' dir='ltr'><strong>cubicula</strong></span> <span class='ocrx_word' id='word_1_218' title='bbox 1441 3116 1533 3179; x_wconf 88' lang='lat' dir='ltr'><strong>ad</strong></span> <span class='ocrx_word' id='word_1_219' title='bbox 1561 3134 1768 3179; x_wconf 90' lang='lat' dir='ltr'><strong>usum</strong></span> <span class='ocrx_word' id='word_1_220' title='bbox 1796 3126 2205 3180; x_wconf 88' lang='lat' dir='ltr'><strong>nostrorum</strong></span> <span class='ocrx_word' id='word_1_221' title='bbox 2234 3117 2662 3179; x_wconf 88' lang='lat' dir='ltr'><strong>concinnata</strong></span> <span class='ocrx_word' id='word_1_222' title='bbox 2685 3115 2729 3178; x_wconf 75' lang='lat'><strong>².</strong></span> 
     </span>
    </p>

    <p class='ocr_par' dir='ltr' id='par_1_4' title="bbox 555 3221 3072 3624">
     <span class='ocr_line' id='line_1_27' title="bbox 718 3221 3072 3303; baseline -0 -18"><span class='ocrx_word' id='word_1_223' title='bbox 718 3221 817 3284; x_wconf 84' lang='lat'><strong>92.</strong></span> <span class='ocrx_word' id='word_1_224' title='bbox 908 3223 1096 3286; x_wconf 90' lang='lat' dir='ltr'><strong>Inter</strong></span> <span class='ocrx_word' id='word_1_225' title='bbox 1128 3224 1399 3286; x_wconf 88' lang='lat' dir='ltr'><strong>amicos</strong></span> <span class='ocrx_word' id='word_1_226' title='bbox 1429 3223 1717 3303; x_wconf 91' lang='lat' dir='ltr'><strong>quidam</strong></span> <span class='ocrx_word' id='word_1_227' title='bbox 1756 3241 1901 3287; x_wconf 94' lang='lat' dir='ltr'><strong>non</strong></span> <span class='ocrx_word' id='word_1_228' title='bbox 1939 3224 2173 3286; x_wconf 89' lang='lat' dir='ltr'><strong>minus</strong></span> <span class='ocrx_word' id='word_1_229' title='bbox 2214 3224 2477 3303; x_wconf 88' lang='lat' dir='ltr'><strong>pietate</strong></span> <span class='ocrx_word' id='word_1_230' title='bbox 2518 3241 2731 3303; x_wconf 91' lang='lat' dir='ltr'><strong>quam</strong></span> <span class='ocrx_word' id='word_1_231' title='bbox 2771 3222 3072 3286; x_wconf 88' lang='lat' dir='ltr'><strong>fortunis</strong></span> 
     </span>
     <span class='ocr_line' id='line_1_28' title="bbox 596 3328 3070 3422; baseline 0 -31"><span class='ocrx_word' id='word_1_232' title='bbox 596 3329 778 3391; x_wconf 92' lang='lat' dir='ltr'><strong>inter</strong></span> <span class='ocrx_word' id='word_1_233' title='bbox 808 3328 1076 3409; x_wconf 91' lang='lat' dir='ltr'><strong>primos</strong></span> <span class='ocrx_word' id='word_1_234' title='bbox 1118 3330 1315 3392; x_wconf 90' lang='lat' dir='ltr'><strong>cives</strong></span> <span class='ocrx_word' id='word_1_235' title='bbox 1360 3331 1726 3410; x_wconf 88' lang='lat' dir='ltr'><strong>censendi,</strong></span> <span class='ocrx_word' id='word_1_236' title='bbox 1775 3340 1851 3393; x_wconf 93' lang='lat' dir='ltr'><strong>ut</strong></span> <span class='ocrx_word' id='word_1_237' title='bbox 1887 3330 2200 3412; x_wconf 90' lang='lat' dir='ltr'><strong>Joannes</strong></span> <span class='ocrx_word' id='word_1_238' title='bbox 2239 3329 2744 3422; x_wconf 76' lang='lat' dir='ltr'><strong>CastelvetruS,</strong></span> <span class='ocrx_word' id='word_1_239' title='bbox 2779 3329 3070 3392; x_wconf 89' lang='lat' dir='ltr'><strong>Benedi-</strong></span> 
     </span>
     <span class='ocr_line' id='line_1_29' title="bbox 596 3435 3067 3514; baseline 0.001 -17"><span class='ocrx_word' id='word_1_240' title='bbox 596 3444 754 3498; x_wconf 91' lang='lat' dir='ltr'><strong>ctus</strong></span> <span class='ocrx_word' id='word_1_241' title='bbox 793 3435 1291 3498; x_wconf 82' lang='lat' dir='ltr'><strong>Charandinus</strong></span> <span class='ocrx_word' id='word_1_242' title='bbox 1331 3446 1399 3499; x_wconf 92' lang='lat' dir='ltr'><strong>et</strong></span> <span class='ocrx_word' id='word_1_243' title='bbox 1439 3436 1784 3499; x_wconf 87' lang='lat' dir='ltr'><strong>Hercules</strong></span> <span class='ocrx_word' id='word_1_244' title='bbox 1822 3435 2151 3514; x_wconf 90' lang='lat' dir='ltr'><strong>Purinus,</strong></span> <span class='ocrx_word' id='word_1_245' title='bbox 2199 3446 2268 3499; x_wconf 94' lang='lat' dir='ltr'><strong>et</strong></span> <span class='ocrx_word' id='word_1_246' title='bbox 2306 3437 2487 3499; x_wconf 90' lang='lat' dir='ltr'><strong>inter</strong></span> <span class='ocrx_word' id='word_1_247' title='bbox 2530 3435 2879 3499; x_wconf 85' lang='lat' dir='ltr'><strong>foeminas</strong></span> <span class='ocrx_word' id='word_1_248' title='bbox 2928 3436 3067 3499; x_wconf 88' lang='lat' dir='ltr'><strong>Do-</strong></span> 
     </span>
     <span class='ocr_line' id='line_1_30' title="bbox 555 3542 3072 3624; baseline 0.001 -20"><span class='ocrx_word' id='word_1_249' title='bbox 555 3543 788 3604; x_wconf 89' lang='lat' dir='ltr'><strong>-mina</strong></span> <span class='ocrx_word' id='word_1_250' title='bbox 826 3542 1245 3606; x_wconf 90' lang='lat' dir='ltr'><strong>Constantia</strong></span> <span class='ocrx_word' id='word_1_251' title='bbox 1294 3542 1734 3607; x_wconf 89' lang='lat' dir='ltr'><strong>Pallavicina</strong></span> <span class='ocrx_word' id='word_1_252' title='bbox 1783 3544 2132 3623; x_wconf 91' lang='lat' dir='ltr'><strong>Cortesia,</strong></span> <span class='ocrx_word' id='word_1_253' title='bbox 2187 3561 2469 3608; x_wconf 90' lang='lat' dir='ltr'><strong>omnem</strong></span> <span class='ocrx_word' id='word_1_254' title='bbox 2518 3561 2720 3607; x_wconf 89' lang='lat' dir='ltr'><strong>suam</strong></span> <span class='ocrx_word' id='word_1_255' title='bbox 2778 3561 3072 3624; x_wconf 91' lang='lat' dir='ltr'><strong>operam</strong></span> 
     </span>
    </p>
   </div>
   <div class='ocr_carea' id='block_1_3' title="bbox 591 3781 3078 4555">
    <p class='ocr_par' dir='ltr' id='par_1_5' title="bbox 594 3781 3078 4123">
     <span class='ocr_line' id='line_1_31' title="bbox 595 3781 3076 3839; baseline 0.002 -15"><span class='ocrx_word' id='word_1_256' title='bbox 595 3781 963 3825; x_wconf 78' lang='lat' dir='ltr'><strong>benevolentia</strong></span> <span class='ocrx_word' id='word_1_257' title='bbox 985 3783 1271 3836; x_wconf 82' lang='lat' dir='ltr'><strong>minuatur,</strong></span> <span class='ocrx_word' id='word_1_258' title='bbox 1293 3795 1422 3838; x_wconf 78' lang='lat' dir='ltr'><strong>quae</strong></span> <span class='ocrx_word' id='word_1_259' title='bbox 1443 3786 1508 3828; x_wconf 84' lang='lat' dir='ltr'><strong>ad</strong></span> <span class='ocrx_word' id='word_1_260' title='bbox 1532 3791 1606 3828; x_wconf 87' lang='lat' dir='ltr'><strong>tot</strong></span> <span class='ocrx_word' id='word_1_261' title='bbox 1626 3785 1713 3839; x_wconf 81' lang='lat' dir='ltr'><strong>pia</strong></span> <span class='ocrx_word' id='word_1_262' title='bbox 1733 3795 1892 3838; x_wconf 84' lang='lat' dir='ltr'><strong>opera</strong></span> <span class='ocrx_word' id='word_1_263' title='bbox 1925 3791 2037 3829; x_wconf 89' lang='lat' dir='ltr'><strong>tum</strong></span> <span class='ocrx_word' id='word_1_264' title='bbox 2069 3783 2295 3828; x_wconf 84' lang='lat' dir='ltr'><strong>Mutinae</strong></span> <span class='ocrx_word' id='word_1_265' title='bbox 2315 3816 2324 3836; x_wconf 91' lang='lat'><strong>,</strong></span> <span class='ocrx_word' id='word_1_266' title='bbox 2361 3791 2470 3827; x_wconf 85' lang='lat' dir='ltr'><strong>tum</strong></span> <span class='ocrx_word' id='word_1_267' title='bbox 2503 3782 2696 3827; x_wconf 84' lang='lat' dir='ltr'><strong>Romae</strong></span> <span class='ocrx_word' id='word_1_268' title='bbox 2727 3784 3076 3828; x_wconf 65' lang='lat' dir='ltr'><strong>sustentanda,</strong></span> 
     </span>
     <span class='ocr_line' id='line_1_32' title="bbox 595 3851 3076 3911; baseline 0.002 -17"><span class='ocrx_word' id='word_1_269' title='bbox 595 3851 739 3895; x_wconf 88' lang='lat' dir='ltr'><strong>utilis</strong></span> <span class='ocrx_word' id='word_1_270' title='bbox 759 3858 855 3895; x_wconf 86' lang='lat' dir='ltr'><strong>est.</strong></span> <span class='ocrx_word' id='word_1_271' title='bbox 874 3852 1131 3896; x_wconf 85' lang='lat' dir='ltr'><strong>Minuetnr</strong></span> <span class='ocrx_word' id='word_1_272' title='bbox 1152 3861 1328 3898; x_wconf 86' lang='lat' dir='ltr'><strong>autem</strong></span> <span class='ocrx_word' id='word_1_273' title='bbox 1348 3855 1392 3899; x_wconf 87' lang='lat' dir='ltr'><strong>si</strong></span> <span class='ocrx_word' id='word_1_274' title='bbox 1412 3868 1511 3899; x_wconf 90' lang='lat' dir='ltr'><strong>non</strong></span> <span class='ocrx_word' id='word_1_275' title='bbox 1534 3858 1698 3911; x_wconf 85' lang='lat' dir='ltr'><strong>ipsum</strong></span> <span class='ocrx_word' id='word_1_276' title='bbox 1718 3857 2000 3910; x_wconf 88' lang='lat' dir='ltr'><strong>prudenter</strong></span> <span class='ocrx_word' id='word_1_277' title='bbox 2020 3861 2226 3898; x_wconf 78' lang='lat' dir='ltr'><strong>moneat</strong></span> <span class='ocrx_word' id='word_1_278' title='bbox 2248 3855 2627 3908; x_wconf 85' lang='lat' dir='ltr'><strong>prudenterque</strong></span> <span class='ocrx_word' id='word_1_279' title='bbox 2644 3861 2823 3898; x_wconf 91' lang='lat' dir='ltr'><strong>utatur</strong></span> <span class='ocrx_word' id='word_1_280' title='bbox 2842 3860 3076 3908; x_wconf 72' lang='lat' dir='ltr'><strong>potesta,</strong></span> 
     </span>
     <span class='ocr_line' id='line_1_33' title="bbox 596 3923 3067 3982; baseline 0.001 -15"><span class='ocrx_word' id='word_1_281' title='bbox 596 3930 664 3976; x_wconf 86' lang='lat' dir='ltr'><strong>te,</strong></span> <span class='ocrx_word' id='word_1_282' title='bbox 687 3936 840 3978; x_wconf 87' lang='lat' dir='ltr'><strong>quam</strong></span> <span class='ocrx_word' id='word_1_283' title='bbox 862 3923 962 3978; x_wconf 89' lang='lat' dir='ltr'><strong>ipsi</strong></span> <span class='ocrx_word' id='word_1_284' title='bbox 984 3926 1185 3968; x_wconf 81' lang='lat' dir='ltr'><strong>confert</strong></span> <span class='ocrx_word' id='word_1_285' title='bbox 1218 3927 1358 3980; x_wconf 89' lang='lat' dir='ltr'><strong>pium</strong></span> <span class='ocrx_word' id='word_1_286' title='bbox 1379 3929 1641 3972; x_wconf 82' lang='lat' dir='ltr'><strong>vinculum</strong></span> <span class='ocrx_word' id='word_1_287' title='bbox 1675 3940 1774 3982; x_wconf 90' lang='lat' dir='ltr'><strong>quo</strong></span> <span class='ocrx_word' id='word_1_288' title='bbox 1808 3928 1855 3970; x_wconf 91' lang='lat' dir='ltr'><strong>ei</strong></span> <span class='ocrx_word' id='word_1_289' title='bbox 1887 3926 2174 3981; x_wconf 85' lang='lat' dir='ltr'><strong>Episcopus</strong></span> <span class='ocrx_word' id='word_1_290' title='bbox 2207 3926 2478 3969; x_wconf 85' lang='lat' dir='ltr'><strong>devinctus</strong></span> <span class='ocrx_word' id='word_1_291' title='bbox 2499 3932 2602 3979; x_wconf 87' lang='lat' dir='ltr'><strong>est,</strong></span> <span class='ocrx_word' id='word_1_292' title='bbox 2624 3926 2678 3968; x_wconf 84' lang='lat'><strong>28</strong></span> <span class='ocrx_word' id='word_1_293' title='bbox 2696 3926 3067 3978; x_wconf 75' lang='lat' dir='ltr'><strong>Junii.-Pium</strong></span> 
     </span>
     <span class='ocr_line' id='line_1_34' title="bbox 596 3996 3078 4054; baseline 0.002 -16"><span class='ocrx_word' id='word_1_294' title='bbox 596 3996 692 4038; x_wconf 79' lang='lat' dir='ltr'><strong>hoc</strong></span> <span class='ocrx_word' id='word_1_295' title='bbox 715 3996 993 4039; x_wconf 78' lang='lat' dir='ltr'><strong>vinculum</strong></span> <span class='ocrx_word' id='word_1_296' title='bbox 1028 4004 1145 4040; x_wconf 81' lang='lat' dir='ltr'><strong>erat</strong></span> <span class='ocrx_word' id='word_1_297' title='bbox 1180 3999 1505 4043; x_wconf 80' lang='lat' dir='ltr'><strong>obedientiae</strong></span> <span class='ocrx_word' id='word_1_298' title='bbox 1526 4006 1730 4054; x_wconf 88' lang='lat' dir='ltr'><strong>votum,</strong></span> <span class='ocrx_word' id='word_1_299' title='bbox 1752 4011 1852 4053; x_wconf 85' lang='lat' dir='ltr'><strong>quo</strong></span> <span class='ocrx_word' id='word_1_300' title='bbox 1887 3999 1954 4042; x_wconf 76' lang='lat' dir='ltr'><strong>ad</strong></span> <span class='ocrx_word' id='word_1_301' title='bbox 1983 3999 2268 4052; x_wconf 84' lang='lat' dir='ltr'><strong>parendum</strong></span> <span class='ocrx_word' id='word_1_302' title='bbox 2289 4009 2380 4041; x_wconf 90' lang='lat' dir='ltr'><strong>suo</strong></span> <span class='ocrx_word' id='word_1_303' title='bbox 2415 3997 2734 4042; x_wconf 77' lang='lat' dir='ltr'><strong>confessario</strong></span> <span class='ocrx_word' id='word_1_304' title='bbox 2755 3998 2992 4042; x_wconf 78' lang='lat' dir='ltr'><strong>Laudine</strong></span> <span class='ocrx_word' id='word_1_305' title='bbox 3013 4010 3078 4042; x_wconf 79' lang='lat' dir='ltr'><strong>se</strong></span> 
     </span>
     <span class='ocr_line' id='line_1_35' title="bbox 594 4066 1270 4123; baseline 0.004 -13"><span class='ocrx_word' id='word_1_306' title='bbox 594 4068 947 4111; x_wconf 80' lang='lat' dir='ltr'><strong>obstrinxerat</strong></span> <span class='ocrx_word' id='word_1_307' title='bbox 972 4066 1270 4123; x_wconf 84' lang='lat' dir='ltr'><strong>Episcopus.</strong></span> 
     </span>
    </p>

    <p class='ocr_par' dir='ltr' id='par_1_6' title="bbox 595 4139 3076 4264">
     <span class='ocr_line' id='line_1_36' title="bbox 677 4139 3076 4200; baseline 0.003 -19"><span class='ocrx_word' id='word_1_308' title='bbox 677 4140 695 4172; x_wconf 86' lang='lat'>¹</span> <span class='ocrx_word' id='word_1_309' title='bbox 752 4139 1006 4182; x_wconf 85' lang='lat' dir='ltr'><strong>Polancus</strong></span> <span class='ocrx_word' id='word_1_310' title='bbox 1020 4172 1031 4194; x_wconf 91' lang='lat'><strong>,</strong></span> <span class='ocrx_word' id='word_1_311' title='bbox 1052 4151 1119 4182; x_wconf 79' lang='lat' dir='ltr'><strong>ex</strong></span> <span class='ocrx_word' id='word_1_312' title='bbox 1138 4152 1269 4186; x_wconf 89' lang='lat' dir='ltr'><strong>com.</strong></span> <span class='ocrx_word' id='word_1_313' title='bbox 1284 4175 1301 4194; x_wconf 81' lang='lat'><em>‚</em></span> <span class='ocrx_word' id='word_1_314' title='bbox 1320 4142 1466 4186; x_wconf 80' lang='lat' dir='ltr'><strong>Patri</strong></span> <span class='ocrx_word' id='word_1_315' title='bbox 1489 4141 1763 4200; x_wconf 83' lang='lat' dir='ltr'><strong>Sylvestro</strong></span> <span class='ocrx_word' id='word_1_316' title='bbox 1785 4142 2044 4198; x_wconf 79' lang='lat' dir='ltr'><strong>Laudino,</strong></span> <span class='ocrx_word' id='word_1_317' title='bbox 2067 4144 2129 4186; x_wconf 85' lang='lat' dir='ltr'><strong>de</strong></span> <span class='ocrx_word' id='word_1_318' title='bbox 2151 4144 2408 4187; x_wconf 86' lang='lat' dir='ltr'><strong>sententia</strong></span> <span class='ocrx_word' id='word_1_319' title='bbox 2441 4145 2491 4187; x_wconf 87' lang='lat' dir='ltr'><strong>in</strong></span> <span class='ocrx_word' id='word_1_320' title='bbox 2524 4141 2803 4186; x_wconf 84' lang='lat' dir='ltr'><strong>Societatis</strong></span> <span class='ocrx_word' id='word_1_321' title='bbox 2834 4143 3076 4188; x_wconf 77' lang='lat' dir='ltr'><strong>favorem</strong></span> 
     </span>
     <span class='ocr_line' id='line_1_37' title="bbox 595 4208 1240 4264; baseline 0.006 -12"><span class='ocrx_word' id='word_1_322' title='bbox 595 4208 817 4254; x_wconf 78' lang='lat' dir='ltr'><strong>Parmae</strong></span> <span class='ocrx_word' id='word_1_323' title='bbox 839 4211 964 4254; x_wconf 77' lang='lat' dir='ltr'><strong>data</strong></span> <span class='ocrx_word' id='word_1_324' title='bbox 980 4244 991 4264; x_wconf 88' lang='lat'><strong>,</strong></span> <span class='ocrx_word' id='word_1_325' title='bbox 1013 4212 1068 4255; x_wconf 85' lang='grc'><strong>28</strong></span> <span class='ocrx_word' id='word_1_326' title='bbox 1087 4211 1240 4264; x_wconf 88' lang='lat' dir='ltr'><strong>Junii.</strong></span> 
     </span>
    </p>

    <p class='ocr_par' dir='ltr' id='par_1_7' title="bbox 591 4281 3078 4555">
     <span class='ocr_line' id='line_1_38' title="bbox 675 4281 3078 4341; baseline 0.002 -17"><span class='ocrx_word' id='word_1_327' title='bbox 675 4281 699 4312; x_wconf 79' lang='lat'><strong>¹</strong></span> <span class='ocrx_word' id='word_1_328' title='bbox 753 4281 1024 4336; x_wconf 87' lang='lat' dir='ltr'><strong>Polancus,</strong></span> <span class='ocrx_word' id='word_1_329' title='bbox 1045 4295 1111 4326; x_wconf 84' lang='lat' dir='ltr'><strong>ex</strong></span> <span class='ocrx_word' id='word_1_330' title='bbox 1133 4295 1283 4335; x_wconf 73' lang='lat' dir='ltr'><strong>com„</strong></span> <span class='ocrx_word' id='word_1_331' title='bbox 1302 4284 1573 4341; x_wconf 85' lang='lat' dir='ltr'><strong>Sylvestro</strong></span> <span class='ocrx_word' id='word_1_332' title='bbox 1594 4285 1828 4329; x_wconf 76' lang='lat' dir='ltr'><strong>Landino</strong></span> <span class='ocrx_word' id='word_1_333' title='bbox 1844 4318 1854 4338; x_wconf 93' lang='lat'><strong>,</strong></span> <span class='ocrx_word' id='word_1_334' title='bbox 1879 4285 1939 4327; x_wconf 91' lang='lat' dir='ltr'><strong>de</strong></span> <span class='ocrx_word' id='word_1_335' title='bbox 1963 4286 2052 4339; x_wconf 89' lang='lat' dir='ltr'><strong>iis,</strong></span> <span class='ocrx_word' id='word_1_336' title='bbox 2073 4296 2204 4339; x_wconf 85' lang='lat' dir='ltr'><strong>quae</strong></span> <span class='ocrx_word' id='word_1_337' title='bbox 2225 4285 2518 4330; x_wconf 77' lang='lat' dir='ltr'><strong>cardinalis</strong></span> <span class='ocrx_word' id='word_1_338' title='bbox 2539 4284 2778 4328; x_wconf 89' lang='lat' dir='ltr'><strong>Moronus</strong></span> <span class='ocrx_word' id='word_1_339' title='bbox 2799 4284 2953 4328; x_wconf 77' lang='lat' dir='ltr'><strong>offert</strong></span> <span class='ocrx_word' id='word_1_340' title='bbox 2973 4296 3078 4338; x_wconf 82' lang='lat' dir='ltr'><strong>pro</strong></span> 
     </span>
     <span class='ocr_line' id='line_1_39' title="bbox 594 4351 3070 4425; baseline 0.002 -30"><span class='ocrx_word' id='word_1_341' title='bbox 594 4351 825 4407; x_wconf 82' lang='lat' dir='ltr'><strong>Collegio</strong></span> <span class='ocrx_word' id='word_1_342' title='bbox 848 4353 1126 4398; x_wconf 78' lang='lat' dir='ltr'><strong>societatis</strong></span> <span class='ocrx_word' id='word_1_343' title='bbox 1146 4355 1375 4400; x_wconf 87' lang='lat' dir='ltr'><strong>Mutinae</strong></span> <span class='ocrx_word' id='word_1_344' title='bbox 1398 4356 1644 4425; x_wconf 73' lang='lat' dir='ltr'><strong>erigendo</strong></span> <span class='ocrx_word' id='word_1_345' title='bbox 1658 4390 1669 4411; x_wconf 92' lang='lat'><strong>,</strong></span> <span class='ocrx_word' id='word_1_346' title='bbox 1690 4358 1718 4400; x_wconf 90' lang='lat'><strong>6</strong></span> <span class='ocrx_word' id='word_1_347' title='bbox 1738 4356 2041 4410; x_wconf 87' lang='lat' dir='ltr'><strong>Februarii;</strong></span> <span class='ocrx_word' id='word_1_348' title='bbox 2063 4357 2229 4400; x_wconf 85' lang='lat' dir='ltr'><strong>eidem</strong></span> <span class='ocrx_word' id='word_1_349' title='bbox 2249 4358 2400 4411; x_wconf 87' lang='lat' dir='ltr'><strong>plura</strong></span> <span class='ocrx_word' id='word_1_350' title='bbox 2430 4357 2492 4400; x_wconf 90' lang='lat' dir='ltr'><strong>de</strong></span> <span class='ocrx_word' id='word_1_351' title='bbox 2515 4356 2771 4410; x_wconf 84' lang='lat' dir='ltr'><strong>Collegio,</strong></span> <span class='ocrx_word' id='word_1_352' title='bbox 2794 4357 3070 4400; x_wconf 81' lang='lat' dir='ltr'><strong>scholasti-</strong></span> 
     </span>
     <span class='ocr_line' id='line_1_40' title="bbox 592 4425 3067 4483; baseline 0.002 -16"><span class='ocrx_word' id='word_1_353' title='bbox 592 4435 772 4468; x_wconf 87' lang='lat' dir='ltr'><strong>corum</strong></span> <span class='ocrx_word' id='word_1_354' title='bbox 791 4436 1021 4477; x_wconf 83' lang='lat' dir='ltr'><strong>numero,</strong></span> <span class='ocrx_word' id='word_1_355' title='bbox 1041 4428 1250 4482; x_wconf 84' lang='lat' dir='ltr'><strong>scholis,</strong></span> <span class='ocrx_word' id='word_1_356' title='bbox 1271 4430 1438 4483; x_wconf 88' lang='lat' dir='ltr'><strong>domo,</strong></span> <span class='ocrx_word' id='word_1_357' title='bbox 1459 4435 1576 4482; x_wconf 87' lang='lat' dir='ltr'><strong>etc.,</strong></span> <span class='ocrx_word' id='word_1_358' title='bbox 1599 4435 1656 4473; x_wconf 89' lang='lat' dir='ltr'><strong>ut</strong></span> <span class='ocrx_word' id='word_1_359' title='bbox 1676 4429 2016 4473; x_wconf 85' lang='lat' dir='ltr'><strong>Mutinensem</strong></span> <span class='ocrx_word' id='word_1_360' title='bbox 2035 4425 2346 4483; x_wconf 84' lang='lat' dir='ltr'><strong>Episcopum</strong></span> <span class='ocrx_word' id='word_1_361' title='bbox 2360 4431 2514 4483; x_wconf 87' lang='lat' dir='ltr'><strong>plene</strong></span> <span class='ocrx_word' id='word_1_362' title='bbox 2532 4430 2714 4473; x_wconf 88' lang='lat' dir='ltr'><strong>docere</strong></span> <span class='ocrx_word' id='word_1_363' title='bbox 2732 4429 2896 4482; x_wconf 83' lang='lat' dir='ltr'><strong>possit</strong></span> <span class='ocrx_word' id='word_1_364' title='bbox 2917 4440 3067 4482; x_wconf 88' lang='lat' dir='ltr'><strong>quem</strong></span> 
     </span>
     <span class='ocr_line' id='line_1_41' title="bbox 591 4497 3078 4555; baseline 0.002 -16"><span class='ocrx_word' id='word_1_365' title='bbox 591 4497 799 4540; x_wconf 88' lang='lat' dir='ltr'><strong>modum</strong></span> <span class='ocrx_word' id='word_1_366' title='bbox 829 4498 879 4539; x_wconf 88' lang='lat' dir='ltr'><strong>in</strong></span> <span class='ocrx_word' id='word_1_367' title='bbox 902 4499 1010 4541; x_wconf 88' lang='lat' dir='ltr'><strong>suis</strong></span> <span class='ocrx_word' id='word_1_368' title='bbox 1032 4497 1278 4553; x_wconf 85' lang='lat' dir='ltr'><strong>Collegiis</strong></span> <span class='ocrx_word' id='word_1_369' title='bbox 1299 4506 1474 4544; x_wconf 79' lang='lat' dir='ltr'><strong>teneat</strong></span> <span class='ocrx_word' id='word_1_370' title='bbox 1497 4502 1756 4554; x_wconf 87' lang='lat' dir='ltr'><strong>Societas,</strong></span> <span class='ocrx_word' id='word_1_371' title='bbox 1791 4501 1843 4544; x_wconf 91' lang='lat'><strong>18</strong></span> <span class='ocrx_word' id='word_1_372' title='bbox 1871 4499 2024 4553; x_wconf 84' lang='lat' dir='ltr'><strong>Junii.</strong></span> <span class='ocrx_word' id='word_1_373' title='bbox 2055 4501 2291 4554; x_wconf 81' lang='lat' dir='ltr'><strong>Ignatius</strong></span> <span class='ocrx_word' id='word_1_374' title='bbox 2325 4502 2506 4545; x_wconf 80' lang='lat' dir='ltr'><strong>eadem</strong></span> <span class='ocrx_word' id='word_1_375' title='bbox 2535 4502 2616 4545; x_wconf 88' lang='lat' dir='ltr'><strong>die</strong></span> <span class='ocrx_word' id='word_1_376' title='bbox 2648 4500 2921 4545; x_wconf 85' lang='lat' dir='ltr'><strong>Mutinensi</strong></span> <span class='ocrx_word' id='word_1_377' title='bbox 2951 4500 3078 4555; x_wconf 39' lang='lat' dir='ltr'><strong>Epi*</strong></span> 
     </span>
    </p>
   </div>
   <div class='ocr_carea' id='block_1_4' title="bbox 532 4563 3074 4680">
    <p class='ocr_par' dir='ltr' id='par_1_8' title="bbox 532 4563 3074 4680">
     <span class='ocr_line' id='line_1_42' title="bbox 532 4563 3074 4679; baseline 0.004 -70"><span class='ocrx_word' id='word_1_378' title='bbox 532 4563 547 4577; x_wconf 78' lang='lat'><em>⁶</em></span> <span class='ocrx_word' id='word_1_379' title='bbox 592 4579 748 4679; x_wconf 49' lang='lat' dir='ltr'><strong>{iope</strong></span> <span class='ocrx_word' id='word_1_380' title='bbox 770 4568 1013 4622; x_wconf 76' lang='lat' dir='ltr'><strong>officiose,</strong></span> <span class='ocrx_word' id='word_1_381' title='bbox 1031 4577 1086 4614; x_wconf 86' lang='lat' dir='ltr'><strong>ut</strong></span> <span class='ocrx_word' id='word_1_382' title='bbox 1106 4571 1159 4614; x_wconf 88' lang='lat' dir='ltr'><strong>in</strong></span> <span class='ocrx_word' id='word_1_383' title='bbox 1180 4572 1242 4615; x_wconf 90' lang='lat' dir='ltr'><strong>iis</strong></span> <span class='ocrx_word' id='word_1_384' title='bbox 1261 4583 1392 4626; x_wconf 83' lang='lat' dir='ltr'><strong>quae</strong></span> <span class='ocrx_word' id='word_1_385' title='bbox 1413 4574 1479 4617; x_wconf 84' lang='lat' dir='ltr'><strong>ad</strong></span> <span class='ocrx_word' id='word_1_386' title='bbox 1501 4572 1789 4626; x_wconf 79' lang='lat' dir='ltr'><strong>Collegium</strong></span> <span class='ocrx_word' id='word_1_387' title='bbox 1808 4579 2029 4627; x_wconf 81' lang='lat' dir='ltr'><strong>spectat,</strong></span> <span class='ocrx_word' id='word_1_388' title='bbox 2047 4574 2253 4636; x_wconf 73' lang='lat' dir='ltr'><strong>plenam</strong></span> <span class='ocrx_word' id='word_1_389' title='bbox 2269 4572 2545 4629; x_wconf 83' lang='lat' dir='ltr'><strong>Sylvestro</strong></span> <span class='ocrx_word' id='word_1_390' title='bbox 2564 4573 2798 4617; x_wconf 76' lang='lat' dir='ltr'><strong>Laudino</strong></span> <span class='ocrx_word' id='word_1_391' title='bbox 2820 4574 3074 4620; x_wconf 77' lang='lat' dir='ltr'><strong>adhibeat</strong></span> 
     </span>
     <span class='ocr_line' id='line_1_43' title="bbox 664 4648 762 4680; baseline 0.01 -1"><span class='ocrx_word' id='word_1_392' title='bbox 664 4648 762 4680; x_wconf 88' lang='lat' dir='ltr'><strong>em.</strong></span> 
     </span>
    </p>
   </div>
  </div>
 </body>
</html>
