3679 5414
1551 453 1677 511 AN.
1725 452 1865 510 1550
2848 453 2936 512 *63

455 599 776 677 gentium
805 606 985 675 erat,
1019 597 1323 677 benigne
1355 598 1738 662 admodum
1767 606 1835 661 et
1865 597 2233 678 respondit
2260 597 2520 678 Priori,
2566 607 2634 661 et
2672 597 2753 660 P.
2791 599 2931 662 An-

437 706 670 769 -dreae
697 704 756 767 F
758 704 954 769 rusio
985 704 1319 768 veniendi
1348 705 1422 768 in
1451 705 1727 769 Italiam
1772 706 1872 783 (ut
1913 705 2235 785 superius
2276 705 2603 782 diximus)
2643 704 2931 769 faculta-

459 823 597 877 tem
627 811 821 875 dedit
855 809 896 875 ¹.

581 918 715 982 139.
807 919 990 982 Cum
1030 926 1269 982 autem
1305 917 1381 981 P.
1425 918 1875 997 Alphonsum
1912 917 2425 1000 Salmeronem,
2470 919 2672 1002 cujus
2712 938 2933 1000 opera

460 1035 602 1088 tam
629 1024 826 1088 utilis
855 1043 1014 1089 esse
1047 1025 1120 1088 in
1148 1026 1350 1089 Italia
1378 1033 1683 1105 poterat,
1716 1042 1860 1088 non
1899 1043 2056 1091 esse
2096 1025 2170 1088 in
2209 1025 2596 1089 Germania
2631 1028 2931 1091 retinen-

457 1133 623 1196 dum
650 1130 727 1194 P.
763 1132 1087 1212 Ignatius
1109 1131 1520 1213 judicasset,
1548 1132 1869 1196 decrevit
1890 1131 2040 1213 ejus
2068 1134 2226 1196 loco
2250 1132 2325 1196 P.
2353 1132 2721 1197 Nicolaum
2744 1135 2929 1198 Gau-

456 1239 717 1303 danum
744 1238 1269 1319 Ingolstadium
1295 1239 1598 1319 mittere;
1632 1240 1757 1303 sed
1787 1249 2168 1319 antequam
2198 1240 2269 1303 id
2298 1240 2515 1321 fieret,
2550 1241 2642 1304 ad
2669 1241 2930 1322 profes-

457 1346 728 1408 sionem
760 1364 926 1409 eum
956 1346 1235 1409 admitti
1266 1356 1334 1409 et
1364 1346 1457 1409 ad
1485 1345 1791 1425 gradum
1820 1346 2232 1419 doctoratus
2254 1348 2663 1428 promoveri
2683 1349 2927 1411 voluit.

458 1451 586 1515 Die
613 1469 793 1532 ergo
821 1451 904 1514 25
932 1452 1132 1535 Julii,
1168 1453 1288 1533 qui
1318 1453 1468 1515 dies
1511 1451 1702 1516 Divo
1740 1452 2009 1535 Jacobo
2049 1451 2396 1533 Apostolo
2435 1471 2641 1517 sacer
2679 1465 2817 1534 est,
2861 1456 2932 1517 in

459 1559 783 1622 manibus
822 1557 1091 1622 Prioris
1143 1557 1376 1622 Smae.
1423 1558 1826 1637 TrinitatiS‚
1880 1568 2259 1640 postquam
2298 1558 2372 1623 P.
2422 1560 2770 1640 ElpidiuS,
2815 1563 2932 1642 qui

459 1664 830 1729 Patavium
859 1666 952 1728 ad
980 1666 1053 1729 id
1082 1675 1400 1745 venerat,
1430 1682 1717 1729 sacrum
1745 1666 2196 1747 celebrasset,
2227 1666 2738 1747 professionem
2768 1670 2932 1732 emi-

462 1772 565 1834 sit.
600 1771 883 1835 Deinde
910 1772 1309 1836 Bononiam
1339 1790 1504 1835 cum
1531 1771 1879 1850 venisset,
1924 1772 2079 1853 ipsa
2117 1773 2368 1853 vigilia
2406 1773 2935 1856 Assumptionis

461 1879 532 1942 Β.
576 1878 905 1959 Virginis
943 1879 1407 1958 Vicelegatus
1444 1880 1674 1943 Priori
1715 1878 1843 1943 Sti.
1889 1880 2245 1944 Dominici
2283 1880 2433 1960 eJus
2472 1882 2930 1945 examinatio-
2954 1924 2976 1938 κ

461 2005 614 2050 nem
644 1986 738 2049 ad
766 1986 1224 2050 doctoratum
1253 1986 1781 2066 suscipiendum
1813 1988 2186 2052 commisit.
2217 1987 2352 2051 Die
2379 1988 2596 2068 igitur
2642 1988 2746 2050 17⁸
2791 1988 2929 2052 Au-

459 2094 678 2173 gusti,
720 2094 926 2175 prius
975 2094 1161 2157 datis
1198 2093 1812 2157 conclussionibus
1853 2103 1921 2158 et
1959 2112 2003 2157 a
2039 2095 2370 2159 Patribus
2408 2094 2536 2158 Sti.
2576 2095 2932 2160 Dominici

462 2218 582 2280 pro
611 2219 814 2264 more
842 2201 1314 2279 examinatuS,
1349 2200 1719 2280 egregium
1745 2201 2133 2265 admodum
2166 2202 2241 2265 in
2260 2202 2737 2283 disputatione
2759 2221 2930 2267 suae

460 2307 822 2371 doctrinae
851 2308 1211 2388 specimen
1241 2308 1455 2387 dedit3
1490 2308 1680 2388 quod
1710 2324 1873 2371 cum
1896 2308 2314 2388 Vicelegato
2337 2311 2689 2389 perlatum
2719 2319 2927 2390 esset,

460 2414 567 2477 die
593 2413 675 2476 23
706 2414 1013 2494 Augusti
1046 2414 1138 2477 ad
1167 2414 1661 2493 magisterium
1690 2415 1849 2477 sive
1890 2415 2340 2479 doctoratum
2377 2417 2449 2479 in
2487 2434 2699 2480 sacra
2739 2417 2927 2480 theo-

462 2522 646 2600 logia
685 2531 1062 2602 promotus
1099 2529 1227 2584 est.
1272 2521 1360 2584 Et
1400 2538 1643 2584 secum
1681 2528 1978 2602 accepto
2017 2521 2362 2602 Magistro
2403 2522 2611 2586 Petro
2651 2522 2929 2587 Schori·

459 2628 644 2705 chi0,
696 2636 908 2709 prout
947 2626 1025 2689 Ρ.
1077 2627 1398 2707 Ignatius
1452 2628 1948 2706 constituerat,
1995 2647 2084 2691 ex
2122 2629 2323 2692 Italia
2362 2630 2432 2692 in
2471 2629 2931 2694 Germaniam

459 2736 770 2814 recessit,
805 2754 966 2799 cum
997 2735 1341 2814 optimum
1372 2752 1546 2800 suae
1570 2734 1960 2815 doctrinae,
1994 2736 2283 2816 spiritus
2322 2755 2407 2800 ac
2446 2739 2731 2801 virtutis
2768 2739 2931 2802 odo·

458 2859 604 2905 rem
632 2853 787 2906 tum
816 2842 972 2905 aliis
1003 2842 1077 2904 in
1105 2842 1281 2905 locis
1310 2851 1462 2905 tum
1490 2842 1944 2922 peculiariter
1972 2843 2294 2907 Venetiis
2323 2844 2753 2925 reliquisset,
2787 2864 2930 2909 non

465 2952 686 3013 solum
717 2950 904 3013 inter
936 2949 1361 3028 catholicoS,
1396 2949 1521 3012 sed
1550 2948 1765 3012 etiam
1794 2949 1979 3014 inter
2010 2950 2283 3030 aliquos
2312 2952 2743 3033 haereticOS,
2776 2970 2928 3031 ger-

470 3074 739 3136 manOS,
783 3055 1130 3134 flandrOS,
1174 3065 1241 3119 et
1290 3056 1531 3134 italos,‚
1585 3073 1885 3137 quorum
1932 3057 2414 3121 reductionem
2447 3058 2536 3120 ad
2568 3059 2931 3122 Ecclesiae

459 3165 805 3243 gremium
834 3180 1101 3242 magna
1133 3180 1295 3225 cum
1325 3163 1673 3226 charitate
1703 3164 1984 3227 curavit
2012 3164 2056 3227 ³.

535 3406 551 3437 ¹
609 3405 851 3448 Andreas
871 3402 1185 3457 Lipomanus
1205 3401 1389 3454 Joanni
1411 3402 1473 3445 de
1495 3401 1662 3457 Vega,
1687 3402 1898 3447 Siciliae
1932 3404 2186 3458 Pro-regi,
2209 3416 2325 3448 eum
2346 3415 2566 3448 exorans
2587 3411 2644 3449 ut
2665 3405 2930 3450 Andream

461 3476 693 3520 Frusinm
712 3474 782 3518 ad
802 3485 980 3517 recens
1000 3473 1299 3517 inchoatum
1318 3471 1596 3516 Societatis
1618 3472 1906 3527 Collegium
1926 3473 2178 3517 Venetias
2200 3486 2227 3517 e
2245 3474 2422 3519 Sicilia
2442 3476 2620 3518 venire
2641 3476 2927 3530 permittat,

457 3558 624 3592 mense
660 3545 812 3598 Μαίας
846 3545 1070 3598 Joannes
1105 3544 1166 3587 de
1200 3545 1353 3598 Vega
1382 3545 1625 3588 Andreae
1655 3544 1957 3599 Lipomano,
1988 3545 2049 3588 de
2080 3546 2295 3589 Andrea
2328 3545 2528 3599 Frusio,
2554 3558 2728 3592 mense
2759 3547 2926 3600 Junio;

459 3620 619 3663 eidem
638 3617 925 3673 Lipomano
947 3618 1203 3661 Polancus
1224 3616 1495 3660 Nicolaum
1515 3616 1821 3660 Gaudanum
1841 3623 1957 3671 post
1973 3623 2216 3661 octavam
2236 3618 2620 3673 Assumptionis
2640 3620 2742 3663 iter
2763 3620 2930 3674 lugol-

453 3692 678 3734 stadinm
697 3701 884 3732 versus
902 3690 1138 3743 arripere
1173 3689 1378 3741 debere,
1413 3693 1469 3731 ut
1504 3688 1807 3742 Alphonsus
1842 3687 2113 3732 Salmeron
2142 3689 2302 3742 possit
2323 3695 2447 3733 ante
2478 3690 2717 3748 hyemem
2746 3703 2773 3734 e
2805 3691 2930 3735 Ger·

456 3763 627 3805 mania
647 3760 913 3804 Veronam
934 3759 1131 3813 venire,
1154 3760 1206 3802 14
1219 3759 1370 3811 Junii.
1389 3759 1530 3803 Idem
1553 3759 1791 3803 Andreae
1814 3758 2025 3814 Frusio‚
2050 3765 2105 3803 ut
2127 3761 2344 3814 singulis
2365 3762 2770 3806 hebdomadibus
2790 3763 2851 3806 de
2871 3774 2927 3807 se

456 3833 670 3888 aliisque
692 3831 911 3876 Romam
930 3832 1143 3877 scribat.
1163 3837 1216 3874 et
1237 3842 1418 3885 pacem
1438 3831 1852 3885 charitatemque
1884 3831 2061 3875 sedulo
2096 3838 2242 3875 curet
2257 3865 2268 3886 ,
2297 3833 2352 3876 23
2381 3834 2624 3887 Anguem
2646 3835 2828 3878 eadem
2846 3835 2927 3878 die

456 3906 589 3948 idem
628 3903 885 3948 Polancus
925 3902 1112 3947 Fulvio
1147 3902 1402 3949 Cardulo.
1439 3901 1676 3946 Venetiis
1706 3902 1996 3946 educendos
2031 3904 2134 3947 cito
2172 3903 2422 3956 jacobum
2454 3905 2645 3960 Lhost,
2679 3904 2926 3957 joannem

455 3975 790 4026 Cannaban-um,
825 3973 1116 4018 Arnoldum
1151 3971 1381 4026 Hezium,
1412 3978 1463 4016 et
1495 3971 1925 4027 Christophorum
1947 3973 2218 4031 Laynium,
2254 3981 2307 4018 et
2341 3986 2519 4019 eorum
2548 3977 2659 4019 loco
2687 3984 2930 4030 quatuor-

451 4049 618 4092 decim
638 4045 934 4099 mittendos,
953 4056 1168 4100 quorum
1187 4045 1357 4089 nullus
1379 4044 1573 4088 flander
1593 4046 1713 4089 erit.
1733 4044 1888 4097 (Vide
1909 4045 2045 4090 infra
2066 4046 2283 4090 dicenda
2302 4049 2396 4090 sub
2417 4059 2466 4091 n.
2489 4048 2602 4100 142.)
2622 4047 2762 4091 Idem
2784 4046 2928 4091 Chri·

451 4119 700 4174 stophoro
740 4117 970 4174 Laynez,
1009 4123 1066 4160 ut
1106 4116 1390 4161 Bononiam
1427 4128 1482 4160 se
1519 4115 1771 4171 conferat,
1805 4117 1863 4161 30
1893 4119 2135 4172 Augusti.
2172 4118 2311 4163 Idem
2348 4119 2530 4164 eadem
2562 4120 2645 4164 die
2678 4119 2922 4164 Andreae

451 4191 790 4243 Galvaneuo,
825 4196 882 4233 ut
912 4188 1164 4242 joannem
1199 4188 1518 4233 Gambarum
1551 4194 1603 4233 et
1637 4190 1926 4234 Arnoldum
1958 4189 2173 4234 Hezium
2208 4190 2491 4235 Bononiam
2524 4192 2702 4235 mittat
2729 4196 2847 4246 aut,
2883 4193 2925 4236 si

450 4263 616 4315 malit,
642 4261 954 4315 Lovanium,
974 4259 1031 4303 30
1051 4259 1294 4314 Augusti.

531 4335 555 4366 Ξ
609 4334 882 4380 Polancus.
901 4342 969 4375 ex
988 4332 1381 4384 commissione,
1401 4331 1613 4378 Nicolao
1632 4334 1900 4388 Gaudano,
1923 4340 1981 4378 ut
2004 4345 2061 4377 se
2087 4334 2153 4378 ad
2172 4334 2599 4389 proficiscendum
2636 4336 2687 4379 in
2714 4334 2926 4379 Germa-

451 4408 590 4451 niam
608 4407 870 4459 accingat.
901 4404 955 4446 24
987 4401 1128 4455 Μαίἰς
1166 4403 1333 4447 eidem
1361 4409 1418 4447 ut
1451 4403 1554 4449 iter
1586 4406 1638 4449 in
1671 4405 2007 4449 Germaniam
2029 4411 2147 4459 post
2168 4404 2424 4450 Octavam
2443 4406 2826 4461 Assumptionis
2846 4419 2927 4452 ar-

449 4479 627 4532 ripiat,
647 4476 739 4520 sed
757 4476 904 4530 prius
926 4473 1246 4517 Doctoratus
1265 4475 1486 4528 gradum
1506 4482 1740 4520 assumat
1760 4480 1813 4518 et
1833 4475 2221 4530 professionem,
2243 4477 2286 4520 si
2309 4477 2455 4528 velit,
2484 4478 2646 4522 faciat
2663 4510 2674 4532 ,
2698 4478 2749 4522 1⁴
2768 4478 2922 4532 Junii;

449 4550 615 4593 eidem
634 4548 873 4604 ignatius
892 4551 1133 4600 patentes
1154 4545 1365 4590 litterae
1387 4553 1444 4590 ut
1474 4547 1846 4601 professionem
1876 4547 2115 4591 emittere
2143 4548 2306 4602 possit
2342 4548 2394 4592 in
2412 4549 2649 4593 manibus
2668 4560 2760 4594 seu
2778 4561 2927 4605 prae·

445 4622 616 4665 sentia
651 4620 895 4664 Andreae
932 4615 1214 4670 mpetum,
1246 4617 1442 4662 Priorls
1472 4617 1841 4663 Sanctissimae
1871 4618 2173 4674 Trinitatis,
2204 4620 2233 4663 5
2260 4618 2398 4673 Julii;
2432 4620 2687 4665 Polancus
2721 4621 2925 4676 Elpidio

451 4694 682 4747 Ugoletti
715 4698 774 4736 ut
806 4691 988 4734 videat
1022 4698 1087 4733 an
1124 4690 1369 4737 Nicolaus
1404 4690 1685 4735 Gaudanus
1714 4691 1877 4746 possit
1907 4691 2101 4736 Doctor
2134 4691 2340 4737 Patavii
2376 4691 2502 4744 fieri,
2538 4694 2589 4736 14
2607 4693 2759 4745 Junii.
2782 4694 2925 4738 Idem
