3679 5414
673 469 786 527 636
1590 472 1846 532 Cimon.
1887 471 2050 561 500,ι
2083 472 2222 544 Jsss.

679 614 971 677 nialium
1002 633 1076 676 se
1107 616 1431 693 contulit,
1466 615 1584 678 ubi
1615 634 1777 679 cum
1807 633 2071 694 magno
2113 616 2334 696 ipsius
2371 616 2697 695 profectu
2740 627 2808 680 et
2849 618 3155 681 aliarum

677 721 1167 784 aedificatione
1216 723 1544 801 ingressa
1600 733 1729 785 est.
1792 724 2143 786 Ferebant
2195 724 2382 785 enim
2444 724 2707 787 nullam
2772 724 3155 788 monialem
3229 748 3243 760 ·

672 845 836 891 cum
869 829 991 891 tali
1021 828 1478 892 fundamento
1509 831 1798 910 spiritus
1837 849 1921 892 eo
1954 831 2350 910 ingressam
2392 830 2641 908 fuisse,
2686 841 2755 893 et
2794 832 3152 894 vocabant

671 953 832 997 eam
865 936 1242 999 monialem
1273 937 1598 1015 Magistri
1638 936 1916 999 Strada.
1963 936 2097 1015 Qui
2137 938 2600 1000 consulebant
2638 955 2798 1001 eum
2838 938 2924 1000 de
2963 940 3152 1002 casi-

671 1043 803 1105 bus
832 1043 923 1105 ad
953 1044 1463 1106 conscientiam
1493 1044 2024 1122 pertinentibuS‚
2061 1061 2223 1106 curn
2255 1043 2739 1107 satisfactione
2770 1062 3037 1124 magna
3079 1058 3150 1109 et

672 1150 1162 1212 aedificatione
1192 1151 1280 1213 ab
1311 1167 1395 1212 eo
1425 1150 1853 1213 recedebant
1886 1150 1926 1213 ¹.

793 1256 934 1318 499.
1021 1256 1259 1319 Prima
1289 1257 1401 1320 die
1424 1255 1880 1338 SeptembriS,
1910 1275 2047 1336 qua
2079 1257 2333 1320 festum
2366 1256 2491 1321 Sti.
2523 1257 2804 1336 Aegidii
2836 1260 3145 1322 celebra·

670 1375 806 1441 tur,
842 1365 1259 1426 concionem
1299 1365 1543 1426 habuit
1578 1365 1652 1427 in
1690 1364 1841 1444 ejus
1881 1365 2139 1443 templo
2181 1365 2265 1427 de
2312 1365 2857 1444 praeparatione
2898 1367 3149 1428 mortis

671 1487 835 1532 cum
863 1469 1436 1550 frequentissimo
1476 1472 1861 1548 auditorio;
1905 1472 2230 1551 quamvis
2277 1473 2464 1535 enim
2503 1472 2757 1534 festum
2797 1471 2967 1534 illud
3003 1490 3148 1535 11011

672 1577 1111 1654 observetur,
1147 1578 1667 1640 conveniebant
1695 1589 1933 1640 tamen
1964 1577 2206 1655 avide,
2243 1579 2409 1658 quia
2441 1587 2590 1640 toto
2634 1562 2876 1641 mense
2906 1579 3147 1659 Augu·

669 1693 782 1746 sto
814 1702 854 1746 a
887 1685 1345 1748 concionibus
1375 1692 1805 1747 cessaverat.
1841 1684 2082 1764 Aliqui
2112 1701 2375 1763 magno
2408 1685 2689 1747 fervore
2720 1685 2811 1747 ad
2834 1684 3146 1749 Societa-

672 1801 814 1853 tem
844 1791 1117 1854 admitti
1146 1791 1501 1872 petebant.
1535 1790 1610 1854 P.
1646 1790 2138 1853 Ferdinandus
2169 1790 2484 1854 Alvarez
2517 1801 2661 1855 tam
2692 1794 2948 1855 multas
2981 1810 3146 1856 con·

670 1897 1012 1961 sessiones
1042 1899 1402 1977 audiebat,
1437 1908 1506 1960 et
1537 1916 1626 1960 ex
1666 1899 1768 1960 eis
1809 1900 2210 1977 complures
2250 1899 2655 1977 generales,
2701 1909 2777 1962 111
2815 1917 2945 1978 per
2982 1917 3145 1962 eum

671 2023 813 2067 non
842 2006 1294 2069 mediocriter
1324 2006 1712 2085 spiritualis
1742 2005 1893 2085 ejus
1924 2006 2119 2068 urbis
2151 2005 2426 2069 fructus
2455 2006 2548 2068 sit
2591 2014 2870 2085 auctus;
2914 2007 3038 2070 sed
3083 2008 3145 2069 si

670 2111 916 2175 decem
945 2113 1007 2175 ei
1038 2113 1301 2175 similes
1332 2113 1403 2175 in
1433 2130 1515 2175 ea
1547 2113 1756 2174 vinea
1788 2112 2074 2176 Domini
2101 2114 2573 2189 laborassent,
2621 2114 2872 2175 messis
2912 2114 3147 2192 major

671 2220 904 2283 adhuc
933 2219 1180 2283 suisset
1213 2237 1424 2300 quam
1455 2231 1529 2283 ut
1559 2221 1624 2283 ei
1654 2239 1866 2299 pares
1895 2237 2052 2281 esse
2084 2231 2392 2300 possent.
2429 2220 2517 2281 Et
2565 2237 2867 2298 magnae
2910 2220 3143 2284 aedifi-

669 2328 975 2389 cationis
1005 2337 1158 2389 erat
1187 2329 1251 2389 ei
1282 2328 1555 2390 civitati
1586 2327 1774 2407 quod
1806 2335 1952 2389 tam
1982 2335 2346 2406 promptos
2378 2327 2469 2389 ad
2508 2327 2790 2389 labores
2833 2328 2904 2389 in
2946 2330 3144 2391 sanis

671 2444 740 2496 et
772 2434 1310 2513 aegrotantibus
1342 2433 1762 2512 adJuvandis
1786 2434 2132 2511 viderent,
2162 2452 2321 2497 cum
2354 2444 2629 2497 tantum
2653 2433 2785 2496 Dei
2817 2434 3046 2498 honor
3075 2446 3144 2499 et

675 2542 1162 2619 proximorum
1192 2542 1384 2603 salus
1415 2559 1537 2603 eos
1566 2559 1855 2603 movere
1885 2552 2313 2604 cerneretur.

791 2647 930 2710 500.
1023 2648 1528 2711 Monasterium
1568 2648 1922 2729 quoddam
1964 2648 2373 2711 monialium
2419 2648 2688 2712 ordinis
2733 2647 2979 2713 Sancti
3020 2650 3143 2714 Be·

672 2755 938 2818 nedicti
969 2756 1040 2818 in
1072 2756 1362 2836 oppid0,
1397 2756 1585 2836 quod
1615 2755 1926 2818 Palatios
1965 2766 2262 2834 vocant,
2312 2757 2534 2819 tribus
2578 2757 2665 2818 ab
2709 2758 2881 2820 urbe
2924 2759 3146 2821 leucis

672 2873 846 2941 erat,
903 2864 1091 2943 quod
1141 2881 1301 2926 cum
1349 2864 1706 2943 Episcopo
1753 2863 1945 2925 litem
1996 2863 2400 2926 diuturnam
2452 2863 2788 2942 habebat,
2841 2874 2910 2928 et
2960 2866 3148 2928 inter

673 2971 864 3049 ipsas
901 2971 1277 3049 religiosas
1315 2987 1578 3050 magna
1607 2970 1820 3033 etiam
1853 2980 2006 3032 erat
2037 2971 2406 3033 dissensio.
2441 2970 2702 3033 Missus
2740 2982 2847 3034 est
2886 2973 2979 3035 ad
3018 2992 3144 3035 eas

672 3074 746 3139 P.
783 3077 1272 3140 Ferdinandus
1302 3076 1610 3140 Alvarez
1640 3085 1716 3139 ut
1744 3077 2019 3156 aliquas
2048 3077 2582 3140 exhortationes
2623 3077 2811 3158 apud
2852 3095 2977 3142 eas
3021 3081 3140 3142 ha·

671 3185 866 3247 beret
895 3195 964 3248 et
996 3186 1381 3266 colloquia,
1414 3201 1623 3264 quem
1653 3184 1891 3246 multis
1920 3201 2081 3246 cum
2109 3185 2448 3264 lacrymis
2489 3193 2558 3246 et
2597 3186 3140 3265 compunctione

670 3292 1073 3371 audierunt,
1119 3302 1189 3354 et
1228 3293 1624 3370 complures
1669 3291 1884 3353 etiam
1926 3309 2171 3353 earum
2213 3292 2304 3354 ad
2345 3290 2807 3355 consessionis
2843 3302 2915 3355 et
2952 3311 3136 3356 com·

670 3399 1024 3461 munionis
1082 3408 1609 3462 sacramentum
1667 3415 1827 3460 cum
1886 3398 2263 3460 devotione
2335 3414 2598 3477 magna
2655 3411 3135 3464 accesserunt.

667 3504 1029 3568 Emollivit
1058 3506 1271 3569 etiam
1302 3505 1651 3568 Dominus
1680 3522 1807 3568 cor
1837 3504 2263 3568 Abbatissae
2295 3515 2362 3568 et
2393 3505 2721 3568 factionis
2750 3504 2922 3586 ejuS,
2959 3525 3141 3587 quae

669 3613 1020 3693 Episcopo
1045 3613 1409 3692 eidemque
1432 3611 1796 3692 Superiori
1820 3613 2019 3691 prius
2043 3612 2599 3691 contradicebat,
2626 3613 2726 3675 ita
2756 3623 2834 3676 ut
2863 3613 2953 3676 ad
2977 3632 3138 3677 con·

670 3719 986 3783 cordiam
1017 3704 1324 3799 aliquam‘
1353 3720 1726 3783 honestam
1767 3718 2146 3782 ineundam
2190 3728 2485 3799 paratas
2530 3718 2603 3782 P.
2648 3719 3142 3784 Ferdinandus

668 3843 793 3887 eas
829 3828 1275 3906 relinqueret.
1318 3827 1394 3890 In
1434 3828 1606 3888 urbe
1647 3826 1930 3888 interim
1983 3827 2121 3888 hoc
2163 3835 2501 3888 autumno
2543 3843 2711 3888 suas
2761 3828 3143 3891 conciones

665 3951 830 4021 011111
888 3951 1148 4012 magna
1207 3932 1604 4014 frequentia
1668 3931 1744 3994 P.
1829 3931 2087 3995 Strada
2159 3933 2756 4013 prosequebatur;
2831 3935 2957 3997 sed
3026 3933 3141 3997 die

753 4138 770 4169 ¹
828 4136 1050 4181 Dolebat
1084 4138 1243 4181 bonus
1279 4137 1437 4180 Pater
1469 4136 1661 4180 Strada
1697 4147 1795 4179 non
1823 4137 2108 4190 pleniorem
2143 4134 2520 4191 philosophiae,
2556 4139 2848 4193 theologiae
2871 4146 2923 4183 et
2945 4138 3141 4184 Sacrae

669 4209 969 4262 Scripturae
991 4208 1334 4261 cognitionem
1367 4208 1729 4263 acquisivisse,
1762 4208 1884 4251 dum
1915 4208 1979 4251 iis
2011 4208 2293 4261 disciplinis
2327 4208 2651 4252 addiscendis
2686 4210 2908 4254 incubuit
2948 4212 3143 4255 concio-

667 4280 824 4325 nandi
846 4280 1019 4323 italice
1041 4286 1093 4323 et
1115 4281 1276 4324 latine
1299 4287 1350 4324 et
1371 4281 1634 4334 hispanice
1655 4290 1866 4323 munere
1889 4280 2038 4323 simul
2060 4280 2303 4333 fungens;
2339 4280 2549 4334 ideoque
2582 4280 2680 4324 sibi
2700 4281 2892 4335 aliquid
2912 4282 3004 4326 otii
3024 4282 3140 4326 dari

669 4359 722 4396 et
739 4353 942 4407 quidem
965 4359 1116 4396 extra
1139 4352 1439 4407 Hispaniam
1474 4352 1759 4407 postulavit
1795 4352 1863 4394 ad
1896 4362 1986 4394 eas
2020 4352 2207 4394 saltem
2243 4352 2559 4395 recolendas.
2592 4350 2884 4406 Respondet
2906 4353 3141 4408 Ignatius

666 4431 877 4478 gratum
898 4426 995 4468 sibi
1019 4425 1126 4467 sore
1162 4426 1212 4468 in
1245 4437 1300 4468 re
1334 4425 1528 4480 optima
1561 4435 1756 4468 morem
1790 4424 1837 4467 ei
1872 4434 2070 4477 gerere,
2101 4422 2274 4465 vereri
2311 4434 2365 4465 se
2402 4429 2577 4466 tamen
2598 4434 2660 4466 ne
2680 4429 2771 4467 aut
2792 4423 3025 4477 Parisiis,
3046 4413 3140 4469 3111

669 4495 906 4550 Lovanii,
927 4503 1019 4540 aut
1040 4498 1200 4541 etiam
1221 4497 1413 4540 Romae
1434 4507 1532 4539 non
1563 4495 1724 4550 possit
1758 4493 1951 4538 Strada
1981 4498 2180 4537 tantum
2216 4494 2307 4537 otii
2343 4493 2573 4547 reperire
2608 4501 2858 4548 quantum
2885 4498 3140 4549 postulat.

670 4566 765 4610 His
785 4567 974 4622 Ignatii
995 4569 1184 4613 litteris
1206 4569 1402 4612 addidit
1423 4568 1678 4611 Polancus
1698 4576 1848 4616 suas,
1866 4565 2087 4609 Sti-adae
2109 4564 2334 4608 animum
2370 4565 2575 4619 erigens
2597 4576 2810 4620 eumque
2832 4567 2898 4610 ad
2919 4578 3141 4622 pergen-

666 4639 787 4682 dum
827 4640 876 4684 in
912 4640 1246 4684 concionandi
1281 4652 1490 4684 munere
1525 4639 1825 4691 exhortans,
1864 4638 1913 4681 in
1947 4649 2044 4690 quo
2076 4636 2256 4680 utilius
2294 4638 2426 4680 forte
2460 4648 2668 4690 operam
2703 4638 2966 4693 vitamque
2990 4650 3141 4682 suam

672 4710 950 4765 impendet,
974 4713 994 4755 1
1018 4711 1353 4766 Septembris.
