3679 5414
672 474 782 534 768
1595 473 1851 533 Cimon.
1896 474 2047 530 boc.
2090 472 2231 545 με.

672 619 1138 699 quentissima
1159 628 1268 681 est
1291 628 1362 681 et
1383 617 1779 699 emporium
1801 616 2452 697 frequentissimum
2476 618 2548 680 in
2570 633 2792 696 regno
2809 617 3149 697 Malagio'-

669 743 825 789 rum
857 726 930 790 in
959 725 1268 806 quadam
1304 724 1708 806 provincia,
1744 741 1927 806 quae
1959 724 2128 786 olim
2166 724 2410 788 Aurea
2443 724 2928 787 Chersonesus
2958 725 3146 790 dicta

668 843 809 913 est3
844 832 1172 914 quamvis
1207 849 1401 895 nova
1433 849 1475 893 a
1516 831 1799 895 circiter
1829 830 2152 894 ducentis
2184 841 2253 894 et
2285 831 2803 911 quinquaginta
2836 831 3038 894 annis
3059 850 3145 906 ea

668 942 927 1004 civitas
958 941 1298 1003 coaluerit
1333 940 1422 1002 ob
1458 938 2037 1002 commoditatem
2081 939 2568 1017 navigationis
2594 961 2595 964 ¹
2620 948 2688 1001 et
2738 941 3144 1005 commercii

667 1067 710 1110 a
733 1047 1054 1127 plurimis
1083 1046 1471 1127 provinciis
1495 1061 1747 1109 versus
1771 1043 2138 1109 Orientem
2158 1054 2229 1108 et
2253 1044 2711 1109 Occidentem
2752 1055 2820 1108 et
2856 1045 3140 1126 Septen-

665 1155 991 1218 trionem.
1019 1152 1446 1234 Subjacebat
1475 1170 1560 1216 ea
1591 1152 1791 1233 regio
1823 1151 2006 1233 Regi
2046 1150 2269 1230 Siam,
2306 1153 2469 1216 licet
2507 1169 2714 1216 suum
2746 1139 2992 1232 regem
3021 1163 3142 1217 aut

666 1253 1049 1342 tyrannum
1078 1261 1406 1336 haberet,
1451 1277 1613 1323 cum
1655 1277 1815 1323 eam
1856 1260 2102 1322 urbem
2142 1260 2429 1323 lusitani
2470 1258 2749 1340 injuriis
2793 1259 2943 1340 eJ‘us
2987 1277 3148 1340 pro-

665 1368 901 1432 vocati
940 1376 1399 1448 occuparunt.
1443 1366 1590 1430 Nec
1634 1366 1866 1429 minus
1896 1366 1966 1429 in
1998 1383 2083 1430 ea
2127 1367 2319 1429 vitae
2352 1367 2683 1446 'exemplo
2721 1365 2804 1429 P.
2857 1366 3143 1430 Franci-

664 1492 829 1539 scus
857 1474 1077 1538 Perez
1108 1491 1323 1555 qnam
1352 1474 1508 1537 aliis
1549 1473 1958 1537 ministeriis
1992 1472 2563 1537 aedificationem
2584 1474 3018 1553 praestabat.

759 1573 926 1645 742.
1013 1580 1404 1661 Postquam
1453 1599 1542 1643 ex
1591 1580 1893 1644 Malucis
1943 1597 2130 1643 anno
2185 1579 2532 1659 superiori
2582 1580 2656 1644 P.
2717 1578 3149 1644 Franciscus

663 1679 936 1752 Xavier
968 1696 1401 1762 recesserat,
1441 1695 1516 1750 et
1546 1685 1621 1749 P.
1665 1686 1979 1768 joannes
2014 1685 2103 1749 de
2132 1685 2355 1749 Veira
2396 1691 2562 1749 cum
2608 1687 2764 1750 aliis
2809 1686 3026 1750 sociis
3055 1705 3149 1750 eo

664 1796 896 1858 fuerat
945 1795 1360 1873 destinatuS,
1413 1804 1487 1857 ut
1529 1794 1854 1875 superius
1905 1794 2172 1858 dictum
2214 1804 2353 1871 est,
2395 1804 2547 1858 tum
2589 1795 2662 1856 in
2705 1795 2861 1874 ipsa
2905 1794 3143 1861 insula,

664 1894 971 1964 Ter'nate
1011 1902 1267 1981 (quam
1305 1900 1662 1964 Malucum
1700 1910 1993 1977 vocant,
2040 1900 2226 1983 quod
2265 1901 2448 1964 inter
2498 1911 2823 1964 caeteras
2875 1901 3150 1966 insulas

663 2003 983 2071 Malucas
1013 2008 1101 2071 sit
1132 2007 1563 2088 praecipua),
1597 2017 1746 2070 tum
1776 2008 1850 2070 in
1880 2007 2128 2071 insulis
2155 2007 2489 2071 Amboini
2517 2018 2587 2071 et
2616 2007 2868 2087 Mauri,
2914 2009 3147 2075 multa,

663 2113 755 2178 ad
783 2114 1251 2178 lusitanorum
1274 2114 1835 2178 aedificationem
1860 2124 1929 2177 et
1957 2114 2325 2193 gentilium
2349 2116 2894 2178 conversionem
2925 2124 3138 2194 atque

661 2222 1281 2284 conservationem
1311 2230 1516 2300 gesta
1544 2219 1854 2284 fuerunt.
1898 2221 2363 2285 Discurrebat
2403 2222 2556 2302 ipse
2599 2221 2674 2285 P.
2708 2220 3023 2303 Joannes
3052 2221 3147 2285 de

665 2328 888 2392 Veira
911 2345 1037 2408 per
1067 2327 1305 2390 varias
1328 2324 1597 2390 insulas
1627 2337 1695 2390 et
1725 2327 1799 2391 P.
1835 2326 2247 2408 Alphonsus
2277 2328 2363 2391 de
2394 2327 2649 2393 Castro
2681 2330 2754 2392 in
2783 2329 2938 2408 ipsa
2970 2345 3139 2391 arce

659 2434 922 2498 Maluci
953 2433 1305 2516 residebat
1337 2451 1422 2497 ac
1456 2434 1754 2497 verbum
1786 2432 1922 2497 Dei
1960 2434 2452 2514 praedicabat,
2497 2443 2775 2499 tantum
2813 2437 3141 2499 consola·

660 2541 876 2603 tionis
930 2541 1002 2603 in
1061 2539 1309 2603 mediis
1364 2540 1735 2603 laboribus
1787 2541 2132 2619 sentienS,
2196 2551 2275 2604 ut
2332 2542 2542 2605 valde
2614 2540 3153 2621 ingratitudinis

659 2648 911 2712 vitium
940 2648 1072 2712 sibi
1104 2647 1492 2712 timendum
1540 2648 1613 2712 in
1647 2646 1916 2729 jndicio
1958 2648 2245 2713 Domini
2288 2649 2602 2714 sentiret.
2649 2648 2965 2732 Populus
2992 2666 3142 2730 per-

657 2755 980 2835 libenter,
1017 2756 1231 2820 immo
1260 2757 1498 2832 avide,
1535 2774 1695 2819 eum
1725 2757 2092 2835 audiebat,
2127 2767 2228 2835 et,
2266 2757 2358 2821 ad
2387 2766 2841 2821 sacramenta
2873 2756 3143 2821 confes-

659 2863 884 2925 sionis
910 2873 979 2925 et
1008 2863 1525 2926 communionis
1555 2864 1926 2942 accedens,
1961 2863 2109 2927 suis
2139 2864 2344 2929 malis
2375 2866 2705 2928 moribus
2733 2865 3025 2943 relictiS,
3053 2865 3146 2929 ad

660 2970 954 3034 meliora
1011 2979 1079 3033 et
1137 2970 1352 3032 saluti
1407 2970 1758 3034 viciniora
1818 2972 2259 3047 vehebatur·;
2331 2982 2400 3035 et
2461 2988 2799 3052 magnum
2858 2972 2931 3035 in
2990 2971 3151 3035 dies

660 3087 1122 3157 augmentum
1149 3077 1222 3140 in
1245 3076 1542 3140 Malucis
1567 3078 1813 3141 insulis
1837 3078 2270 3142 christianae
2298 3079 2664 3159 religionis
2688 3078 3136 3159 sperabatur,

660 3195 737 3247 ut
757 3185 884 3247 vix
912 3185 1126 3247 messi
1157 3184 1600 3264 colligendae
1631 3202 1876 3248 omnes
1907 3184 2286 3249 Societatis
2317 3187 2650 3266 operarii,
2683 3186 2803 3266 qui
2834 3195 3036 3249 erant
3064 3185 3139 3248 in

660 3289 889 3369 India,
937 3290 1359 3354 sufficerent.
1404 3291 1641 3353 Insula
1674 3291 2030 3369 quaedam
2058 3293 2343 3355 nomine
2372 3291 2652 3355 Goilolo
2680 3290 2722 3370 ¹,
2756 3290 2956 3372 quus
2985 3292 3140 3357 Rex

660 3398 1087 3461 christianos
1126 3398 1521 3461 insularum
1549 3396 1781 3461 Mauri
1817 3414 1860 3458 a
1890 3396 2023 3461 fide
2054 3397 2448 3462 christiana
2482 3407 2810 3462 avertere
2842 3408 3146 3462 conatus

659 3505 910 3581 fuerat,
940 3524 982 3567 a
1011 3506 1338 3568 lusitanis
1361 3504 1674 3580 obsessa,
1703 3504 1968 3582 insigni
1989 3505 2301 3569 victoria
2327 3506 2415 3568 ab
2439 3506 2545 3569 eis
2570 3506 2865 3569 subacta
2882 3505 3134 3585 fuerat,

659 3620 763 3689 et,
811 3611 1154 3675 insulanis
1197 3611 1587 3691 dissipatiS,
1632 3611 2116 3675 miserandum
2154 3613 2228 3675 in
2272 3613 2561 3677 modum
2599 3612 2757 3676 Rex
2796 3613 2949 3694 ipse
2977 3613 3141 3677 duci

656 3719 1014 3781 exercitus
1043 3718 1328 3781 lusitani
1351 3735 1428 3780 se
1450 3717 1771 3796 tradidit,
1802 3727 1872 3781 et
1896 3718 2364 3782 christianum
2395 3737 2473 3784 se
2499 3720 2652 3784 fieri
2678 3720 2859 3783 velle
2890 3728 3141 3800 sponte

657 3825 1015 3905 promisit;
1063 3824 1641 3905 persuasionibus
1685 3834 1925 3887 tamen
1966 3843 2479 3890 saracenorum
2521 3826 2796 3890 insulae
2836 3827 3148 3890 Ternate

660 3934 1172 4013 aliquantulum
1199 3930 1493 4009 refrixit,
1521 3932 1646 3994 sed
1671 3932 1828 3995 ideo
1851 3951 1928 3995 se
1952 3932 2209 3996 fecisse
2234 3934 2692 4013 causabatur,
2726 3934 2918 4014 quod
2944 3933 3149 4013 prius

661 4041 871 4103 vellet
909 4041 1207 4119 populos
1247 4036 1416 4101 suos
1464 4038 1847 4119 dissipatos
1896 4041 2254 4120 colligere,
2303 4041 2469 4121 quia
2510 4039 2780 4120 Regem
2828 4040 3140 4104 Ternate

660 4148 984 4225 timebat,
1044 4147 1472 4209 acerrimum
1536 4146 1898 4210 inimicum
1956 4148 2386 4211 christianae
2437 4148 2806 4212 doctrinae
2865 4157 2934 4214 et
2983 4148 3136 4211 reli-

658 4255 914 4335 gioniS,
947 4271 1035 4315 ne
1065 4269 1140 4315 se
1173 4251 1574 4330 invaderet,
1608 4254 1670 4316 si
1699 4270 1828 4317 suo
1856 4256 2118 4334 populo
2151 4255 2528 4321 destitutus
2558 4255 2991 4318 christianus
3025 4253 3149 4317 fie-

657 4370 790 4439 ret3
822 4361 945 4424 sed
975 4372 1122 4423 tarn
1152 4376 1229 4422 se
1257 4376 1472 4439 quam
1502 4363 1836 4440 populum
1868 4362 2331 4425 christianum
2362 4360 2680 4426 futurum
2711 4362 3143 4441 quibusdam

661 4468 983 4531 lusitanis
1026 4467 1258 4530 denuo
1301 4450 1649 4547 promisit.
1695 4467 1838 4532 Nec
1894 4469 2149 4532 mirum
2193 4480 2377 4548 erat,
2428 4471 2489 4532 si
2526 4469 2798 4549 Regem
2829 4468 3149 4533 Ternate

746 4704 762 4736 ¹
821 4703 921 4757 Sic;
942 4704 1155 4747 inferius
1176 4709 1351 4748 tamen
1371 4705 1552 4748 scribit
1573 4705 1681 4759 ipse
1703 4705 1959 4750 Polancns
1984 4707 2235 4751 Gitoae‘lum
2249 4721 2270 4759 ,·
2290 4718 2347 4753 at
2369 4720 2500 4753 nunc
2520 4710 2864 4753 communiter
2893 4707 3081 4753 Gildo.
