<?xml version="1.0" encoding="UTF-8"?>
<!DOCTYPE html PUBLIC "-//W3C//DTD XHTML 1.0 Transitional//EN"
    "http://www.w3.org/TR/xhtml1/DTD/xhtml1-transitional.dtd">
<html xmlns="http://www.w3.org/1999/xhtml" xml:lang="en" lang="en">
 <head>
  <title>
</title>
<meta http-equiv="Content-Type" content="text/html;charset=utf-8" />
  <meta name='ocr-system' content='tesseract 3.04.00' />
  <meta name='ocr-capabilities' content='ocr_page ocr_carea ocr_par ocr_line ocrx_word'/>
</head>
<body>
  <div class='ocr_page' id='page_1' title='image "./vitaignatiiloio03polagoog_0546.png"; bbox 0 0 3679 5414; ppageno 0'>
   <div class='ocr_carea' id='block_1_1' title="bbox 656 475 2218 552">
    <p class='ocr_par' dir='ltr' id='par_1_1' title="bbox 656 475 2218 552">
     <span class='ocr_line' id='line_1_1' title="bbox 656 475 2218 552; baseline -0.002 -12"><span class='ocrx_word' id='word_1_1' title='bbox 656 480 774 540; x_wconf 63' lang='lat'>540</span> <span class='ocrx_word' id='word_1_2' title='bbox 1582 475 1842 538; x_wconf 65' lang='lat' dir='ltr'>Canon.</span> <span class='ocrx_word' id='word_1_3' title='bbox 1883 477 2039 537; x_wconf 88' lang='lat' dir='ltr'><strong>Soc.</strong></span> <span class='ocrx_word' id='word_1_4' title='bbox 2078 477 2218 552; x_wconf 74' lang='lat' dir='ltr'>Jns.</span> 
     </span>
    </p>
   </div>
   <div class='ocr_carea' id='block_1_2' title="bbox 661 623 3143 4454">
    <p class='ocr_par' dir='ltr' id='par_1_2' title="bbox 661 623 3142 1224">
     <span class='ocr_line' id='line_1_2' title="bbox 661 623 3140 706; baseline 0 -16"><span class='ocrx_word' id='word_1_5' title='bbox 661 624 870 706; x_wconf 76' lang='lat' dir='ltr'>cnjus</span> <span class='ocrx_word' id='word_1_6' title='bbox 909 625 1226 688; x_wconf 90' lang='lat' dir='ltr'>animum</span> <span class='ocrx_word' id='word_1_7' title='bbox 1265 642 1426 688; x_wconf 89' lang='lat' dir='ltr'>cum</span> <span class='ocrx_word' id='word_1_8' title='bbox 1469 642 1514 688; x_wconf 91' lang='lat' dir='ltr'>a</span> <span class='ocrx_word' id='word_1_9' title='bbox 1553 624 1819 688; x_wconf 89' lang='lat' dir='ltr'>nostris</span> <span class='ocrx_word' id='word_1_10' title='bbox 1857 625 2319 689; x_wconf 87' lang='lat' dir='ltr'><strong>concionibus</strong></span> <span class='ocrx_word' id='word_1_11' title='bbox 2345 626 2459 689; x_wconf 78' lang='lat' dir='ltr'>vir</span> <span class='ocrx_word' id='word_1_12' title='bbox 2496 623 2653 705; x_wconf 78' lang='lat' dir='ltr'>eius</span> <span class='ocrx_word' id='word_1_13' title='bbox 2684 625 2901 689; x_wconf 81' lang='lat' dir='ltr'>vellet</span> <span class='ocrx_word' id='word_1_14' title='bbox 2935 643 3140 691; x_wconf 82' lang='lat' dir='ltr'>aver-</span> 
     </span>
     <span class='ocr_line' id='line_1_3' title="bbox 665 730 3142 814; baseline 0 -19"><span class='ocrx_word' id='word_1_15' title='bbox 665 741 816 796; x_wconf 89' lang='lat' dir='ltr'>tere</span> <span class='ocrx_word' id='word_1_16' title='bbox 833 776 848 807; x_wconf 93' lang='lat'>‚</span> <span class='ocrx_word' id='word_1_17' title='bbox 889 732 1352 811; x_wconf 86' lang='lat' dir='ltr'>laudaretque</span> <span class='ocrx_word' id='word_1_18' title='bbox 1399 730 1776 811; x_wconf 87' lang='lat' dir='ltr'>magnifice</span> <span class='ocrx_word' id='word_1_19' title='bbox 1813 732 2396 797; x_wconf 87' lang='lat' dir='ltr'>concionatorem</span> <span class='ocrx_word' id='word_1_20' title='bbox 2434 733 2687 811; x_wconf 89' lang='lat' dir='ltr'>alium,</span> <span class='ocrx_word' id='word_1_21' title='bbox 2727 749 2939 813; x_wconf 89' lang='lat' dir='ltr'>quem</span> <span class='ocrx_word' id='word_1_22' title='bbox 2981 734 3142 814; x_wconf 88' lang='lat' dir='ltr'>ipse</span> 
     </span>
     <span class='ocr_line' id='line_1_4' title="bbox 665 837 3135 920; baseline 0.001 -18"><span class='ocrx_word' id='word_1_23' title='bbox 665 838 1031 918; x_wconf 89' lang='lat' dir='ltr'>audiebat,</span> <span class='ocrx_word' id='word_1_24' title='bbox 1076 837 1463 920; x_wconf 85' lang='lat' dir='ltr'>respondit,</span> <span class='ocrx_word' id='word_1_25' title='bbox 1517 838 1836 902; x_wconf 51' lang='lat' dir='ltr'>modeste</span> <span class='ocrx_word' id='word_1_26' title='bbox 1865 837 2169 920; x_wconf 89' lang='lat' dir='ltr'>quidem,</span> <span class='ocrx_word' id='word_1_27' title='bbox 2202 838 2328 902; x_wconf 90' lang='lat' dir='ltr'>sed</span> <span class='ocrx_word' id='word_1_28' title='bbox 2357 848 2597 903; x_wconf 94' lang='lat' dir='ltr'>tamen</span> <span class='ocrx_word' id='word_1_29' title='bbox 2626 848 2864 903; x_wconf 91' lang='lat' dir='ltr'>acute:</span> <span class='ocrx_word' id='word_1_30' title='bbox 2898 857 3026 903; x_wconf 92' lang='lat' dir='ltr'>cur</span> <span class='ocrx_word' id='word_1_31' title='bbox 3052 850 3135 905; x_wconf 86' lang='lat' dir='ltr'>tu</span> 
     </span>
     <span class='ocr_line' id='line_1_5' title="bbox 671 945 3141 1026; baseline 0.001 -17"><span class='ocrx_word' id='word_1_32' title='bbox 671 946 890 1026; x_wconf 90' lang='lat' dir='ltr'>igitur</span> <span class='ocrx_word' id='word_1_33' title='bbox 919 945 1211 1010; x_wconf 81' lang='lat' dir='ltr'>vivendi</span> <span class='ocrx_word' id='word_1_34' title='bbox 1238 946 1586 1009; x_wconf 92' lang='lat' dir='ltr'>rationem</span> <span class='ocrx_word' id='word_1_35' title='bbox 1613 963 1757 1009; x_wconf 93' lang='lat' dir='ltr'>non</span> <span class='ocrx_word' id='word_1_36' title='bbox 1788 954 2025 1009; x_wconf 89' lang='lat' dir='ltr'>mutas</span> <span class='ocrx_word' id='word_1_37' title='bbox 2053 945 2646 1026; x_wconf 87' lang='lat' dir='ltr'>quemadmodum</span> <span class='ocrx_word' id='word_1_38' title='bbox 2675 962 2813 1025; x_wconf 90' lang='lat' dir='ltr'>ego</span> <span class='ocrx_word' id='word_1_39' title='bbox 2834 948 3141 1011; x_wconf 77' lang='lat' dir='ltr'>mutavi?</span> 
     </span>
     <span class='ocr_line' id='line_1_6' title="bbox 668 1051 3141 1134; baseline 0 -16"><span class='ocrx_word' id='word_1_40' title='bbox 668 1052 763 1119; x_wconf 85' lang='lat' dir='ltr'>Et</span> <span class='ocrx_word' id='word_1_41' title='bbox 803 1052 1071 1117; x_wconf 87' lang='lat' dir='ltr'>subdit:</span> <span class='ocrx_word' id='word_1_42' title='bbox 1111 1054 1278 1116; x_wconf 90' lang='lat' dir='ltr'>licet</span> <span class='ocrx_word' id='word_1_43' title='bbox 1320 1070 1501 1116; x_wconf 88' lang='lat' dir='ltr'>saxa</span> <span class='ocrx_word' id='word_1_44' title='bbox 1538 1054 1784 1134; x_wconf 89' lang='lat' dir='ltr'>pluant</span> <span class='ocrx_word' id='word_1_45' title='bbox 1802 1101 1819 1134; x_wconf 95' lang='lat'>,</span> <span class='ocrx_word' id='word_1_46' title='bbox 1869 1051 2115 1117; x_wconf 86' lang='lat' dir='ltr'>Sancti</span> <span class='ocrx_word' id='word_1_47' title='bbox 2153 1052 2429 1117; x_wconf 90' lang='lat' dir='ltr'>Nicolai</span> <span class='ocrx_word' id='word_1_48' title='bbox 2463 1053 2849 1118; x_wconf 85' lang='lat' dir='ltr'>conciones</span> <span class='ocrx_word' id='word_1_49' title='bbox 2876 1055 3141 1119; x_wconf 91' lang='lat' dir='ltr'>nollem</span> 
     </span>
     <span class='ocr_line' id='line_1_7' title="bbox 666 1160 1024 1224; baseline -0.003 0"><span class='ocrx_word' id='word_1_50' title='bbox 666 1160 1024 1224; x_wconf 88' lang='lat' dir='ltr'>deserere.</span> 
     </span>
    </p>

    <p class='ocr_par' dir='ltr' id='par_1_3' title="bbox 665 1266 3143 3057">
     <span class='ocr_line' id='line_1_8' title="bbox 785 1266 3134 1348; baseline 0.001 -18"><span class='ocrx_word' id='word_1_51' title='bbox 785 1266 927 1330; x_wconf 79' lang='lat'>302.</span> <span class='ocrx_word' id='word_1_52' title='bbox 1017 1266 1362 1346; x_wconf 90' lang='lat' dir='ltr'>Religiosi</span> <span class='ocrx_word' id='word_1_53' title='bbox 1406 1283 1492 1330; x_wconf 92' lang='lat' dir='ltr'>ac</span> <span class='ocrx_word' id='word_1_54' title='bbox 1530 1266 1720 1331; x_wconf 90' lang='lat' dir='ltr'>docti</span> <span class='ocrx_word' id='word_1_55' title='bbox 1757 1268 1899 1331; x_wconf 85' lang='lat' dir='ltr'>viri</span> <span class='ocrx_word' id='word_1_56' title='bbox 1936 1283 2111 1348; x_wconf 91' lang='lat' dir='ltr'>erga</span> <span class='ocrx_word' id='word_1_57' title='bbox 2153 1277 2441 1332; x_wconf 90' lang='lat' dir='ltr'>nostros</span> <span class='ocrx_word' id='word_1_58' title='bbox 2477 1267 2656 1331; x_wconf 89' lang='lat' dir='ltr'>bene</span> <span class='ocrx_word' id='word_1_59' title='bbox 2695 1284 2773 1331; x_wconf 87' lang='lat' dir='ltr'>se</span> <span class='ocrx_word' id='word_1_60' title='bbox 2813 1266 3134 1346; x_wconf 80' lang='lat' dir='ltr'>affectOS,</span> 
     </span>
     <span class='ocr_line' id='line_1_9' title="bbox 667 1373 3141 1455; baseline 0.001 -18"><span class='ocrx_word' id='word_1_61' title='bbox 667 1373 1022 1437; x_wconf 90' lang='lat' dir='ltr'>interdum</span> <span class='ocrx_word' id='word_1_62' title='bbox 1063 1374 1438 1454; x_wconf 89' lang='lat' dir='ltr'>plusquam</span> <span class='ocrx_word' id='word_1_63' title='bbox 1486 1376 1713 1439; x_wconf 85' lang='lat' dir='ltr'>nostri</span> <span class='ocrx_word' id='word_1_64' title='bbox 1760 1375 2176 1454; x_wconf 89' lang='lat' dir='ltr'>voluissent,</span> <span class='ocrx_word' id='word_1_65' title='bbox 2224 1375 2714 1455; x_wconf 89' lang='lat' dir='ltr'>ostendebant;</span> <span class='ocrx_word' id='word_1_66' title='bbox 2757 1383 2835 1438; x_wconf 89' lang='lat' dir='ltr'>ut</span> <span class='ocrx_word' id='word_1_67' title='bbox 2876 1376 3141 1440; x_wconf 90' lang='lat' dir='ltr'>accidit</span> 
     </span>
     <span class='ocr_line' id='line_1_10' title="bbox 667 1479 3139 1563; baseline 0.001 -19"><span class='ocrx_word' id='word_1_68' title='bbox 667 1480 978 1560; x_wconf 89' lang='lat' dir='ltr'>praesidi</span> <span class='ocrx_word' id='word_1_69' title='bbox 1000 1479 1368 1561; x_wconf 84' lang='lat' dir='ltr'>qu’usdam</span> <span class='ocrx_word' id='word_1_70' title='bbox 1391 1482 1806 1545; x_wconf 89' lang='lat' dir='ltr'>monasterii</span> <span class='ocrx_word' id='word_1_71' title='bbox 1821 1482 2322 1546; x_wconf 84' lang='lat' dir='ltr'>observantiae</span> <span class='ocrx_word' id='word_1_72' title='bbox 2342 1480 2470 1545; x_wconf 90' lang='lat' dir='ltr'>Sti.</span> <span class='ocrx_word' id='word_1_73' title='bbox 2495 1481 2863 1546; x_wconf 90' lang='lat' dir='ltr'>Francisci</span> <span class='ocrx_word' id='word_1_74' title='bbox 2879 1482 2978 1560; x_wconf 91' lang='lat' dir='ltr'>(in</span> <span class='ocrx_word' id='word_1_75' title='bbox 2997 1500 3139 1563; x_wconf 89' lang='lat' dir='ltr'>quo</span> 
     </span>
     <span class='ocr_line' id='line_1_11' title="bbox 665 1586 3137 1676; baseline 0.001 -25"><span class='ocrx_word' id='word_1_76' title='bbox 665 1596 908 1652; x_wconf 88' lang='lat' dir='ltr'>tamen</span> <span class='ocrx_word' id='word_1_77' title='bbox 950 1588 1153 1669; x_wconf 91' lang='lat' dir='ltr'>prius</span> <span class='ocrx_word' id='word_1_78' title='bbox 1195 1605 1337 1651; x_wconf 94' lang='grc'>11011</span> <span class='ocrx_word' id='word_1_79' title='bbox 1376 1586 1672 1676; x_wconf 88' lang='lat' dir='ltr'>deerant</span> <span class='ocrx_word' id='word_1_80' title='bbox 1714 1590 1838 1668; x_wconf 93' lang='lat' dir='ltr'>qui</span> <span class='ocrx_word' id='word_1_81' title='bbox 1878 1590 2145 1652; x_wconf 90' lang='lat' dir='ltr'>nostris</span> <span class='ocrx_word' id='word_1_82' title='bbox 2172 1588 2626 1653; x_wconf 88' lang='lat' dir='ltr'>detraherent</span> <span class='ocrx_word' id='word_1_83' title='bbox 2655 1599 2726 1653; x_wconf 94' lang='lat' dir='ltr'>et</span> <span class='ocrx_word' id='word_1_84' title='bbox 2754 1591 3137 1654; x_wconf 88' lang='lat' dir='ltr'>multorum</span> 
     </span>
     <span class='ocr_line' id='line_1_12' title="bbox 668 1695 3140 1777; baseline 0.001 -19"><span class='ocrx_word' id='word_1_85' title='bbox 668 1695 946 1760; x_wconf 87' lang='lat' dir='ltr'>animos</span> <span class='ocrx_word' id='word_1_86' title='bbox 971 1695 1060 1758; x_wconf 93' lang='lat' dir='ltr'>ab</span> <span class='ocrx_word' id='word_1_87' title='bbox 1083 1695 1187 1758; x_wconf 90' lang='lat' dir='ltr'>eis</span> <span class='ocrx_word' id='word_1_88' title='bbox 1208 1696 1660 1773; x_wconf 85' lang='lat' dir='ltr'>averterent),</span> <span class='ocrx_word' id='word_1_89' title='bbox 1680 1697 1800 1775; x_wconf 94' lang='lat' dir='ltr'>qui</span> <span class='ocrx_word' id='word_1_90' title='bbox 1824 1713 1987 1759; x_wconf 92' lang='lat' dir='ltr'>cum</span> <span class='ocrx_word' id='word_1_91' title='bbox 2011 1697 2226 1759; x_wconf 92' lang='lat' dir='ltr'>etiam</span> <span class='ocrx_word' id='word_1_92' title='bbox 2247 1697 2711 1761; x_wconf 87' lang='lat' dir='ltr'>concionator</span> <span class='ocrx_word' id='word_1_93' title='bbox 2732 1707 2940 1777; x_wconf 83' lang='lat' dir='ltr'>esset,</span> <span class='ocrx_word' id='word_1_94' title='bbox 2968 1713 3140 1761; x_wconf 89' lang='lat' dir='ltr'>suos</span> 
     </span>
     <span class='ocr_line' id='line_1_13' title="bbox 665 1801 3139 1885; baseline 0.001 -19"><span class='ocrx_word' id='word_1_95' title='bbox 665 1802 1031 1866; x_wconf 85' lang='lat' dir='ltr'>auditores</span> <span class='ocrx_word' id='word_1_96' title='bbox 1070 1803 1309 1883; x_wconf 89' lang='lat' dir='ltr'>palam</span> <span class='ocrx_word' id='word_1_97' title='bbox 1340 1801 1524 1864; x_wconf 89' lang='lat' dir='ltr'>inter</span> <span class='ocrx_word' id='word_1_98' title='bbox 1560 1802 2133 1866; x_wconf 89' lang='lat' dir='ltr'>concionandum</span> <span class='ocrx_word' id='word_1_99' title='bbox 2171 1811 2242 1867; x_wconf 91' lang='lat' dir='ltr'>et</span> <span class='ocrx_word' id='word_1_100' title='bbox 2279 1803 2561 1884; x_wconf 89' lang='lat' dir='ltr'>quidem</span> <span class='ocrx_word' id='word_1_101' title='bbox 2600 1820 2764 1867; x_wconf 91' lang='lat' dir='ltr'>cum</span> <span class='ocrx_word' id='word_1_102' title='bbox 2798 1804 3139 1885; x_wconf 84' lang='lat' dir='ltr'>lacrymis</span> 
     </span>
     <span class='ocr_line' id='line_1_14' title="bbox 669 1908 3140 1992; baseline 0.001 -20"><span class='ocrx_word' id='word_1_103' title='bbox 669 1919 744 1972; x_wconf 91' lang='lat' dir='ltr'>ut</span> <span class='ocrx_word' id='word_1_104' title='bbox 773 1908 864 1972; x_wconf 90' lang='lat' dir='ltr'>ad</span> <span class='ocrx_word' id='word_1_105' title='bbox 891 1918 1178 1972; x_wconf 91' lang='lat' dir='ltr'>nostros</span> <span class='ocrx_word' id='word_1_106' title='bbox 1207 1909 1630 1973; x_wconf 90' lang='lat' dir='ltr'>accederent</span> <span class='ocrx_word' id='word_1_107' title='bbox 1652 1908 2095 1989; x_wconf 87' lang='lat' dir='ltr'>hortabatur,</span> <span class='ocrx_word' id='word_1_108' title='bbox 2122 1911 2343 1974; x_wconf 89' lang='lat' dir='ltr'>multa</span> <span class='ocrx_word' id='word_1_109' title='bbox 2373 1910 2656 1974; x_wconf 91' lang='lat' dir='ltr'>interim</span> <span class='ocrx_word' id='word_1_110' title='bbox 2684 1911 3140 1992; x_wconf 87' lang='lat' dir='ltr'>amplissimis</span> 
     </span>
     <span class='ocr_line' id='line_1_15' title="bbox 668 2014 3136 2098; baseline 0.001 -20"><span class='ocrx_word' id='word_1_111' title='bbox 668 2024 740 2078; x_wconf 88' lang='lat' dir='ltr'>et</span> <span class='ocrx_word' id='word_1_112' title='bbox 768 2014 1242 2079; x_wconf 88' lang='lat' dir='ltr'>ornatissimis</span> <span class='ocrx_word' id='word_1_113' title='bbox 1270 2015 1510 2078; x_wconf 87' lang='lat' dir='ltr'>verbis</span> <span class='ocrx_word' id='word_1_114' title='bbox 1539 2015 1626 2079; x_wconf 92' lang='lat' dir='ltr'>de</span> <span class='ocrx_word' id='word_1_115' title='bbox 1654 2014 2034 2079; x_wconf 91' lang='lat' dir='ltr'>Societatis</span> <span class='ocrx_word' id='word_1_116' title='bbox 2063 2026 2350 2080; x_wconf 89' lang='lat' dir='ltr'>nostrae</span> <span class='ocrx_word' id='word_1_117' title='bbox 2376 2016 2587 2081; x_wconf 87' lang='lat' dir='ltr'>laude</span> <span class='ocrx_word' id='word_1_118' title='bbox 2617 2035 2749 2098; x_wconf 93' lang='lat' dir='ltr'>pro</span> <span class='ocrx_word' id='word_1_119' title='bbox 2773 2035 2945 2081; x_wconf 90' lang='lat' dir='ltr'>suae</span> <span class='ocrx_word' id='word_1_120' title='bbox 2973 2019 3136 2082; x_wconf 87' lang='lat' dir='ltr'>cha·</span> 
     </span>
     <span class='ocr_line' id='line_1_16' title="bbox 669 2120 3143 2205; baseline 0.002 -21"><span class='ocrx_word' id='word_1_121' title='bbox 669 2122 899 2185; x_wconf 90' lang='lat' dir='ltr'>ritatis</span> <span class='ocrx_word' id='word_1_122' title='bbox 928 2121 1186 2185; x_wconf 84' lang='lat' dir='ltr'>affectu</span> <span class='ocrx_word' id='word_1_123' title='bbox 1213 2120 1480 2202; x_wconf 82' lang='lat' dir='ltr'>dicenS,</span> <span class='ocrx_word' id='word_1_124' title='bbox 1514 2121 2014 2203; x_wconf 86' lang='lat' dir='ltr'>affirmansque</span> <span class='ocrx_word' id='word_1_125' title='bbox 2045 2140 2409 2205; x_wconf 88' lang='lat' dir='ltr'>nunquam</span> <span class='ocrx_word' id='word_1_126' title='bbox 2437 2123 2745 2192; x_wconf 87' lang='lat' dir='ltr'>defuisse</span> <span class='ocrx_word' id='word_1_127' title='bbox 2773 2123 3143 2189; x_wconf 89' lang='lat' dir='ltr'>Summum</span> 
     </span>
     <span class='ocr_line' id='line_1_17' title="bbox 673 2228 3140 2312; baseline 0.002 -21"><span class='ocrx_word' id='word_1_128' title='bbox 673 2228 1065 2309; x_wconf 89' lang='lat' dir='ltr'>Pastorem,</span> <span class='ocrx_word' id='word_1_129' title='bbox 1100 2228 1485 2307; x_wconf 90' lang='lat' dir='ltr'>Christum,</span> <span class='ocrx_word' id='word_1_130' title='bbox 1518 2230 1726 2309; x_wconf 87' lang='lat' dir='ltr'>gregi</span> <span class='ocrx_word' id='word_1_131' title='bbox 1763 2247 1894 2294; x_wconf 90' lang='lat' dir='ltr'>suo</span> <span class='ocrx_word' id='word_1_132' title='bbox 1923 2231 2093 2312; x_wconf 90' lang='lat' dir='ltr'>quin</span> <span class='ocrx_word' id='word_1_133' title='bbox 2121 2232 2321 2295; x_wconf 88' lang='lat' dir='ltr'>viros</span> <span class='ocrx_word' id='word_1_134' title='bbox 2359 2232 2562 2295; x_wconf 87' lang='lat' dir='ltr'>verbi</span> <span class='ocrx_word' id='word_1_135' title='bbox 2600 2231 2735 2296; x_wconf 92' lang='lat' dir='ltr'>Dei</span> <span class='ocrx_word' id='word_1_136' title='bbox 2776 2232 3140 2296; x_wconf 88' lang='lat' dir='ltr'>ministros</span> 
     </span>
     <span class='ocr_line' id='line_1_18' title="bbox 670 2335 3139 2419; baseline 0.001 -19"><span class='ocrx_word' id='word_1_137' title='bbox 670 2336 738 2400; x_wconf 93' lang='lat' dir='ltr'>ei</span> <span class='ocrx_word' id='word_1_138' title='bbox 776 2336 1260 2416; x_wconf 89' lang='lat' dir='ltr'>suppeditaret</span> <span class='ocrx_word' id='word_1_139' title='bbox 1299 2353 1383 2399; x_wconf 97' lang='grc'>36</span> <span class='ocrx_word' id='word_1_140' title='bbox 1428 2335 1793 2415; x_wconf 91' lang='lat' dir='ltr'>doctores,</span> <span class='ocrx_word' id='word_1_141' title='bbox 1836 2354 1923 2401; x_wconf 90' lang='lat' dir='ltr'>ac</span> <span class='ocrx_word' id='word_1_142' title='bbox 1958 2355 2147 2401; x_wconf 89' lang='lat' dir='ltr'>nunc</span> <span class='ocrx_word' id='word_1_143' title='bbox 2194 2356 2471 2419; x_wconf 92' lang='lat' dir='ltr'>quoque</span> <span class='ocrx_word' id='word_1_144' title='bbox 2520 2340 2724 2403; x_wconf 90' lang='lat' dir='ltr'>istius</span> <span class='ocrx_word' id='word_1_145' title='bbox 2764 2338 3139 2403; x_wconf 90' lang='lat' dir='ltr'>Societatis</span> 
     </span>
     <span class='ocr_line' id='line_1_19' title="bbox 665 2442 3142 2529; baseline 0.002 -24"><span class='ocrx_word' id='word_1_146' title='bbox 665 2442 838 2524; x_wconf 88' lang='lat' dir='ltr'>Jesu</span> <span class='ocrx_word' id='word_1_147' title='bbox 867 2458 1083 2522; x_wconf 91' lang='lat' dir='ltr'>opera</span> <span class='ocrx_word' id='word_1_148' title='bbox 1112 2443 1511 2506; x_wconf 90' lang='lat' dir='ltr'>Ecclesiam</span> <span class='ocrx_word' id='word_1_149' title='bbox 1538 2460 1745 2506; x_wconf 89' lang='lat' dir='ltr'>suam</span> <span class='ocrx_word' id='word_1_150' title='bbox 1759 2442 2016 2524; x_wconf 87' lang='lat' dir='ltr'>juvare</span> <span class='ocrx_word' id='word_1_151' title='bbox 2039 2446 2394 2509; x_wconf 90' lang='lat' dir='ltr'>statuisse.</span> <span class='ocrx_word' id='word_1_152' title='bbox 2427 2444 2621 2529; x_wconf 86' lang='lat' dir='ltr'>Idem</span> <span class='ocrx_word' id='word_1_153' title='bbox 2644 2445 3010 2525; x_wconf 89' lang='lat' dir='ltr'>professus</span> <span class='ocrx_word' id='word_1_154' title='bbox 3029 2456 3142 2510; x_wconf 92' lang='lat' dir='ltr'>est</span> 
     </span>
     <span class='ocr_line' id='line_1_20' title="bbox 673 2547 3136 2635; baseline 0.002 -23"><span class='ocrx_word' id='word_1_155' title='bbox 673 2550 799 2612; x_wconf 80' lang='lat' dir='ltr'>vix</span> <span class='ocrx_word' id='word_1_156' title='bbox 828 2547 917 2609; x_wconf 90' lang='lat' dir='ltr'>ab</span> <span class='ocrx_word' id='word_1_157' title='bbox 948 2548 1104 2611; x_wconf 89' lang='lat' dir='ltr'>aliis</span> <span class='ocrx_word' id='word_1_158' title='bbox 1142 2549 1667 2629; x_wconf 85' lang='lat' dir='ltr'>eleemosynam</span> <span class='ocrx_word' id='word_1_159' title='bbox 1710 2550 1801 2613; x_wconf 91' lang='lat' dir='ltr'>ad</span> <span class='ocrx_word' id='word_1_160' title='bbox 1842 2568 2049 2615; x_wconf 89' lang='lat' dir='ltr'>suum</span> <span class='ocrx_word' id='word_1_161' title='bbox 2086 2550 2346 2617; x_wconf 89' lang='lat' dir='ltr'>deferri</span> <span class='ocrx_word' id='word_1_162' title='bbox 2383 2553 2897 2617; x_wconf 80' lang='lat' dir='ltr'>monasterium·</span> <span class='ocrx_word' id='word_1_163' title='bbox 2920 2570 3136 2635; x_wconf 90' lang='lat' dir='ltr'>quam</span> 
     </span>
     <span class='ocr_line' id='line_1_21' title="bbox 672 2652 3137 2739; baseline 0.003 -21"><span class='ocrx_word' id='word_1_164' title='bbox 672 2652 762 2719; x_wconf 89' lang='lat' dir='ltr'>ab</span> <span class='ocrx_word' id='word_1_165' title='bbox 812 2654 956 2735; x_wconf 86' lang='lat' dir='ltr'>his,</span> <span class='ocrx_word' id='word_1_166' title='bbox 1006 2654 1128 2735; x_wconf 90' lang='lat' dir='ltr'>qui</span> <span class='ocrx_word' id='word_1_167' title='bbox 1174 2653 1248 2718; x_wconf 95' lang='grc'>111</span> <span class='ocrx_word' id='word_1_168' title='bbox 1298 2655 1559 2736; x_wconf 90' lang='lat' dir='ltr'>templo</span> <span class='ocrx_word' id='word_1_169' title='bbox 1602 2665 1851 2721; x_wconf 90' lang='lat' dir='ltr'>nostro</span> <span class='ocrx_word' id='word_1_170' title='bbox 1898 2657 2300 2739; x_wconf 86' lang='lat' dir='ltr'>frequenter</span> <span class='ocrx_word' id='word_1_171' title='bbox 2351 2668 2419 2724; x_wconf 91' lang='lat' dir='ltr'>et</span> <span class='ocrx_word' id='word_1_172' title='bbox 2469 2660 2930 2725; x_wconf 90' lang='lat' dir='ltr'>concionibus</span> <span class='ocrx_word' id='word_1_173' title='bbox 2966 2661 3137 2725; x_wconf 91' lang='lat' dir='ltr'>inte-</span> 
     </span>
     <span class='ocr_line' id='line_1_22' title="bbox 666 2760 3141 2850; baseline 0.003 -25"><span class='ocrx_word' id='word_1_174' title='bbox 666 2769 910 2826; x_wconf 90' lang='lat' dir='ltr'>rerant</span> <span class='ocrx_word' id='word_1_175' title='bbox 948 2772 1019 2825; x_wconf 90' lang='lat' dir='ltr'>et</span> <span class='ocrx_word' id='word_1_176' title='bbox 1058 2762 1149 2825; x_wconf 90' lang='lat' dir='ltr'>ad</span> <span class='ocrx_word' id='word_1_177' title='bbox 1186 2760 1667 2826; x_wconf 86' lang='lat' dir='ltr'>consessiones</span> <span class='ocrx_word' id='word_1_178' title='bbox 1706 2764 1958 2828; x_wconf 91' lang='lat' dir='ltr'>crebro</span> <span class='ocrx_word' id='word_1_179' title='bbox 1999 2766 2453 2830; x_wconf 89' lang='lat' dir='ltr'>accedebant.</span> <span class='ocrx_word' id='word_1_180' title='bbox 2511 2766 2854 2848; x_wconf 88' lang='lat' dir='ltr'>Magnum</span> <span class='ocrx_word' id='word_1_181' title='bbox 2901 2768 3141 2850; x_wconf 91' lang='lat' dir='ltr'>itaque</span> 
     </span>
     <span class='ocr_line' id='line_1_23' title="bbox 669 2868 3143 2956; baseline 0.003 -24"><span class='ocrx_word' id='word_1_182' title='bbox 669 2868 1051 2933; x_wconf 90' lang='lat' dir='ltr'>Societatis</span> <span class='ocrx_word' id='word_1_183' title='bbox 1107 2885 1366 2933; x_wconf 89' lang='lat' dir='ltr'>nomen</span> <span class='ocrx_word' id='word_1_184' title='bbox 1422 2868 1796 2934; x_wconf 90' lang='lat' dir='ltr'>Messanae</span> <span class='ocrx_word' id='word_1_185' title='bbox 1847 2870 1995 2951; x_wconf 88' lang='lat' dir='ltr'>jam</span> <span class='ocrx_word' id='word_1_186' title='bbox 2051 2882 2206 2936; x_wconf 88' lang='lat' dir='ltr'>erat</span> <span class='ocrx_word' id='word_1_187' title='bbox 2264 2883 2334 2937; x_wconf 92' lang='lat' dir='ltr'>et</span> <span class='ocrx_word' id='word_1_188' title='bbox 2393 2875 2783 2938; x_wconf 89' lang='lat' dir='ltr'>auctoritas</span> <span class='ocrx_word' id='word_1_189' title='bbox 2825 2892 2955 2956; x_wconf 91' lang='lat' dir='ltr'>per</span> <span class='ocrx_word' id='word_1_190' title='bbox 3001 2874 3143 2939; x_wconf 88' lang='lat' dir='ltr'>Dei</span> 
     </span>
     <span class='ocr_line' id='line_1_24' title="bbox 666 2976 1002 3057; baseline 0.003 -18"><span class='ocrx_word' id='word_1_191' title='bbox 666 2976 1002 3057; x_wconf 86' lang='lat' dir='ltr'>gratiam.</span> 
     </span>
    </p>

    <p class='ocr_par' dir='ltr' id='par_1_4' title="bbox 662 3082 3142 4111">
     <span class='ocr_line' id='line_1_25' title="bbox 785 3082 3135 3169; baseline 0.002 -22"><span class='ocrx_word' id='word_1_192' title='bbox 785 3082 928 3148; x_wconf 87' lang='grc'><strong>303.</strong></span> <span class='ocrx_word' id='word_1_193' title='bbox 1013 3083 1419 3149; x_wconf 90' lang='lat' dir='ltr'>Instaurata</span> <span class='ocrx_word' id='word_1_194' title='bbox 1446 3085 1732 3149; x_wconf 89' lang='lat' dir='ltr'>fuerunt</span> <span class='ocrx_word' id='word_1_195' title='bbox 1761 3085 1994 3149; x_wconf 90' lang='lat' dir='ltr'>studia</span> <span class='ocrx_word' id='word_1_196' title='bbox 2018 3086 2262 3166; x_wconf 90' lang='lat' dir='ltr'>quinta</span> <span class='ocrx_word' id='word_1_197' title='bbox 2291 3086 2406 3151; x_wconf 91' lang='lat' dir='ltr'>die</span> <span class='ocrx_word' id='word_1_198' title='bbox 2436 3086 2787 3169; x_wconf 89' lang='lat' dir='ltr'>Octobris,</span> <span class='ocrx_word' id='word_1_199' title='bbox 2822 3088 3065 3152; x_wconf 89' lang='lat' dir='ltr'>habita</span> <span class='ocrx_word' id='word_1_200' title='bbox 3089 3107 3135 3152; x_wconf 87' lang='lat' dir='ltr'>a</span> 
     </span>
     <span class='ocr_line' id='line_1_26' title="bbox 666 3191 3136 3286; baseline 0.003 -32"><span class='ocrx_word' id='word_1_201' title='bbox 666 3192 1013 3270; x_wconf 91' lang='lat' dir='ltr'>magistro</span> <span class='ocrx_word' id='word_1_202' title='bbox 1044 3191 1396 3256; x_wconf 89' lang='lat' dir='ltr'>Annibale</span> <span class='ocrx_word' id='word_1_203' title='bbox 1436 3192 1523 3256; x_wconf 89' lang='lat' dir='ltr'>de</span> <span class='ocrx_word' id='word_1_204' title='bbox 1553 3191 1910 3256; x_wconf 91' lang='lat' dir='ltr'>Coudreto</span> <span class='ocrx_word' id='word_1_205' title='bbox 1954 3194 2278 3286; x_wconf 85' lang='lat' dir='ltr'>oratione</span> <span class='ocrx_word' id='word_1_206' title='bbox 2319 3194 2392 3257; x_wconf 91' lang='lat' dir='ltr'>in</span> <span class='ocrx_word' id='word_1_207' title='bbox 2434 3196 2718 3259; x_wconf 88' lang='lat' dir='ltr'>laudem</span> <span class='ocrx_word' id='word_1_208' title='bbox 2753 3195 2971 3260; x_wconf 90' lang='lat' dir='ltr'>trium</span> <span class='ocrx_word' id='word_1_209' title='bbox 3008 3196 3136 3259; x_wconf 86' lang='lat' dir='ltr'>lin-</span> 
     </span>
     <span class='ocr_line' id='line_1_27' title="bbox 662 3298 3125 3383; baseline 0.002 -23"><span class='ocrx_word' id='word_1_210' title='bbox 662 3310 991 3377; x_wconf 89' lang='lat' dir='ltr'>guarum,</span> <span class='ocrx_word' id='word_1_211' title='bbox 1028 3315 1206 3379; x_wconf 88' lang='lat' dir='ltr'>quas</span> <span class='ocrx_word' id='word_1_212' title='bbox 1234 3298 1627 3379; x_wconf 91' lang='lat' dir='ltr'>Collegium</span> <span class='ocrx_word' id='word_1_213' title='bbox 1656 3310 1979 3364; x_wconf 88' lang='lat' dir='ltr'>nostrum</span> <span class='ocrx_word' id='word_1_214' title='bbox 2016 3300 2502 3382; x_wconf 89' lang='lat' dir='ltr'>profitebatur,</span> <span class='ocrx_word' id='word_1_215' title='bbox 2537 3320 2718 3383; x_wconf 89' lang='lat' dir='ltr'>quae</span> <span class='ocrx_word' id='word_1_216' title='bbox 2747 3320 2910 3367; x_wconf 89' lang='lat' dir='ltr'>cum</span> <span class='ocrx_word' id='word_1_217' title='bbox 2942 3303 3125 3381; x_wconf 84' lang='lat' dir='ltr'>aliis,</span> 
     </span>
     <span class='ocr_line' id='line_1_28' title="bbox 664 3403 3138 3490; baseline 0.002 -23"><span class='ocrx_word' id='word_1_218' title='bbox 664 3405 1046 3485; x_wconf 90' lang='lat' dir='ltr'>praecipue</span> <span class='ocrx_word' id='word_1_219' title='bbox 1084 3403 1407 3485; x_wconf 83' lang='lat' dir='ltr'>Pro-regi</span> <span class='ocrx_word' id='word_1_220' title='bbox 1449 3405 1731 3484; x_wconf 90' lang='lat' dir='ltr'>(aderat</span> <span class='ocrx_word' id='word_1_221' title='bbox 1767 3408 1957 3470; x_wconf 90' lang='lat' dir='ltr'>enim</span> <span class='ocrx_word' id='word_1_222' title='bbox 1997 3407 2147 3489; x_wconf 92' lang='lat' dir='ltr'>ipse</span> <span class='ocrx_word' id='word_1_223' title='bbox 2188 3416 2259 3472; x_wconf 91' lang='lat' dir='ltr'>et</span> <span class='ocrx_word' id='word_1_224' title='bbox 2292 3409 2758 3489; x_wconf 89' lang='lat' dir='ltr'>magistratus</span> <span class='ocrx_word' id='word_1_225' title='bbox 2797 3410 3138 3490; x_wconf 90' lang='lat' dir='ltr'>multique</span> 
     </span>
     <span class='ocr_line' id='line_1_29' title="bbox 664 3512 3142 3597; baseline 0.002 -21"><span class='ocrx_word' id='word_1_226' title='bbox 664 3512 887 3591; x_wconf 83' lang='lat' dir='ltr'>cives)</span> <span class='ocrx_word' id='word_1_227' title='bbox 919 3529 1004 3575; x_wconf 91' lang='grc'>36</span> <span class='ocrx_word' id='word_1_228' title='bbox 1028 3513 1474 3577; x_wconf 89' lang='lat' dir='ltr'>scholasticis</span> <span class='ocrx_word' id='word_1_229' title='bbox 1498 3530 1930 3596; x_wconf 90' lang='lat' dir='ltr'>magnopere</span> <span class='ocrx_word' id='word_1_230' title='bbox 1952 3516 2242 3597; x_wconf 87' lang='lat' dir='ltr'>placuit;</span> <span class='ocrx_word' id='word_1_231' title='bbox 2276 3534 2408 3580; x_wconf 91' lang='lat' dir='ltr'>nec</span> <span class='ocrx_word' id='word_1_232' title='bbox 2433 3526 2712 3581; x_wconf 90' lang='lat' dir='ltr'>tantum</span> <span class='ocrx_word' id='word_1_233' title='bbox 2740 3517 3142 3582; x_wconf 89' lang='lat' dir='ltr'>doctrinam</span> 
     </span>
     <span class='ocr_line' id='line_1_30' title="bbox 667 3619 3142 3706; baseline 0.002 -23"><span class='ocrx_word' id='word_1_234' title='bbox 667 3627 737 3683; x_wconf 91' lang='lat' dir='ltr'>et</span> <span class='ocrx_word' id='word_1_235' title='bbox 776 3619 1252 3700; x_wconf 91' lang='lat' dir='ltr'>eloquentiam</span> <span class='ocrx_word' id='word_1_236' title='bbox 1299 3620 1425 3684; x_wconf 92' lang='lat' dir='ltr'>sed</span> <span class='ocrx_word' id='word_1_237' title='bbox 1477 3621 1832 3685; x_wconf 89' lang='lat' dir='ltr'>actionem</span> <span class='ocrx_word' id='word_1_238' title='bbox 1879 3624 2097 3687; x_wconf 91' lang='lat' dir='ltr'>etiam</span> <span class='ocrx_word' id='word_1_239' title='bbox 2135 3624 2365 3705; x_wconf 90' lang='lat' dir='ltr'>ipsam</span> <span class='ocrx_word' id='word_1_240' title='bbox 2410 3640 2849 3706; x_wconf 87' lang='lat' dir='ltr'>magnopere</span> <span class='ocrx_word' id='word_1_241' title='bbox 2885 3625 3142 3706; x_wconf 87' lang='lat' dir='ltr'>proba-</span> 
     </span>
     <span class='ocr_line' id='line_1_31' title="bbox 667 3726 3139 3814; baseline 0.003 -25"><span class='ocrx_word' id='word_1_242' title='bbox 667 3727 858 3790; x_wconf 90' lang='lat' dir='ltr'>bant.</span> <span class='ocrx_word' id='word_1_243' title='bbox 893 3726 1039 3790; x_wconf 90' lang='lat' dir='ltr'>Nec</span> <span class='ocrx_word' id='word_1_244' title='bbox 1078 3726 1320 3791; x_wconf 88' lang='lat' dir='ltr'>irritus</span> <span class='ocrx_word' id='word_1_245' title='bbox 1361 3727 1422 3791; x_wconf 92' lang='lat' dir='ltr'>is</span> <span class='ocrx_word' id='word_1_246' title='bbox 1460 3727 1659 3793; x_wconf 90' lang='lat' dir='ltr'>labor</span> <span class='ocrx_word' id='word_1_247' title='bbox 1689 3728 1853 3808; x_wconf 79' lang='lat' dir='ltr'>fuit3</span> <span class='ocrx_word' id='word_1_248' title='bbox 1893 3747 2061 3793; x_wconf 89' lang='lat' dir='ltr'>narn</span> <span class='ocrx_word' id='word_1_249' title='bbox 2100 3740 2170 3793; x_wconf 91' lang='lat' dir='ltr'>et</span> <span class='ocrx_word' id='word_1_250' title='bbox 2210 3730 2613 3795; x_wconf 88' lang='lat' dir='ltr'>auditorum</span> <span class='ocrx_word' id='word_1_251' title='bbox 2649 3750 2987 3796; x_wconf 90' lang='lat' dir='ltr'>numerus</span> <span class='ocrx_word' id='word_1_252' title='bbox 3017 3750 3139 3814; x_wconf 90' lang='lat' dir='ltr'>po·</span> 
     </span>
     <span class='ocr_line' id='line_1_32' title="bbox 665 3834 3141 3929; baseline 0.003 -33"><span class='ocrx_word' id='word_1_253' title='bbox 665 3841 820 3896; x_wconf 89' lang='lat' dir='ltr'>stea</span> <span class='ocrx_word' id='word_1_254' title='bbox 853 3834 1110 3915; x_wconf 85' lang='lat' dir='ltr'>crevit,</span> <span class='ocrx_word' id='word_1_255' title='bbox 1143 3842 1213 3898; x_wconf 91' lang='lat' dir='ltr'>et</span> <span class='ocrx_word' id='word_1_256' title='bbox 1244 3834 1363 3916; x_wconf 92' lang='lat' dir='ltr'>qui</span> <span class='ocrx_word' id='word_1_257' title='bbox 1391 3835 1588 3915; x_wconf 89' lang='lat' dir='ltr'>prius</span> <span class='ocrx_word' id='word_1_258' title='bbox 1616 3835 1900 3900; x_wconf 89' lang='lat' dir='ltr'>fuerant</span> <span class='ocrx_word' id='word_1_259' title='bbox 1929 3837 2002 3901; x_wconf 90' lang='lat' dir='ltr'>in</span> <span class='ocrx_word' id='word_1_260' title='bbox 2031 3838 2318 3915; x_wconf 90' lang='lat' dir='ltr'>scholis,</span> <span class='ocrx_word' id='word_1_261' title='bbox 2353 3838 2491 3929; x_wconf 85' lang='lat' dir='ltr'>visi</span> <span class='ocrx_word' id='word_1_262' title='bbox 2521 3847 2684 3903; x_wconf 91' lang='lat' dir='ltr'>sunt</span> <span class='ocrx_word' id='word_1_263' title='bbox 2723 3838 3141 3904; x_wconf 85' lang='lat' dir='ltr'>ferventiori</span> 
     </span>
     <span class='ocr_line' id='line_1_33' title="bbox 667 3928 3137 4028; baseline 0.003 -26"><span class='ocrx_word' id='word_1_264' title='bbox 667 3940 905 4003; x_wconf 91' lang='lat' dir='ltr'>animo</span> <span class='ocrx_word' id='word_1_265' title='bbox 937 3940 1192 4005; x_wconf 91' lang='lat' dir='ltr'>studiis</span> <span class='ocrx_word' id='word_1_266' title='bbox 1221 3959 1516 4024; x_wconf 91' lang='lat' dir='ltr'>operam</span> <span class='ocrx_word' id='word_1_267' title='bbox 1544 3941 1737 4008; x_wconf 91' lang='lat' dir='ltr'>dare.</span> <span class='ocrx_word' id='word_1_268' title='bbox 1772 3942 1852 4007; x_wconf 90' lang='lat' dir='ltr'>In</span> <span class='ocrx_word' id='word_1_269' title='bbox 1889 3945 2207 4009; x_wconf 90' lang='lat' dir='ltr'>moribus</span> <span class='ocrx_word' id='word_1_270' title='bbox 2247 3946 2463 4009; x_wconf 88' lang='lat' dir='ltr'>etiam</span> <span class='ocrx_word' id='word_1_271' title='bbox 2504 3963 2590 4008; x_wconf 89' lang='grc'>36</span> <span class='ocrx_word' id='word_1_272' title='bbox 2628 3928 2893 4028; x_wconf 84' lang='lat' dir='ltr'>pietate</span> <span class='ocrx_word' id='word_1_273' title='bbox 2930 3946 3137 4028; x_wconf 92' lang='lat' dir='ltr'>profi-</span> 
     </span>
     <span class='ocr_line' id='line_1_34' title="bbox 663 4046 971 4111; baseline 0 -1"><span class='ocrx_word' id='word_1_274' title='bbox 663 4046 971 4111; x_wconf 91' lang='lat' dir='ltr'>ciebant.</span> 
     </span>
    </p>

    <p class='ocr_par' dir='ltr' id='par_1_5' title="bbox 662 4153 3141 4454">
     <span class='ocr_line' id='line_1_35' title="bbox 784 4153 3141 4241; baseline 0.003 -24"><span class='ocrx_word' id='word_1_275' title='bbox 784 4153 925 4219; x_wconf 88' lang='grc'>304.</span> <span class='ocrx_word' id='word_1_276' title='bbox 1013 4154 1258 4220; x_wconf 89' lang='lat' dir='ltr'>Nostri</span> <span class='ocrx_word' id='word_1_277' title='bbox 1285 4158 1695 4221; x_wconf 88' lang='lat' dir='ltr'>scholastici</span> <span class='ocrx_word' id='word_1_278' title='bbox 1722 4176 1867 4223; x_wconf 92' lang='lat' dir='ltr'>non</span> <span class='ocrx_word' id='word_1_279' title='bbox 1896 4159 1970 4223; x_wconf 92' lang='lat' dir='ltr'>in</span> <span class='ocrx_word' id='word_1_280' title='bbox 1997 4159 2134 4222; x_wconf 91' lang='lat' dir='ltr'>hac</span> <span class='ocrx_word' id='word_1_281' title='bbox 2164 4159 2391 4223; x_wconf 87' lang='lat' dir='ltr'>solum</span> <span class='ocrx_word' id='word_1_282' title='bbox 2429 4169 2633 4241; x_wconf 91' lang='lat' dir='ltr'>parte</span> <span class='ocrx_word' id='word_1_283' title='bbox 2662 4160 2788 4223; x_wconf 90' lang='lat' dir='ltr'>sed</span> <span class='ocrx_word' id='word_1_284' title='bbox 2818 4161 3035 4224; x_wconf 91' lang='lat' dir='ltr'>etiam</span> <span class='ocrx_word' id='word_1_285' title='bbox 3061 4160 3141 4224; x_wconf 90' lang='lat' dir='ltr'>in</span> 
     </span>
     <span class='ocr_line' id='line_1_36' title="bbox 662 4262 3137 4347; baseline 0.002 -22"><span class='ocrx_word' id='word_1_286' title='bbox 662 4262 1059 4326; x_wconf 91' lang='lat' dir='ltr'>eruditione</span> <span class='ocrx_word' id='word_1_287' title='bbox 1090 4280 1219 4328; x_wconf 92' lang='lat' dir='ltr'>suo</span> <span class='ocrx_word' id='word_1_288' title='bbox 1259 4266 1582 4345; x_wconf 88' lang='lat' dir='ltr'>exemplo</span> <span class='ocrx_word' id='word_1_289' title='bbox 1620 4267 2023 4347; x_wconf 89' lang='lat' dir='ltr'>praeibant,</span> <span class='ocrx_word' id='word_1_290' title='bbox 2071 4266 2188 4347; x_wconf 92' lang='lat' dir='ltr'>qui</span> <span class='ocrx_word' id='word_1_291' title='bbox 2228 4266 2302 4330; x_wconf 94' lang='grc'>111</span> <span class='ocrx_word' id='word_1_292' title='bbox 2339 4267 2625 4347; x_wconf 88' lang='lat' dir='ltr'>graecis</span> <span class='ocrx_word' id='word_1_293' title='bbox 2654 4276 2724 4330; x_wconf 93' lang='lat' dir='ltr'>et</span> <span class='ocrx_word' id='word_1_294' title='bbox 2758 4268 3002 4332; x_wconf 87' lang='lat' dir='ltr'>latinis</span> <span class='ocrx_word' id='word_1_295' title='bbox 3028 4268 3137 4332; x_wconf 91' lang='lat' dir='ltr'>lit·</span> 
     </span>
     <span class='ocr_line' id='line_1_37' title="bbox 666 4368 3135 4454; baseline 0.003 -23"><span class='ocrx_word' id='word_1_296' title='bbox 666 4368 859 4449; x_wconf 82' lang='lat' dir='ltr'>teriS,</span> <span class='ocrx_word' id='word_1_297' title='bbox 895 4370 1111 4451; x_wconf 89' lang='lat' dir='ltr'>aliqui</span> <span class='ocrx_word' id='word_1_298' title='bbox 1133 4371 1552 4452; x_wconf 88' lang='lat' dir='ltr'>praesertim</span> <span class='ocrx_word' id='word_1_299' title='bbox 1575 4390 1666 4436; x_wconf 87' lang='lat' dir='ltr'>ex</span> <span class='ocrx_word' id='word_1_300' title='bbox 1689 4372 1813 4452; x_wconf 91' lang='grc'>615,</span> <span class='ocrx_word' id='word_1_301' title='bbox 1842 4382 1987 4437; x_wconf 84' lang='grc'>13111</span> <span class='ocrx_word' id='word_1_302' title='bbox 2015 4373 2339 4454; x_wconf 88' lang='lat' dir='ltr'>provecti</span> <span class='ocrx_word' id='word_1_303' title='bbox 2368 4382 2594 4454; x_wconf 89' lang='lat' dir='ltr'>erant,</span> <span class='ocrx_word' id='word_1_304' title='bbox 2628 4382 2705 4437; x_wconf 91' lang='lat' dir='ltr'>ut</span> <span class='ocrx_word' id='word_1_305' title='bbox 2731 4392 2875 4437; x_wconf 92' lang='lat' dir='ltr'>non</span> <span class='ocrx_word' id='word_1_306' title='bbox 2906 4376 3135 4439; x_wconf 88' lang='lat' dir='ltr'>solum</span> 
     </span>
    </p>
   </div>
   <div class='ocr_carea' id='block_1_3' title="bbox 667 4475 3253 4573">
    <p class='ocr_par' dir='ltr' id='par_1_6' title="bbox 667 4475 3253 4573">
     <span class='ocr_line' id='line_1_38' title="bbox 667 4475 3253 4573; baseline 0.003 -35"><span class='ocrx_word' id='word_1_307' title='bbox 667 4475 761 4539; x_wconf 89' lang='lat' dir='ltr'>ad</span> <span class='ocrx_word' id='word_1_308' title='bbox 792 4477 1339 4541; x_wconf 89' lang='lat' dir='ltr'>aemulationem</span> <span class='ocrx_word' id='word_1_309' title='bbox 1366 4487 1702 4543; x_wconf 84' lang='lat' dir='ltr'>externos</span> <span class='ocrx_word' id='word_1_310' title='bbox 1739 4479 1866 4543; x_wconf 92' lang='lat' dir='ltr'>sed</span> <span class='ocrx_word' id='word_1_311' title='bbox 1908 4480 2122 4543; x_wconf 82' lang='lat' dir='ltr'>etiam</span> <span class='ocrx_word' id='word_1_312' title='bbox 2159 4481 2250 4544; x_wconf 87' lang='lat' dir='ltr'>ad</span> <span class='ocrx_word' id='word_1_313' title='bbox 2290 4479 2833 4545; x_wconf 87' lang='lat' dir='ltr'>admirationem</span> <span class='ocrx_word' id='word_1_314' title='bbox 2874 4482 3138 4545; x_wconf 85' lang='lat' dir='ltr'>excita·</span> <span class='ocrx_word' id='word_1_315' title='bbox 3243 4562 3253 4573; x_wconf 28' lang='lat'>⁵</span> 
     </span>
    </p>
   </div>
   <div class='ocr_carea' id='block_1_4' title="bbox 663 4586 3140 4777">
    <p class='ocr_par' dir='ltr' id='par_1_7' title="bbox 663 4586 3140 4777">
     <span class='ocr_line' id='line_1_39' title="bbox 666 4586 3140 4670; baseline 0.004 -25"><span class='ocrx_word' id='word_1_316' title='bbox 666 4591 847 4662; x_wconf 91' lang='lat' dir='ltr'>rent,</span> <span class='ocrx_word' id='word_1_317' title='bbox 895 4602 1056 4648; x_wconf 91' lang='lat' dir='ltr'>cum</span> <span class='ocrx_word' id='word_1_318' title='bbox 1098 4587 1523 4666; x_wconf 90' lang='lat' dir='ltr'>praesertim</span> <span class='ocrx_word' id='word_1_319' title='bbox 1569 4587 1726 4667; x_wconf 92' lang='lat' dir='ltr'>ipso</span> <span class='ocrx_word' id='word_1_320' title='bbox 1769 4586 1843 4650; x_wconf 94' lang='lat' dir='ltr'>in</span> <span class='ocrx_word' id='word_1_321' title='bbox 1883 4586 2061 4651; x_wconf 87' lang='lat' dir='ltr'>festo</span> <span class='ocrx_word' id='word_1_322' title='bbox 2100 4587 2189 4651; x_wconf 92' lang='lat' dir='ltr'>D.</span> <span class='ocrx_word' id='word_1_323' title='bbox 2230 4587 2509 4653; x_wconf 90' lang='lat' dir='ltr'>Nicolai</span> <span class='ocrx_word' id='word_1_324' title='bbox 2546 4589 2620 4652; x_wconf 90' lang='lat' dir='ltr'>in</span> <span class='ocrx_word' id='word_1_325' title='bbox 2661 4587 2813 4670; x_wconf 88' lang='lat' dir='ltr'>ejus</span> <span class='ocrx_word' id='word_1_326' title='bbox 2852 4589 3140 4657; x_wconf 88' lang='lat' dir='ltr'>laudem</span> 
     </span>
     <span class='ocr_line' id='line_1_40' title="bbox 663 4688 3140 4777; baseline 0.003 -26"><span class='ocrx_word' id='word_1_327' title='bbox 663 4688 1012 4769; x_wconf 89' lang='lat' dir='ltr'>quasdam</span> <span class='ocrx_word' id='word_1_328' title='bbox 1044 4691 1221 4756; x_wconf 90' lang='lat' dir='ltr'>odas</span> <span class='ocrx_word' id='word_1_329' title='bbox 1252 4692 1343 4756; x_wconf 90' lang='lat' dir='ltr'>ad</span> <span class='ocrx_word' id='word_1_330' title='bbox 1373 4692 1907 4773; x_wconf 90' lang='lat' dir='ltr'>pindaricarum</span> <span class='ocrx_word' id='word_1_331' title='bbox 1944 4696 2308 4776; x_wconf 86' lang='lat' dir='ltr'>exemplar</span> <span class='ocrx_word' id='word_1_332' title='bbox 2337 4694 2703 4759; x_wconf 84' lang='lat' dir='ltr'>confectas</span> <span class='ocrx_word' id='word_1_333' title='bbox 2730 4713 2863 4777; x_wconf 91' lang='lat' dir='ltr'>pro</span> <span class='ocrx_word' id='word_1_334' title='bbox 2892 4696 3140 4777; x_wconf 87' lang='lat' dir='ltr'>templi</span> 
     </span>
    </p>
   </div>
  </div>
 </body>
</html>
