3679 5414
669 481 789 541 476
1604 478 1860 539 Canon.
1903 478 2056 538 Soc·
2097 479 2236 552 Jsss.

678 626 1022 689 Venetias
1053 611 1389 702 venisset,
1422 634 1490 687 et
1521 625 1971 688 Cardinalem
2002 624 2502 703 Augustanum
2534 641 2618 684 ac
2648 622 2998 701 Legatum
3025 621 3152 683 Im-

679 733 1032 813 peratoris
1063 731 1271 794 officii
1310 732 1545 810 gratia
1580 731 1920 794 inviseret
1961 739 2028 792 et
2066 730 2251 792 hanc
2296 728 2805 808 profectionem
2844 746 3007 790 cum
3052 729 3153 791 eis

669 839 1067 917 conferret,
1102 856 1539 918 magnopere
1576 838 1674 900 illi
1715 838 2223 900 dissuaserunt.
2270 836 2474 899 Unde
2516 835 2786 898 Doctor
2828 834 3145 910 OlaviuS,

680 947 804 1026 qui
836 946 1044 1009 officii
1073 947 1311 1025 gratia
1341 955 1410 1008 et
1439 955 1515 1008 ut
1543 944 1752 1007 fidem
1780 961 1986 1007 suam
2026 944 2356 1006 liberaret
2397 960 2480 1005 eo
2521 942 2875 1022 proficisci
2911 942 3146 1005 decre-

684 1063 910 1132 verat,
940 1055 1195 1115 horum
1217 1063 1364 1115 tam
1385 1053 1718 1131 gravium
1736 1052 2059 1114 virorum
2089 1049 2511 1113 auctoritate
2536 1058 2790 1126 motuS‚
2812 1049 2930 1129 qui
2954 1050 3147 1112 time·

659 1160 846 1224 ‘bant
875 1179 963 1223 ne
1002 1160 1443 1222 dissuaderet
1481 1160 1706 1222 nostri
1745 1158 2045 1221 instituti
2084 1157 2608 1237 susceptionem
2645 1156 2721 1219 P.
2768 1155 3017 1219 Petrus
3061 1158 3147 1219 de

671 1266 867 1340 Sot0‚
894 1286 1036 1330 non
1059 1267 1353 1330 ulterius
1375 1283 1799 1346 progressus
1822 1275 1953 1345 est3
1978 1265 2103 1328 sed
2127 1265 2380 1327 litteris
2404 1281 2529 1343 per
2550 1263 2889 1326 famulum
2912 1282 3143 1343 quem·

663 1375 834 1437 dam
872 1374 962 1437 ad
993 1392 1154 1436 eum
1182 1374 1620 1437 transmissis
1643 1390 1805 1435 eum
1833 1372 2174 1435 salutavit
2206 1381 2273 1434 et
2313 1372 2529 1434 animi
2559 1372 2667 1433 sui
2706 1372 3148 1451 propositum

669 1481 767 1544 de
798 1480 1179 1544 Societatis
1208 1490 1495 1543 nostrae
1526 1481 1853 1559 ingressu
1885 1480 2181 1559 aperuit.
2210 1479 2330 1542 Ille
2360 1497 2555 1556 vem,
2583 1489 2660 1541 ut
2690 1479 2982 1541 decebat
3005 1496 3147 1541 ser·
3182 1517 3183 1520 =

677 1607 849 1651 vum
878 1588 1014 1651 Dei
1044 1598 1190 1651 tam
1218 1606 1517 1667 gravem
1549 1605 1632 1650 ac
1662 1588 2097 1666 religiosum,
2133 1587 2569 1649 collaudavit
2608 1597 2683 1648 ut
2713 1595 3038 1649 sanctum
3077 1597 3145 1649 et

675 1696 941 1758 bonum
971 1695 1305 1759 Doctoris
1336 1695 1571 1758 Olavii
1600 1694 2042 1775 propositum
2064 1703 2134 1756 et
2163 1695 2236 1756 in
2266 1712 2349 1756 eo
2380 1693 2530 1773 ejus
2556 1694 2866 1755 animum
2896 1693 3143 1756 confir—

675 1804 925 1866 mavit.
961 1804 1201 1883 Itaque
1239 1803 1614 1865 Patavium
1644 1801 1897 1864 doctor
1939 1801 2146 1864 rediit
2177 1810 2246 1863 et
2284 1817 2546 1879 magno
2596 1817 2757 1862 cum
2797 1800 3144 1864 desiderio

673 1928 752 1972 se
779 1911 1220 1973 obedientiae
1245 1918 1536 1973 sanctae
1552 1908 2009 1972 submittendi
2043 1908 2341 1971 Romam
2364 1908 2493 1970 sub
2526 1909 2846 1970 autumni
2868 1908 3143 1970 initium

671 2019 888 2097 venit,
918 2035 1078 2080 cum
1101 2017 1536 2080 Florentiam
1558 2033 1779 2095 usque
1803 2015 1880 2077 P.
1907 2016 2196 2095 Laynez
2219 2023 2405 2077 esset
2429 2014 2828 2076 comitatus,
2856 2014 3143 2094 Laynez

674 2134 912 2186 tamen
943 2142 1084 2187 non
1114 2124 1309 2204 prius
1352 2123 1787 2186 Florentiam
1815 2139 2070 2184 versus
2110 2122 2245 2185 iter
2281 2122 2593 2200 suscepit
2638 2138 2850 2200 quam
2889 2121 3143 2184 Bassa-

671 2249 844 2294 num
866 2241 935 2295 et
962 2232 1377 2295 Tridentum
1408 2249 1483 2294 se
1514 2230 1868 2293 conferret
1902 2228 1944 2288 ¹.

799 2338 931 2401 141.
1021 2338 1257 2402 Causa
1308 2356 1436 2400 cur
1483 2338 1879 2401 Bassanum
1930 2336 2141 2399 iverit
2178 2337 2356 2399 haec
2406 2334 2559 2412 fuit,
2616 2336 2801 2414 quod
2852 2336 3138 2415 quidam

674 2446 833 2524 pius
863 2446 1223 2524 sacerdos,
1268 2444 1549 2524 Gaspar
1580 2443 1939 2523 Gropillus
1977 2443 2282 2519 nomine,
2327 2442 2448 2522 qui
2486 2444 2719 2505 locum
2763 2444 3137 2522 quemdam

658 2562 1122 2615 extramuros
1160 2552 1484 2632 Bassani,
1519 2552 1694 2614 satis
1723 2568 2099 2614 amoenum
2131 2559 2199 2613 et
2223 2551 2314 2613 ad
2344 2550 3017 2629 contemplationem
3045 2568 3133 2612 ac

668 2660 1186 2723 recreationem
1239 2669 1482 2739 aptum
1534 2676 1695 2722 cum
1744 2658 2072 2737 ecclesia,
2121 2657 2460 2736 habebat,
2518 2657 2608 2720 ad
2655 2674 2868 2736 quarn
2920 2657 3133 2737 aliqui

659 2767 1065 2829 confratres
1105 2767 1426 2846 corporis
1466 2766 1868 2845 castigandi
1908 2766 2146 2844 gratia
2200 2774 2267 2828 et
2299 2765 2641 2827 orationis
2680 2765 2923 2827 venire
2962 2767 3132 2828 sole·

663 2873 855 2951 bant,
889 2875 1126 2936 locum
1153 2875 1349 2937 illum
1377 2874 1452 2937 P.
1479 2874 1748 2957 Jacobo
1778 2874 2067 2953 Laynez
2098 2873 2188 2935 ad
2211 2870 2595 2936 Societatis
2624 2889 2830 2935 usum
2861 2873 3129 2947 obtulit,

653 2989 754 3057 -et,
790 2999 864 3043 re
914 2999 1074 3043 cum
1114 2980 1187 3044 P.
1234 2982 1509 3061 Ignatio
1544 2981 1803 3043 collata
1843 2989 1912 3042 et
1956 2980 2043 3041 ab
2085 2980 2333 3042 eodem
2374 2979 2694 3058 probata,
2723 2978 3135 3058 judicabant

662 3088 872 3150 amici
924 3089 1439 3166 Bassanenses,
1496 3089 1614 3168 qui
1656 3104 1899 3150 omnes
1934 3088 2005 3149 in
2044 3084 2424 3149 Societatis
2461 3103 2669 3148 usum
2698 3086 2851 3149 dari
2900 3087 3130 3149 locum

660 3196 857 3258 illum
888 3196 1444 3273 consentiebant,
1473 3205 1547 3258 ut
1572 3195 1827 3275 aliquis
1858 3195 1943 3257 de
1972 3193 2325 3257 Societate
2349 3193 2440 3254 ad
2468 3193 2988 3273 possessionem
3018 3211 3129 3256 ca-

657 3302 993 3381 piendam
1033 3321 1109 3365 se
1148 3320 1232 3365 eo
1265 3303 1652 3380 conferret;
1696 3312 1764 3364 et
1797 3302 1896 3364 ita
1940 3318 2099 3364 cum
2124 3299 2271 3380 jam
2310 3302 2487 3363 satis
2528 3300 2898 3363 commode
2940 3302 3124 3363 vale·

659 3417 785 3487 ret,
834 3418 902 3471 et
943 3410 1207 3488 aliquot
1247 3410 1626 3472 conciones
1666 3409 1928 3471 habere
1975 3408 2255 3470 Patavii
2298 3408 2679 3487 coepisset,
2731 3407 3124 3471 Bassanum

655 3515 1050 3595 profectuS‚
1090 3516 1276 3596 quod
1317 3516 1574 3595 viginti
1613 3525 1918 3596 quatuor
1948 3515 2362 3577 milliaribus
2403 3514 2703 3577 Patavio
2733 3513 2977 3589 distat,
3012 3514 3125 3577 de-

647 3622 842 3685 cima
875 3632 1128 3703 quarta
1169 3622 1480 3701 Augusti
1508 3624 1855 3702 pervenit,
1891 3622 2009 3684 ubi
2048 3622 2368 3701 sequenti
2408 3621 2543 3697 die,
2580 3621 2696 3701 qui
2730 3621 3125 3709 dominicus

642 3738 829 3808 erat,
858 3740 927 3792 et
951 3730 1312 3809 postridie,
1342 3747 1478 3810 quo
1502 3729 1759 3793 festum
1791 3728 2325 3807 Assumptionis
2357 3728 2434 3790 B.
2468 3727 2788 3805 Virginis
2817 3728 3123 3790 celebra·

649 3835 884 3915 batur,
929 3845 1201 3915 quater,
1245 3837 1505 3916 partim
1545 3837 1826 3915 populO,
1870 3835 2131 3915 partim
2169 3835 2620 3897 monasteriis
2661 3835 3122 3897 concionatus

642 3951 780 4005 est.
824 3943 1047 4022 Tune,
1098 3943 1413 4006 adhibito
1454 3943 1758 4019 notario,
1795 3942 2193 4021 applicatus
2225 3950 2330 4004 est
2370 3942 2572 4003 locus
2606 3942 2718 4003 ille
2756 3940 3114 4015 societati,

729 4149 746 4180 ¹
805 4147 1074 4202 Polancus,
1101 4160 1166 4191 ex
1185 4161 1315 4192 com.
1331 4181 1344 4199 ,
1363 4148 1572 4192 Doctori
1596 4148 1817 4192 Martino
1843 4146 2034 4201 Olave,
2056 4158 2242 4192 causas
2265 4148 2475 4201 exponit
2497 4148 2680 4201 quibus
2701 4155 2866 4191 motus
2887 4147 3119 4201 Ignatius

630 4231 757 4263 ·eum
779 4225 835 4263 ut
857 4219 1074 4263 Romam
1094 4222 1469 4275 quamprimum
1489 4233 1544 4264 se
1565 4220 1799 4264 conferat
1821 4220 2081 4271 hortatur,
2118 4219 2172 4262 20
2206 4218 2506 4272 Februarii;
2544 4219 2677 4263 idem
2706 4219 2975 4272 Alphonso
2998 4218 3114 4263 Sal-

644 4293 839 4335 meroni
860 4299 915 4334 ut
936 4292 1213 4337 Martinam
1235 4293 1397 4336 Olave
1430 4293 1481 4335 in
1516 4294 1646 4335 bono
1680 4292 1836 4336 animi
1871 4292 2133 4346 proposito
2164 4291 2431 4334 confirmet
2461 4291 2798 4344 horteturque
2819 4297 2875 4333 ut
2896 4290 3114 4335 Romam

644 4363 847 4417 venian
871 4375 967 4407 non
990 4371 1163 4407 tamen
1184 4366 1388 4417 aperiat
1409 4364 1505 4407 hoc
1528 4365 1623 4408 sibi
1646 4365 1893 4418 scriptum
1919 4364 2300 4418 injunctumque
2324 4363 2505 4415 fuisse,
2531 4363 2710 4407 eadem
2732 4363 2838 4415 die;
2865 4362 2997 4405 idem
3019 4362 3116 4405 Do·

629 4436 772 4479 <tori
793 4435 1016 4479 Mat-tino
1039 4435 1218 4489 Olave,
1248 4438 1522 4490 gratulans
1551 4437 1612 4479 de
1635 4437 1698 4480 iis
1718 4448 1849 4490 quae
1870 4448 1986 4480 cum
2022 4435 2178 4479 Petro
2211 4436 2273 4478 de
2307 4434 2432 4478 Soto
2468 4446 2559 4489 per
2591 4435 2795 4478 litteras
2829 4439 3013 4487 egerat
3059 4442 3115 4477 ut

639 4507 920 4561 amicitiae,
942 4519 1073 4561 quae
1096 4508 1229 4551 inter
1250 4509 1388 4562 ipsos
1409 4516 1504 4561 est,
1526 4509 1874 4560 satisfaceret,
1895 4508 1950 4551 28
1967 4507 2120 4560 Junii;
2144 4508 2309 4551 eidem
2330 4507 2562 4561 Ignatius
2583 4517 2698 4549 eum
2719 4507 2769 4549 in
2792 4505 3111 4549 Societatem

635 4579 922 4622 admittens
942 4585 993 4622 et
1015 4586 1072 4623 ut
1096 4580 1309 4623 Romam
1328 4586 1445 4634 post
1466 4580 1698 4623 aestivos
1719 4581 1923 4623 calores
1956 4591 2011 4623 se
2046 4579 2278 4623 conferat
2312 4580 2596 4633 injungenti,
2635 4578 2662 4621 2
2694 4577 2832 4630 Julii;
2857 4576 3118 4620 Polaticus

640 4648 856 4694 Doctori
877 4651 1153 4704 Astudillo,
1178 4652 1238 4694 de
1261 4652 1485 4695 Doctore
1507 4651 1730 4694 Mat-tino
1751 4651 1812 4694 de
1836 4650 2000 4694 Olave
2018 4652 2070 4694 in
2092 4650 2409 4695 Societatem
2440 4650 2690 4701 admisso,
2713 4655 2771 4692 ut
2802 4649 2914 4702 ejus
2945 4660 3113 4692 exem-

631 4723 783 4775 :plum
803 4723 1064 4766 Astudillo
1085 4730 1349 4777 sequatur,
1371 4723 1424 4766 23
1442 4723 1561 4775 Julii
1584 4729 1635 4765 et
1657 4723 1709 4765 27
1729 4723 1968 4775 Augusti.
