3679 5414
673 444 785 503 506
1608 441 1864 499 Canos.
1906 439 2064 498 Soc.
2105 441 2245 512 Jsss.

675 589 746 652 id
777 590 1006 651 solum
1026 638 1040 666 ,
1074 588 1198 650 sed
1228 588 1410 650 alios
1446 587 1660 650 etiam
1681 636 1695 664 ,
1730 586 1849 667 qui
1878 586 2240 649 infamiam
2272 587 2457 649 hanc
2496 587 2963 666 spargebant,
2997 587 3137 649 adi·

675 698 844 760 bant
864 705 932 758 et
951 695 1324 758 veritatem
1346 695 1448 757 eis
1471 694 1894 774 objiciebant
1917 705 1985 756 et
1998 693 2090 756 ad
2112 693 2347 757 famae
2362 693 2878 756 restitutionem
2903 694 3138 757 stimu-

676 804 938 865 labant.
972 803 1076 865 Eo
1105 802 1588 882 experimento
1612 801 1864 863 edocta
1888 800 2019 863 fuit
2042 799 2366 863 Societas
2397 799 2587 879 quod
2616 818 2755 862 non
2787 800 2878 862 ad
2906 800 3135 863 aedifi·

675 910 1029 973 cationem
1057 910 1406 988 pertineat
1448 908 1634 971 idem
1672 909 2011 988 templum
2052 925 2216 970 cum
2247 907 2731 979 saecularibus
2770 925 3139 970 commune

675 1017 960 1097 habere,
993 1034 1082 1079 ne
1111 1016 1204 1077 ab
1234 1016 1390 1079 aliis
1421 1033 1601 1096 quae
1630 1032 2008 1095 perperam
2036 999 2410 1094 geruntur,
2444 1015 2709 1077 nostris
2740 1015 3142 1077 adscriban-

673 1133 811 1187 tur.
845 1124 1052 1186 Hunc
1082 1134 1321 1186 tamen
1352 1124 1612 1186 falsum
1640 1124 1765 1186 sed
1807 1123 2287 1202 perniciosum
2324 1139 2686 1185 rumorem
2726 1122 2930 1185 facile
2960 1124 3139 1185 veri-

678 1240 788 1294 tas
821 1232 975 1310 ipsa
1006 1231 1395 1311 prostravit
1424 1239 1492 1293 et
1522 1230 1847 1293 extinxit.

797 1337 938 1401 223.
1026 1338 1407 1401 Adhibitus
1463 1348 1570 1401 est
1621 1337 1836 1401 etiam
1886 1347 2246 1401 corrector
2300 1338 2598 1416 schoIiS,
2654 1338 2837 1418 quod
2889 1339 3142 1418 ubique

677 1444 753 1508 Ρ.
788 1445 1129 1525 IgnatiuS,
1162 1445 1396 1524 quoad
1425 1445 1575 1525 ejus
1605 1444 1753 1507 fieri
1784 1454 2098 1524 poterat,
2134 1446 2397 1508 nostris
2426 1446 2496 1508 in
2525 1446 2788 1509 scholis
2817 1445 3136 1508 curabat.

676 1552 860 1632 Quia
890 1552 1104 1615 etiam
1136 1552 1411 1632 aliquos
1439 1551 1742 1614 Romam
1773 1551 2171 1631 venienteS,
2205 1569 2366 1615 cum
2397 1553 2530 1616 sibi
2560 1553 2766 1616 utiles
2794 1552 2944 1615 fore
2976 1569 3140 1614 con-

669 1659 1059 1739 jectabant,
1093 1676 1310 1739 penes
1340 1676 1415 1721 se
1446 1659 1867 1737 retinebant,
1901 1658 1988 1720 de
2012 1658 2434 1738 quibusdam
2456 1660 2669 1722 etiam
2693 1658 3145 1722 admittendis

681 1766 755 1829 in
783 1765 1213 1830 Societatem
1241 1783 1497 1845 parum
1528 1774 1822 1828 exactas
1854 1765 2391 1829 informationes
2418 1765 2720 1829 Romam
2748 1765 3138 1842 mittebant,

681 1873 983 1953 injunxit
1012 1872 1087 1935 P.
1124 1873 1476 1952 IgnatiuS,
1509 1891 1598 1935 ne
1629 1889 1838 1952 quem
1870 1870 2273 1951 hujusmodi
2305 1874 2457 1936 sine
2484 1872 2820 1935 facultate
2850 1880 3143 1951 accepta

678 1981 1065 2054 retinerent
1094 1981 1163 2042 et
1192 1988 1268 2042 ut
1299 1997 1570 2058 eorum,
1618 1980 1739 2059 qui
1782 1979 2060 2042 admitti
2087 1980 2367 2058 volunt,
2401 1978 2601 2042 dotes
2630 1978 3003 2058 diligenter
3033 1978 3143 2041 de·

682 2088 1105 2166 scriberent,
1139 2087 1375 2168 capita
1407 2087 1654 2165 etiam,
1692 2087 1785 2150 de
1825 2087 2079 2166 quibus
2117 2085 2519 2149 informatio
2563 2085 2935 2149 scribenda
2967 2094 3142 2160 erat,

681 2195 1101 2258 transmissa
1133 2205 1317 2258 sunt.

732 2284 742 2290 ’
804 2300 944 2364 224.
1032 2301 1108 2364 Ρ.
1143 2301 1472 2365 Andreas
1500 2310 1577 2363 ut
1606 2302 1881 2364 muneri
1911 2318 2039 2364 suo
2064 2301 2468 2380 diligentius
2492 2301 2956 2380 satisfaceret,
2984 2318 3149 2380 quo-

685 2407 854 2470 tidie
882 2426 1006 2488 per
1046 2409 1299 2471 horam'
1334 2426 1552 2472 unam
1590 2409 2008 2472 concionem
2050 2409 2141 2471 ad
2178 2408 2437 2471 fratres
2476 2418 2760 2471 nostros
2796 2408 3149 2487 privatam

685 2515 1022 2594 habebat,
1058 2515 1305 2578 diebus
1344 2524 1580 2579 autem
1623 2515 1823 2579 festis
1860 2533 1988 2595 per
2027 2515 2206 2578 duas
2244 2516 2483 2579 horas,
2532 2515 2875 2593 Quamvis
2915 2523 3147 2577 autem

684 2619 838 2701 ejus
882 2622 1082 2685 labor
1131 2622 1444 2685 moribus
1482 2623 1949 2702 quorumdam
1985 2641 2145 2701 ,non
2190 2640 2444 2703 parum
2494 2622 2935 2700 contulisset,
2986 2621 3149 2701 quia

694 2729 945 2796 studiis
975 2730 1552 2809 impedimentum
1585 2730 1948 2794 adferebat
1972 2739 2041 2794 et
2061 2748 2178 2793 res
2199 2740 2353 2794 erat
2374 2730 2447 2793 in
2469 2729 2821 2794 Societate
2845 2728 3145 2803 insolita,

688 2836 1216 2916 praescribente
1249 2837 1318 2899 id
1345 2835 1420 2899 Ρ.
1454 2838 1755 2916 Ignati0,
1790 2836 1882 2900 ad
1912 2855 2070 2901 eam
2101 2838 2658 2901 moderationem
2681 2855 2795 2900 res
2819 2846 2924 2899 est
2953 2835 3153 2898 redu·

691 2953 805 3007 cta
835 2953 910 3006 ut
941 2944 1155 3006 semel
1187 2943 1482 3024 singulis
1505 2944 1969 3008 hebdomadis
1990 2944 2175 3007 hanc
2200 2944 2767 3007 exhortationem
2791 2943 3083 3005 haberet
3107 2940 3148 3004 ¹.

810 3050 949 3114 225.
1039 3050 1303 3115 Crebro
1351 3052 1577 3114 nostri
1624 3051 2083 3130 Prolegatum
2127 3053 2243 3114 vel
2294 3052 2744 3130 negotiorum
2782 3040 2900 3112 ‘vel
2948 3048 3151 3112 officii

692 3175 910 3221 causa
962 3158 1273 3237 adibant,
1330 3158 1447 3239 qui
1491 3175 1877 3221 memorem
1910 3175 2072 3235 ,esse
2115 3176 2191 3222 se
2234 3159 2757 3239 promissioniS,
2792 3174 3003 3237 quam
3033 3156 3153 3219 ali·

691 3265 973 3345 quando
1023 3264 1289 3329 fecerat
1340 3266 1426 3328 de
1477 3265 1793 3344 Collegio
1832 3236 2208 3329 societatis
2241 3264 2663 3346 applicando
2713 3264 3148 3328 ostendebat.

692 3372 875 3436 Nam
901 3373 1219 3436 fundatio
1248 3374 1368 3436 illa
1395 3372 1704 3436 familiae
1733 3372 2107 3437 Saulorum
2129 3371 2277 3452 jam
2305 3372 2636 3436 inchoata
2658 3372 2889 3435 fuerat
2914 3371 3003 3435 ad
3026 3369 3156 3435 Ca·

693 3480 1074 3559 rignanum
1104 3481 1229 3559 (sic
1262 3489 1523 3543 Vocant
1551 3480 1763 3543 situm
1792 3478 2189 3560 quemdam,
2217 3480 2479 3542 bonum
2502 3478 2784 3560 quidem
2806 3478 2930 3542 sed
2954 3496 2995 3541 a
3025 3478 3157 3542 fre·

697 3588 979 3668 quentia
1013 3588 1275 3650 civium
1304 3587 1714 3665 remotum),
1747 3604 1890 3649 non
1921 3594 2158 3650 tamen
2200 3604 2284 3649 eo
2324 3586 2619 3649 consilio
2661 3596 2738 3649 ut
2767 3585 3157 3665 Collegium

700 3692 1077 3758 Societatis
1142 3695 1659 3773 institueretur3
1706 3693 1831 3756 sed
1890 3692 2498 3773 Archiepiscopus
2558 3692 2985 3770 GenuensiS,
3040 3691 3158 3771 qui

698 3800 1121 3881 Prolegatus
1161 3810 1313 3864 erat
1345 3800 1730 3877 Bononiae,
1764 3816 1929 3862 cum
1971 3800 2469 3863 auctoritatem
2507 3817 2593 3863 ea
2627 3800 2696 3862 in
2748 3799 3045 3875 familia,
3085 3807 3158 3860 ut

699 3924 920 3970 senex
942 3918 1010 3970 et
1034 3907 1656 3987 ArchiepiscopuS,
1684 3907 2009 3985 haberet,
2038 3924 2215 3986 opus
2237 3906 2407 3968 illud
2438 3906 2511 3969 in
2532 3905 2908 3970 Societatis
2939 3904 3159 3969 Colle·

696 4014 896 4093 gium
925 4024 1342 4077 convertere
1385 4014 1771 4093 cogitabat.

820 4121 960 4184 226.
1053 4121 1594 4186 Confessionum
1630 4120 1905 4183 fructus
1942 4138 2082 4183 non
2123 4120 2529 4200 poenitendi
2566 4119 3157 4200 percipiebantur;

702 4228 884 4290 inter
914 4246 1090 4308 quos
1121 4229 1356 4309 aliqua
1384 4228 1736 4291 restitutio
1774 4226 2019 4307 magni
2056 4227 2390 4290 momenti
2418 4225 2549 4289 fuit
2579 4235 2647 4288 et
2686 4225 2963 4306 aliquae
3000 4242 3161 4287 con-

699 4334 989 4399 cordiae
1018 4336 1201 4399 inter
1231 4336 1650 4398 dissidentes
1681 4335 1919 4397 initae.
1955 4333 2134 4397 Cum
2164 4342 2400 4397 autem
2421 4335 2633 4413 paulo
2655 4342 2816 4413 post
2838 4333 2977 4395 alio
3004 4332 3165 4393 mis-

788 4615 804 4645 ¹
865 4615 1120 4658 Polancus
1137 4648 1147 4667 ,
1171 4625 1238 4657 ex
1258 4626 1416 4667 com.1
1436 4614 1680 4658 Andreae
1713 4612 2053 4663 Gali-aneno,
2078 4622 2137 4654 ne
2161 4608 2280 4663 quid
2310 4610 2429 4655 novi
2460 4610 2667 4653 inducat
2718 4611 2981 4654 nconsulto
3010 4608 3179 4653 Fran·-

705 4683 844 4727 cisco
866 4684 1060 4729 Palmio
1082 4691 1132 4728 et
1157 4686 1290 4735 aliis,
1313 4688 1360 4728 ll
1394 4685 1547 4738 Junii.
