3679 5414
1689 451 1819 512 ΑΝ.
1865 450 1999 510 1551
2973 441 3082 503 293

609 625 770 672 rum
799 606 1135 671 Societati
1163 604 1332 687 Jesu
1360 604 1817 683 largiebatur.
1853 600 2224 679 Reliquum
2253 607 2408 660 erat
2447 606 2523 659 ut
2560 594 2865 659 Senatus
2893 594 3075 674 pari-

608 715 887 790 siensis,
915 731 1043 794 pro
1066 729 1263 776 more
1288 730 1373 775 ac
1395 711 1670 791 legibus
1699 708 1903 788 regni
1926 707 2222 785 Galliae,
2248 704 2597 769 indultum
2616 702 2753 766 hoc
2782 704 3070 781 legeret,

604 832 675 887 et
715 824 786 885 in
829 822 1213 899 registrum
1249 821 1365 883 vel
1405 820 1696 882 annales
1733 815 2125 895 redigeret3
2158 813 2419 893 alioqui
2450 811 2746 892 quaevis
2776 810 3069 885 indulta,

604 931 745 994 nisi
776 930 865 992 ab
896 930 1034 992 hoc
1063 927 1328 992 Senatu
1352 918 1752 1007 judicentur
1790 942 1828 986 e
1868 941 1946 986 re
1975 922 2258 1002 publica
2285 919 2679 983 Galliarum
2709 935 2894 994 esse,
2930 934 3072 978 non

612 1019 1082 1100 admittuntur
1108 1034 1148 1099 ¹.

720 1143 861 1205 258.
950 1142 1129 1206 Cum
1152 1158 1324 1221 ergo
1347 1140 1798 1222 privilegium
1820 1138 2185 1201 obtentum
2207 1136 2297 1198 ad
2317 1134 2656 1198 Senatum
2677 1140 2862 1194 esset
2890 1131 3064 1193 rela-

598 1260 781 1331 tum,
836 1251 1137 1314 daemon
1185 1250 1407 1312 variis
1456 1249 1685 1311 modis
1735 1246 2099 1325 negotium
2148 1244 2282 1306 hoc
2331 1242 2745 1322 perturbare
2803 1238 3058 1317 coepit,

600 1359 837 1421 multis
867 1376 956 1421 ex
999 1358 1442 1420 senatoribus
1479 1353 1973 1436 persuadendo
2005 1353 2117 1415 vel
2156 1349 2578 1429 religionum
2621 1356 2896 1411 tantum
2938 1363 3058 1407 nu·

597 1483 869 1528 merum
899 1482 1056 1528 esse
1085 1464 1550 1543 superfluum,
1593 1465 1709 1526 vel
1737 1462 2005 1524 nullum
2033 1458 2479 1523 commodum
2517 1475 2607 1519 ex
2645 1455 2780 1517 hac
2827 1452 3055 1517 Socie-

596 1581 739 1636 tate
769 1573 860 1635 ad
889 1572 1163 1635 Galliae
1192 1589 1492 1650 regnum
1513 1587 1668 1633 esse
1698 1577 2214 1645 emanaturum,
2242 1584 2422 1646 quae
2451 1582 2596 1626 non
2625 1571 2772 1625 tam
2800 1561 2892 1625 ad
2922 1562 3057 1624 hoc

593 1697 811 1761 quam
839 1679 929 1742 ad
959 1690 1293 1742 externas
1321 1679 1645 1742 nationes
1676 1676 1995 1740 instituta
2018 1692 2175 1738 esse
2198 1674 2583 1750 videretur3
2607 1689 2740 1734 nec
2764 1671 3056 1733 deerant

595 1787 847 1867 quibus
871 1787 1229 1849 videretur
1252 1804 1395 1849 non
1419 1787 1602 1848 hanc
1625 1794 1901 1848 tantum
1929 1782 2357 1846 Societatem
2382 1796 2636 1841 verum
2662 1779 2843 1841 alios
2874 1777 3053 1840 ordi·

595 1912 723 1958 nes
750 1895 837 1958 de
867 1895 1096 1958 medio
1128 1894 1475 1957 tollendos
1496 1911 1675 1973 esse3
1700 1911 1868 1956 nam
1891 1908 2241 1954 venenum
2264 1887 2580 1952 haeresis
2608 1887 2866 1949 multos
2888 1884 3053 1946 infe·

593 2003 809 2081 cisse,
843 2011 913 2064 et
939 2002 1122 2065 inter
1164 2002 1340 2065 alios
1377 2003 1591 2065 etiam
1627 2009 1997 2063 senatores
2035 2015 2179 2061 non
2208 2013 2498 2077 paucOS,
2532 1995 2921 2072 dicebatur,
2954 1992 3053 2055 ita

594 2118 669 2171 ut
721 2111 1199 2190 compluribus
1235 2109 1383 2190 jam
1434 2109 1869 2173 concertatio
1919 2107 2281 2171 subeunda
2323 2113 2529 2183 esset,
2576 2121 2707 2167 nec
2749 2102 3053 2181 exiguus

596 2218 1082 2280 molestiarum
1111 2227 1421 2296 torrenS,
1457 2227 1839 2296 antequam
1869 2217 2003 2279 hoc
2033 2214 2400 2293 negotium
2429 2213 2916 2291 conficeretur,
2956 2210 3048 2273 fe·

591 2325 875 2388 renduS.
910 2325 1108 2405 Quae
1137 2325 1373 2388 omnia
1401 2326 1628 2388 nostri
1657 2325 1748 2388 ad
1779 2324 2268 2403 probationem
2304 2321 2464 2386 fidei
2492 2330 2561 2384 et
2598 2320 2979 2400 patientiae
3006 2335 3050 2380 a

593 2432 897 2495 Domino
928 2434 1235 2513 permitti
1266 2434 1671 2511 credebant,
1699 2442 1769 2495 et
1793 2431 2229 2496 orationibus
2257 2429 2629 2494 Societatis
2659 2446 2904 2492 omnes
2926 2426 3047 2491 dif-

586 2539 937 2603 ficultates
965 2541 1404 2620 superandas
1433 2559 1586 2603 esse
1618 2541 2020 2620 sperabant.

710 2646 852 2711 259.
939 2648 1444 2712 Benevolentia
1484 2648 1765 2729 quidem
1804 2649 2184 2712 multorum
2222 2665 2396 2728 erga
2435 2645 2863 2712 Societatem
2908 2665 3047 2712 ma·

588 2772 733 2834 gna
782 2765 964 2836 erat,
1020 2765 1088 2819 et
1137 2766 1419 2836 praeter
1469 2757 1922 2820 Cardinalem
1962 2756 2531 2837 Lotharingium,
2577 2766 3049 2836 protectorem

591 2860 999 2941 Societatis,
1044 2862 1460 2944 Bajonensis
1509 2865 1722 2927 etiam
1764 2864 2157 2945 Episcopus
2196 2865 2267 2927 in
2307 2865 2425 2926 illo
2464 2865 2839 2944 privilegio
2879 2865 3048 2928 obti-

587 2970 818 3033 nendo
869 2979 937 3033 et
986 2972 1197 3034 rebus
1246 2970 1623 3036 Societatis
1672 2972 2126 3036 defendendis
2178 2972 2682 3035 amicissimum
2731 2989 2807 3034 se
2857 2972 3048 3035 exhi·

586 3077 758 3140 buit.
812 3077 1407 3141 Claramontanus
1458 3080 1672 3142 etiam
1724 3080 2020 3142 antistes
2069 3097 2272 3143 suam
2319 3096 2494 3158 erga
2544 3089 2827 3142 nostros
2865 3079 3046 3158 pari·

585 3183 856 3247 sienses
888 3186 1452 3249 benevolentiam
1480 3187 1861 3265 retinebat,
1909 3195 1978 3250 et
2007 3204 2168 3250 cum
2197 3186 2273 3249 P.
2308 3186 2716 3249 Everardus
2749 3186 3046 3249 Romam

587 3291 892 3372 veniret,
954 3292 1226 3357 litteras
1283 3294 1374 3357 ad
1433 3293 1508 3357 P.
1570 3295 1925 3374 Ignatium
1983 3295 2080 3357 illi
2135 3294 2364 3372 dedit,
2431 3295 2681 3374 quibus
2736 3294 3047 3358 studium

585 3398 807 3462 animi
842 3400 950 3462 sui
990 3399 1079 3462 ad
1118 3401 1656 3464 instaurandam
1703 3410 2108 3464 nostrorum
2147 3418 2365 3481 opera
2408 3401 2873 3464 Academiam
2910 3400 3042 3464 Bil-

584 3506 972 3569 lomensem
1001 3507 1449 3586 significavit.
1492 3503 1867 3570 Billomum
1906 3509 2160 3571 civitas
2189 3517 2296 3571 est
2324 3508 2766 3587 Auverniae,
2802 3507 3040 3571 Clara-

581 3622 918 3676 montano
948 3614 1300 3695 Episcopo
1329 3615 1400 3678 in
1429 3617 1936 3695 temporalibus
1975 3625 2044 3678 et
2082 3616 2563 3696 spiritualibus
2603 3616 2903 3679 subdita.
2952 3615 3040 3678 Et

585 3729 660 3782 ut
688 3721 921 3801 magis
949 3738 1099 3784 rem
1131 3730 1352 3785 totam
1381 3723 1809 3802 declararet,
1852 3723 2081 3786 eidem
2122 3722 2488 3786 Everardo
2535 3723 2914 3801 commisit,
2963 3731 3037 3785 ut

577 3825 652 3888 P.
707 3825 1059 3905 Ignatium
1107 3830 1484 3893 certiorem
1519 3830 1845 3893 redderet
1882 3832 2064 3893 velle
2102 3849 2178 3893 se
2216 3829 2502 3893 domum
2545 3830 2805 3893 ibidem
2846 3830 3033 3893 insti·

576 3943 808 4013 tuere,
843 3944 912 3998 et
943 3937 1216 4017 aliquos
1245 3955 1333 4000 ex
1362 3935 1696 4001 fratribus
1735 3937 2000 4000 nostris
2030 3940 2252 4015 alere,
2286 3938 2468 4000 sicut
2496 3946 2564 4000 et
2596 3937 2755 4000 aliis
2784 3936 3033 4000 litteris

573 4040 798 4120 pridie
826 4042 1168 4106 kalendas
1195 4044 1362 4126 Julii
1393 4045 1843 4124 promiserat,
1879 4054 1948 4108 et
1978 4044 2263 4108 eosdem
2304 4044 2561 4108 fratres
2604 4046 3025 4125 postulabat,

571 4148 796 4213 donec
826 4150 982 4230 ipsa
1011 4151 1181 4213 urbs
1210 4150 1524 4230 Collegio
1556 4152 1815 4215 ibidem
1858 4153 2287 4216 instituendo
2330 4153 2418 4216 de
2454 4153 2668 4216 rebus
2705 4170 3025 4216 necessa-

646 4489 663 4522 ¹
721 4488 958 4544 1gnatius
978 4490 1376 4539 Claramontano
1396 4495 1649 4551 Episcopo
1669 4504 1854 4568 narrat
1882 4510 2012 4553 quae
2044 4498 2236 4544 Romae
2264 4500 2428 4554 gessit
2457 4512 2619 4555 nuper
2650 4500 2764 4546 Dux
2786 4502 3018 4549 Gandiae

563 4566 616 4603 et
637 4566 694 4604 ut
713 4568 982 4608 strenuum
1001 4575 1054 4607 se
1077 4564 1352 4610 Societatis
1371 4568 1626 4612 fautorem
1650 4569 1862 4615 Parisiis
1884 4572 2131 4616 exhibeat
2151 4578 2293 4627 orat,
2328 4573 2379 4616 10
2397 4574 2648 4627 januarii.
2680 4574 2882 4619 Similes
2901 4578 3019 4622 mis-

561 4642 652 4676 sae
672 4640 792 4677 sunt
815 4636 1022 4679 litterae
1044 4638 1224 4681 eadem
1243 4639 1322 4682 die
1347 4638 1610 4685 Cardinali
1631 4642 2000 4700 Lotharingio,
2022 4646 2102 4690 cui
2125 4644 2284 4690 etiam
2307 4646 2368 4690 de
2397 4647 2459 4690 iis
2487 4648 2695 4702 scripsit
2726 4647 3019 4699 cardinalis

562 4701 780 4749 Musteus
794 4706 847 4749 in
866 4709 1361 4754 commendationem
1380 4711 1660 4758 Societatis
1672 4747 1683 4768 ,
1705 4721 1757 4758 et
1778 4715 2012 4761 Gandiae
2028 4718 2162 4763 Dux.
