3679 5414
775 490 844 548 8⁴
1700 489 1953 549 Canon.
1998 489 2152 548 Soc.
2195 489 2335 561 Jsss.

775 653 952 714 quas
1009 634 1348 697 lectiones
1391 635 1579 698 dorni
1623 636 1968 713 magister
2012 634 2360 709 ErarduS,
2408 635 2937 698 exercitationis
2981 637 3245 714 gratia,

775 741 1109 805 fratribus
1138 743 1590 821 praelegebat
1626 741 1665 804 ¹.

901 849 1033 911 194.
1121 849 1299 913 Cum
1329 850 1868 912 sacramentalis
1897 848 2250 911 confessio
2283 848 2408 912 vix
2446 850 2661 913 semel
2703 849 3002 928 singulis
3033 849 3240 912 annis

773 967 843 1019 et
874 955 1253 1021 admodum
1282 956 1699 1019 festinanter
1738 956 1937 1035 prius
1977 955 2204 1033 fieret,
2248 973 2332 1018 eo
2373 973 2491 1018 res
2527 956 2838 1019 redierat
2876 966 2954 1019 ut
2996 966 3067 1019 et
3107 956 3241 1019 fre-

772 1071 1066 1141 quenter
1095 1071 1163 1125 et
1193 1062 1566 1142 diligenter
1594 1071 1740 1125 tam
1772 1062 2125 1124 confessio
2157 1079 2370 1141 quam
2412 1079 2621 1125 sacra
2661 1062 3062 1126 communio
3092 1079 3239 1126 non

769 1171 999 1233 solum
1046 1188 1089 1232 a
1141 1171 1474 1235 studiosis
1514 1169 2078 1233 adolescentibus
2117 1169 2243 1231 sed
2280 1187 2322 1231 a
2366 1169 2566 1232 laicis
2610 1170 2825 1233 etiam
2873 1172 3239 1250 utriusque

769 1295 981 1340 sexus
1011 1278 1488 1340 celebraretur
1518 1286 1587 1339 et
1617 1276 1901 1356 quidem
1931 1294 2093 1339 cum
2122 1293 2383 1355 magna
2420 1277 2662 1357 populi
2690 1278 3079 1357 spectantis
3121 1296 3237 1342 sa·

768 1385 1190 1449 tisfactione.

892 1493 1025 1555 195.
1113 1492 1227 1556 Ad
1256 1492 1445 1555 aliud
1475 1491 1985 1555 monasterium
2016 1492 2428 1556 monialium
2455 1501 2736 1571 praeter
2760 1492 2952 1571 illud,
2982 1493 3069 1555 de
3094 1510 3243 1573 quo

766 1600 963 1680 prius
990 1599 1252 1663 mentio
1280 1599 1473 1662 facta
1502 1608 1630 1678 est,
1664 1598 2133 1662 concionandi
2164 1600 2399 1678 gratia
2423 1600 2745 1661 accessit.
2775 1598 3084 1679 Quidam
3105 1617 3235 1679 per

745 1714 1224 1787 ’peccatorum
1252 1706 1767 1769 confessionem
1797 1724 1841 1768 a
1869 1705 2175 1785 pessimo
2199 1706 2544 1769 daemone
2568 1705 2702 1768 Dei
2724 1707 2960 1786 gratia
2985 1706 3227 1770 libera·

770 1823 885 1876 tus
914 1813 1063 1876 fuit.
1099 1813 1459 1877 Exercitia
1488 1813 1883 1893 spiritualia
1915 1830 2175 1891 magno
2211 1828 2370 1875 curn
2402 1812 2640 1875 fructu
2672 1822 2740 1875 et
2773 1814 3110 1892 lacrymis
3144 1814 3239 1876 ab

770 1920 1118 2000 aliquibus
1157 1928 1492 1999 suscepta
1531 1919 1833 1982 fuerunt.
1878 1919 2231 1997 Egregius
2268 1918 2483 1981 etiam
2523 1919 2812 2000 quidam
2855 1937 2940 1982 ac
2983 1920 3237 1983 nobilis

768 2028 1180 2091 adolescens
1240 2026 1664 2089 coloniensis
1682 2075 1696 2104 ,
1765 2025 2050 2106 optimis
2101 2025 2411 2088 moribus
2465 2026 2861 2106 praeditus,
2923 2026 3224 2090 aliorum

767 2135 1092 2214 exemplo
1124 2141 1550 2212 commotus,
1587 2132 1979 2213 postposito
2022 2132 2505 2211 matrimoniO,
2548 2133 2881 2210 religioso
2922 2132 3227 2197 Societa—

766 2241 858 2303 tis
886 2249 1173 2304 nostrae
1205 2240 1524 2303 instituto
1550 2258 1625 2303 se
1651 2240 1944 2303 addixit.
1972 2239 2105 2322 Hic
2129 2249 2235 2302 est
2258 2239 2598 2317 magister
2618 2239 2933 2321 Joannes
2955 2238 3225 2319 RetiuS,

768 2348 887 2427 qui
916 2347 1377 2410 Aristotelem
1405 2346 1478 2409 in
1501 2347 1762 2409 scholis
1782 2345 2157 2427 juvenibus
2179 2346 2632 2425 praelegebat
2657 2356 2726 2409 et
2749 2348 2988 2428 aliqua
3012 2347 3228 2411 etiam

766 2472 857 2516 ex
885 2453 1250 2528 Cicerone,
1286 2464 1362 2516 ut
1392 2454 1668 2534 aliquos
1707 2452 1797 2515 ad
1838 2453 2100 2516 Christi
2132 2450 2381 2532 jugum
2413 2453 2853 2517 subeundum
2889 2454 3225 2517 alliceret.

764 2559 1183 2623 Nostrorum
1214 2568 1448 2623 autem
1479 2560 1827 2640 colloquia
1858 2561 2113 2622 multos
2143 2561 2321 2622 alios
2360 2559 2744 2637 studiOSOS,
2779 2577 2947 2623 suos
2994 2561 3225 2624 condi-

765 2667 1092 2747 scipuIOS,
1129 2666 1217 2729 ad
1249 2667 1514 2747 optima
1544 2684 1864 2749 quaeque
1894 2666 2432 2747 permovebant,
2462 2683 2554 2730 ex
2574 2667 2826 2748 quibus
2848 2685 2992 2732 non
3014 2669 3225 2749 pauci

762 2775 852 2837 ad
882 2773 1259 2837 Societatis
1286 2774 1685 2838 institutum
1714 2774 2196 2854 adspirabant.

887 2881 1020 2944 196.
1107 2882 1299 2945 Loco
1330 2882 1640 2960 illorum,
1675 2899 1852 2963 quos
1883 2880 2182 2945 Romam
2211 2881 2606 2960 dimiserat,
2640 2882 2769 2944 sub
2810 2893 3225 2946 autumnum

759 2988 1051 3051 totidem
1079 2987 1227 3051 fere
1250 2989 1427 3051 alios
1449 2987 1755 3067 admisit;
1782 2983 1967 3051 inter
1990 3006 2112 3051 eos
2135 2998 2395 3066 autem,
2424 2988 2541 3069 qui
2563 2988 2698 3050 hoc
2716 3006 2904 3052 anno
2924 2989 3226 3054 Romam

757 3104 1127 3170 venerunt,
1160 3106 1446 3175 praeter
1477 3095 1896 3175 magistrum
1927 3094 2308 3174 Erardum‚
2340 3093 2471 3158 fuit
2500 3094 2847 3174 Magister
2876 3096 3235 3161 Martinus-

755 3202 1266 3267 Stevordianus
1297 3220 1381 3265 ac
1413 3202 1830 3266 Theodorus
1860 3200 2219 3266 PeltanuS.

881 3309 1012 3373 197.
1101 3309 1466 3389 Quaedam
1517 3318 1843 3372 matrona
1894 3309 2151 3372 obnixe
2200 3309 2485 3389 rogavit
2527 3308 2601 3372 P.
2644 3311 3098 3375 Leonardum
3140 3322 3216 3374 ut

754 3415 971 3479 filium
1000 3434 1227 3494 suum,
1262 3417 1380 3497 qui
1407 3433 1536 3495 per
1567 3433 1797 3479 annos
1825 3414 1975 3477 fere
2007 3416 2183 3478 duos
2212 3416 2507 3478 insanus
2530 3416 2783 3496 fuerat,
2810 3416 2899 3479 ad
2924 3416 3074 3479 dies
3099 3419 3219 3481 ali-

755 3531 923 3601 quot
951 3520 1140 3584 domi
1168 3531 1455 3585 nostrae
1484 3539 1641 3586 esse
1671 3522 2135 3602 permitteret;
2170 3521 2360 3601 quod
2391 3538 2552 3585 cum
2592 3522 3070 3602 impetrasset,
3113 3523 3217 3603 ju-

755 3627 956 3690 venis
984 3628 1074 3690 ab
1102 3645 1187 3690 eo
1216 3638 1533 3709 tempore
1561 3628 1814 3708 melius
1844 3628 2106 3690 habere
2139 3628 2392 3707 coepit.

880 3732 1012 3797 198.
1101 3734 1443 3813 Quamvis
1471 3735 1672 3798 multi
1701 3735 1850 3798 suis
1887 3735 2219 3814 expensis
2260 3736 2451 3815 apud
2493 3734 2568 3798 P.
2613 3735 3058 3799 Leonardum
3095 3735 3216 3799 ha-

754 3842 979 3904 bitare
1009 3851 1367 3922 cuperent,
1402 3842 1561 3905 illos
1589 3852 1829 3905 tamen
1858 3843 2047 3905 solos
2078 3841 2531 3921 admittebat,
2565 3843 2683 3923 qui
2724 3843 2815 3906 ad
2843 3842 3217 3907 Societatis

755 3948 1151 4011 institutum
1180 3947 1414 4011 idonei
1442 3965 1597 4011 esse
1626 3948 2076 4012 videbantur.

881 4055 1013 4117 199.
1101 4054 1278 4118 Cum
1332 4055 1650 4134 domum,
1697 4072 1910 4135 quam
1957 4055 2447 4119 inhabitabant
2485 4056 3018 4137 conductitiam,
3067 4057 3220 4139 ejus

756 4162 1080 4225 dominus
1109 4161 1503 4225 inhabitare
1540 4163 1783 4240 vellet,
1836 4162 1908 4224 in
1950 4163 2163 4224 aliam
2216 4180 2396 4243 quae
2441 4163 2865 4228 Abbatissae
2897 4165 3215 4229 canonis·

753 4285 993 4331 sarum
1016 4266 1245 4331 Divae
1269 4268 1566 4332 Ursulae
1591 4278 1767 4346 erat,
1791 4286 1933 4330 non
1957 4268 2188 4331 minus
2210 4269 2676 4346 commodam,
2700 4272 3209 4351 migraverunt.

870 4374 1010 4437 200.
1099 4374 1397 4438 Lovanii
1428 4374 1502 4437 P.
1531 4374 1892 4438 Adrianus
1915 4391 2076 4438 curn
2100 4376 2347 4455 paucis
2371 4379 2816 4454 versabatur;
2843 4396 3005 4441 cum
3028 4379 3215 4442 enim

725 4526 751 4557 ⁸
829 4579 845 4611 ¹
905 4577 1172 4630 Polaticus,
1196 4588 1261 4620 ex
1282 4578 1675 4630 commissione,
1696 4576 1968 4622 Leonardo
2008 4578 2205 4631 Kessel,
2240 4579 2302 4622 de
2338 4578 2449 4632 ejus
2481 4579 2798 4634 ministeriis,
2828 4583 2997 4632 sociis,
3019 4588 3137 4638 etc„
3160 4591 3211 4627 et

747 4648 1012 4694 desideriis
1034 4650 1269 4691 veniendi
1292 4647 1522 4700 Romam,
1547 4649 1566 4691 1
1593 4650 1843 4703 Anguem
1864 4650 2029 4693 eidem
2060 4651 2121 4694 de
2152 4650 2416 4694 duodecim
2451 4650 2662 4694 Colonia
2698 4652 2915 4697 Romam
2943 4655 3128 4708 missis,
3161 4653 3211 4698 14

746 4721 1000 4765 Octobris.
