3679 5414
1605 422 1734 481 ΑΝ.
1778 422 1914 481 1551
2090 440 2095 445 ·
2887 420 2989 480 281

528 571 912 635 Abbatissa
943 569 1270 644 vocabat,
1305 568 1771 648 eumdemque
1802 566 2156 646 audiebat,
2181 574 2250 629 et
2272 566 2344 629 in
2368 566 2638 646 coeptis
2661 566 2995 629 alacriter

527 678 894 760 pergebat.
1273 690 1278 695 ·
2186 681 2191 686 “

541 820 546 823 -
647 783 787 847 235.
874 783 953 846 In
971 781 1533 846 confessionibus
1554 780 1927 845 audiendis
1949 789 2100 844 toto
2119 796 2361 843 mense
2376 779 2767 844 Februario
2788 780 3001 843 valde

527 891 660 955 fuit
689 898 1110 971 occupatuS,
1143 890 1308 953 licet
1337 906 1637 970 corpore
1668 888 1919 952 debilis
1948 897 2135 951 esset
2159 905 2173 967 3
2215 904 2381 951 nam
2411 886 2503 949 ad
2531 887 2688 969 pios
2717 887 2998 951 labores

530 997 860 1062 ferendos
910 996 1047 1060 Dei
1085 996 1322 1077 gratia
1353 996 1847 1059 roborabatur.
1883 995 2071 1059 Inter
2102 995 2281 1057 alios
2310 994 2752 1075 poenitentes
2791 1011 3001 1074 quae·

532 1104 698 1168 dam
740 1104 1079 1167 meretrix
1118 1122 1208 1167 ex
1257 1111 1407 1166 toto
1458 1102 1673 1166 corde
1712 1102 1804 1165 ad
1845 1100 2206 1164 Christum
2243 1117 2592 1164 conversa
2633 1108 2775 1180 est,
2818 1116 3004 1180 quae

532 1211 769 1275 multis
808 1228 969 1274 cum
1007 1211 1347 1291 lacrymis
1384 1217 1635 1291 postea
1671 1207 2051 1272 confitendi
2098 1208 2335 1288 gratia
2383 1225 2596 1287 saepe
2645 1207 2873 1270 rediit.
2924 1207 3004 1272 In

533 1335 918 1399 progressu
948 1317 1117 1379 anni
1147 1316 1628 1380 confitentium
1655 1333 1991 1379 numerus
2022 1315 2434 1395 augebatur,
2470 1331 2555 1376 ac
2584 1314 3007 1395 praesertim

534 1424 1046 1502 studiosorum,
1082 1423 1205 1504 qui
1234 1422 1324 1486 ad
1355 1423 1570 1487 aedes
1598 1421 1674 1485 P.
1707 1422 2067 1486 Leonardi
2094 1423 2211 1484 vel
2242 1420 2649 1501 confitendi,
2685 1421 2800 1484 vel
2844 1438 3005 1483 con-

534 1531 768 1595 silium
802 1531 1149 1612 capiendi,
1185 1531 1297 1593 vel
1327 1529 1494 1593 boni
1522 1528 1785 1610 aliquid
1816 1527 2147 1592 audiendi
2174 1528 2438 1608 gratia,
2484 1528 2904 1609 praesertim
2932 1526 3005 1589 in

534 1637 1106 1720 quadragesima,
1139 1636 1232 1700 ad
1261 1653 1423 1709 eum
1451 1636 1916 1699 ventitabant.
1951 1633 2095 1698 Sub
2125 1633 2399 1698 Pascha
2423 1652 2596 1697 vero
2621 1634 2742 1697 diu
2763 1642 3006 1697 noctu·

538 1763 672 1826 que
701 1744 1262 1808 confessionibus
1293 1743 1662 1807 audiendis
1686 1743 2019 1805 vacabat.
2045 1741 2223 1807 Cum
2246 1751 2488 1805 autem
2509 1741 2739 1821 Aprili
2766 1759 3009 1806 mense

536 1862 824 1934 propter
854 1851 1174 1932 corporis
1207 1850 1760 1914 imbecillitatem
1791 1867 1834 1911 a
1866 1848 2338 1913 concionandi
2365 1850 2612 1913 labore
2639 1849 3009 1930 impedire-

537 1970 675 2039 tur,
718 1959 909 2022 domi
944 1958 1403 2022 nihilominus
1440 1957 1678 2021 multis
1728 1956 2294 2020 confessionibus
2343 1956 2712 2020 audiendis
2758 1965 2826 2019 et
2863 1957 3007 2036 qui-

537 2067 838 2130 busdam
867 2083 1114 2130 earum
1141 2065 1592 2146 generalibus
1622 2063 1832 2127 valde
1862 2073 2250 2143 occupatus
2288 2064 2451 2143 fuit3
2493 2073 2562 2127 et
2598 2063 2810 2126 valde
2849 2081 3011 2127 eum

537 2173 1036 2237 consolabatur
1066 2173 1259 2235 vitae
1288 2173 1520 2235 malae
1543 2171 1742 2251 prius
1772 2179 1976 2234 actae
2008 2171 2080 2233 in
2124 2171 2383 2233 bonam
2423 2171 2754 2250 mutatio,
2798 2187 3014 2250 quam

538 2280 612 2343 in
641 2279 1062 2360 quibusdam
1092 2288 1429 2359 expertus
1454 2286 1580 2341 est.
1609 2276 1754 2341 Sub
1775 2277 1988 2340 finem
2009 2277 2223 2340 etiam
2254 2278 2423 2340 anni
2450 2277 2671 2357 multi,
2699 2278 2820 2357 qui
2847 2286 3016 2341 ante

538 2388 883 2467 plurimos
911 2404 1139 2450 annos
1162 2385 1473 2449 confessi
1492 2403 1636 2448 non
1656 2384 1966 2463 fuerant,
1994 2384 2087 2447 ad
2111 2385 2342 2465 ipsum
2365 2384 2831 2448 confessionis
2850 2401 3011 2465 gra-

538 2495 641 2557 tia
683 2503 1174 2573 accesserunt;
1216 2502 1286 2556 et
1324 2493 1543 2573 aliqui
1581 2491 1990 2556 sacerdotes
2029 2500 2099 2555 et
2135 2492 2588 2555 monasteriis
2626 2493 3016 2573 praepositi

537 2601 770 2682 ipsum
797 2600 1017 2681 domi,
1052 2609 1347 2680 accepta
1380 2599 1843 2663 instructione
1874 2608 2164 2680 propter
2193 2616 2407 2679 quam
2435 2608 2813 2679 venerant,
2848 2616 3009 2663 con·

539 2711 892 2788 sulebant,
928 2710 1179 2790 quibus
1207 2726 1336 2790 per
1363 2706 1501 2771 Dei
1530 2709 1843 2787 gratiam
1873 2707 1976 2770 sic
2007 2706 2428 2786 satisfiebat,
2462 2716 2542 2771 ut
2579 2725 2742 2771 cum
2781 2709 3019 2788 quiete

540 2828 609 2884 et
637 2815 900 2899 gaudio
932 2817 1021 2879 ab
1053 2831 1137 2879 eo
1166 2814 1620 2894 recederent;
1658 2815 1948 2907 quidam
1985 2814 2312 2894 studiosi,
2359 2814 2451 2877 ad
2489 2813 2756 2878 Christi
2793 2815 3017 2878 consi·

541 2927 638 2989 lia
677 2921 1113 3004 capessenda
1162 2921 1580 2985 inflammati
1599 2969 1613 3001 ,
1668 2921 1760 2984 ad
1800 2922 2298 2985 carthusianos
2340 2921 2554 2983 etiam
2593 2938 2669 2984 se
2712 2923 3017 2984 contule·

541 3041 736 3110 runt;
774 3030 988 3110 aliqui
1017 3030 1139 3110 qui
1169 3030 1430 3109 viginti
1459 3038 1528 3092 et
1557 3029 1851 3109 triginta
1883 3029 2087 3092 annis
2118 3047 2160 3092 a
2193 3028 2638 3092 confessione
2668 3027 3017 3091 abstinue-

543 3147 727 3218 rant,
760 3138 986 3200 vitam
1013 3136 1303 3200 omnino
1334 3136 1695 3217 corrigere
1727 3144 2149 3199 statuerunt.

661 3243 802 3308 236.
893 3242 1121 3324 Saepe
1165 3243 1256 3306 ad
1297 3243 1613 3306 infirmos
1643 3241 1718 3306 P.
1752 3241 2168 3306 Leonardus
2196 3242 2613 3321 vocabatur,
2648 3243 2768 3322 qui
2799 3242 3023 3323 ipsius

541 3351 889 3431 adventu,
921 3359 1082 3433 post
1122 3350 1644 3414 confessionem
1682 3350 1979 3429 factam,
2011 3350 2266 3414 melius
2309 3349 2570 3413 habere
2609 3358 3017 3430 coeperunt;

543 3459 815 3523 obsessi
844 3459 1061 3522 etiam
1090 3475 1134 3521 a
1163 3457 1539 3537 daemone,
1572 3466 1649 3521 ut
1676 3457 2062 3542 ferebatur,
2107 3474 2268 3520 cum
2308 3458 2411 3520 eis
2461 3455 2747 3536 aderat,
2790 3456 3018 3520 suble·

542 3568 809 3630 variae
834 3565 1085 3629 melius
1106 3564 1370 3628 habere
1394 3565 1842 3644 videbantur;
1877 3565 2165 3645 quidam
2194 3572 2563 3627 matronae
2586 3563 3021 3627 coloniensis

544 3674 761 3753 filius,
817 3674 938 3753 qui
983 3673 1250 3752 aliquot
1289 3689 1519 3736 annos
1557 3690 1691 3736 usu
1735 3673 2039 3735 rationis
2076 3672 2402 3751 privatus
2445 3670 2707 3750 fuerat,
2750 3679 2820 3734 et
2858 3688 3018 3734 cum

544 3781 735 3845 domi
763 3789 1053 3843 nostrae
1081 3779 1331 3843 fuisset
1361 3780 1626 3859 aliquot
1671 3780 1824 3843 dies
1861 3797 2047 3843 anno
2086 3779 2409 3860 proxime
2448 3779 2721 3859 elaps0,
2771 3778 3023 3842 melius

545 3888 806 3951 habere
838 3897 1172 3968 coeperat
1192 3936 1207 3966 ,
1240 3887 1377 3951 hoc
1407 3904 1595 3950 anno
1624 3903 1749 3967 per
1779 3886 1917 3950 Dei
1945 3887 2257 3967 gratiam
2297 3887 2587 3949 sanitati
2628 3878 2886 3949 mentis
2915 3896 3021 3949 est

543 3995 937 4074 restitutus,
968 4003 1037 4058 et
1061 3994 1151 4057 ad
1174 3995 1499 4057 crebram
1522 3993 2040 4057 confessionem
2064 4003 2134 4056 et
2157 3994 2745 4073 communionem,
2779 3994 3018 4073 singu-

544 4103 631 4166 lis
660 4103 937 4166 scilicet
967 4101 1461 4180 hebdomadis,
1504 4118 1667 4164 cum
1695 4100 1854 4163 aliis
1882 4099 2220 4163 studiosis
2258 4100 2513 4164 devote
2557 4089 2953 4164 accedebat
2976 4099 3021 4142 ¹·

663 4208 806 4273 237.
894 4208 1195 4290 Aliquos
1212 4209 1509 4290 'quidem
1541 4207 1997 4273 adversarios
2025 4207 2405 4288 habebant,
2438 4208 2563 4271 sed
2592 4209 2832 4289 plures
2862 4225 3019 4289 pro·

543 4324 982 4397 pugnatores
1001 4365 1016 4395 ,
1064 4316 1185 4397 qui
1235 4315 1759 4379 detrahentium
1813 4331 1940 4377 ora
1992 4315 2471 4378 obstruebant.
2526 4313 2787 4379 Scribit
2837 4314 3022 4378 idem

546 4424 623 4488 P.
656 4423 1071 4486 Leonardus
1099 4422 1291 4503 quod
1319 4440 1409 4486 ex
1439 4431 1755 4503 tempore
1778 4470 1793 4501 ,
1828 4440 1966 4502 quo
1997 4421 2333 4487 Coloniae
2361 4423 2809 4500 versabatur,
2842 4438 3015 4483 nun-

628 4665 647 4700 ¹
706 4665 840 4709 Vide
859 4674 1033 4720 supra.
1057 4675 1190 4708 anuo
1209 4663 1330 4718 1550,
1355 4667 1474 4718 pag.
1495 4662 1563 4717 8⁴,
1586 4666 1720 4707 num.
1744 4663 1836 4708 197.
