3679 5414
1512 483 1636 540 Ax.
1684 483 1814 540 1551
2783 484 2880 541 221

423 626 731 690 thedrali
761 627 1096 705 ecclesia,
1140 636 1512 706 praesente
1550 573 1892 707 Pro-nege
1931 637 1999 689 et
2030 626 2283 707 Juratis
2328 629 2884 706 magistratibuS,

433 751 617 814 quae
649 734 733 796 de
765 733 1084 796 oratione
1114 733 1302 798 dicta
1333 743 1494 798 sunt
1519 734 2031 815 promulgavit,
2067 752 2311 797 omnes
2340 735 2433 797 ad
2459 746 2752 814 peccata
2785 754 2890 799 re·

423 842 802 920 linquendi
833 851 901 904 et
935 841 1481 920 confugiendum
1510 841 1601 904 ad
1641 842 2015 921 orationiS,
2053 843 2663 922 eleemosynarum
2700 853 2765 905 et
2792 842 2892 921 je-

418 947 780 1028 Juniorum
829 966 1030 1012 arma
1080 959 1187 1012 est
1238 949 1687 1028 exhortatuS,
1742 959 1810 1012 et
1861 937 2294 1029 magnopere
2333 948 2771 1012 auditoribus
2815 961 2886 1011 ct

424 1064 678 1132 gratus
706 1065 776 1117 et
805 1054 1161 1136 proficuus
1183 1055 1316 1119 fuit
1345 1055 1496 1135 ejus
1525 1057 1723 1119 labor
1759 1054 1798 1118 ¹.

554 1161 685 1225 123.
774 1162 851 1225 In
882 1163 1330 1226 monasteriis
1369 1163 1583 1226 etiam
1621 1163 1806 1226 idem
1846 1172 1914 1226 et
1952 1164 2071 1226 alii
2112 1164 2336 1227 nostri
2375 1164 2889 1226 concionaban-

424 1281 566 1332 tur.
618 1269 783 1362 Illae
816 1279 1052 1333 autem
1100 1287 1363 1349 magno
1403 1270 1634 1333 studio
1674 1271 1979 1333 orationi
2016 1272 2374 1333 vacabant
2412 1281 2502 1350 et,
2547 1288 2706 1333 cum
2748 1287 2889 1333 una

423 1377 606 1439 hora
629 1377 731 1440 eis
746 1386 934 1440 esset
948 1378 1296 1459 imposita,
1327 1378 1419 1440 ad
1434 1377 1613 1440 duas
1627 1377 2019 1441 orationem
2041 1378 2529 1441 extrahebant.
2557 1377 2631 1441 Si
2652 1386 2890 1440 tamen

423 1483 630 1547 laicis
661 1483 845 1565 quod
877 1485 949 1547 in
980 1485 1088 1547 his
1118 1486 1571 1548 monasteriis
1600 1485 2023 1548 Benedictus
2053 1486 2595 1549 concionaretur
2625 1486 2891 1548 innote-

422 1592 698 1670 scebat,
734 1609 819 1654 eo
850 1610 927 1654 se
957 1592 1047 1654 ad
1077 1592 1502 1655 audiendum
1542 1592 1749 1655 avide
1788 1591 2267 1655 conferebant.
2312 1592 2898 1674 Concionabatur

424 1698 641 1761 etiam
690 1699 880 1778 apud
929 1698 1017 1761 D.
1082 1699 1452 1762 Isabellam
1511 1698 1598 1761 de
1658 1700 1897 1778 Vega,
1961 1698 2321 1778 Pro-regis
2389 1699 2639 1777 filiam,
2710 1718 2894 1779 quae

425 1805 740 1868 omnium
768 1805 1204 1868 novitiorum
1232 1807 1608 1869 conciones
1646 1806 1893 1869 audire
1922 1806 2175 1884 voluit;
2222 1815 2293 1869 et
2333 1824 2546 1883 unuS,
2592 1807 2711 1886 qui
2755 1808 2892 1886 pri-

424 1929 584 1974 mus
611 1912 793 1975 inter
821 1929 946 1974 eos
975 1912 1390 1992 praedicare
1431 1912 1700 1991 debuit,
1742 1913 1848 1975 sic
1888 1912 1975 1975 de
2015 1913 2257 1975 mundi
2296 1922 2703 1993 contemptu
2748 1913 2884 1975 dis-

423 2019 665 2097 seruit,
700 2029 776 2082 ut
806 2036 946 2082 non
977 2036 1228 2099 parum
1256 2018 1621 2082 audientes
1651 2027 2158 2098 commoveret;
2192 2020 2454 2083 caeteri
2478 2020 2692 2082 etiam
2723 2031 2890 2082 sunt

423 2126 668 2203 secuti;
700 2127 819 2189 illa
842 2127 1053 2205 enim,
1086 2143 1267 2207 quae
1296 2127 1388 2189 ad
1401 2126 1907 2206 perfectionem
1935 2127 2462 2208 adspirantibus
2486 2127 2893 2206 praedicari

425 2234 677 2312 solent,
710 2233 842 2296 sibi
873 2243 941 2296 et
971 2235 1121 2296 suis
1150 2233 1549 2313 praedicari
1575 2234 1885 2313 volebat3
1917 2251 2048 2297 nec
2080 2235 2229 2297 sine
2253 2232 2487 2297 fructu
2508 2234 2793 2313 pietatis
2818 2234 2888 2296 id

425 2348 535 2401 est
574 2339 924 2404 effectum.

557 2447 690 2510 124.
778 2448 1069 2510 Praeter
1119 2448 1481 2511 orationes
1521 2446 1819 2510 Pro-rex
1870 2464 2151 2510 omnem
2191 2446 2564 2510 adhibebat
2603 2447 2888 2526 diligen-

427 2555 600 2617 tiam
645 2572 729 2617 ac
770 2553 1292 2635 providentiam
1329 2554 1404 2617 in
1445 2553 1756 2616 externis
1794 2554 2037 2633 rebuS,
2080 2563 2156 2616 ut
2205 2562 2350 2616 tam
2399 2552 2712 2616 Siciliam
2760 2554 2892 2616 sibi

425 2661 879 2726 commissam
907 2678 1120 2742 quam
1148 2659 1469 2724 Africam
1497 2660 1871 2741 praesidiis
1900 2677 1985 2723 ac
2024 2661 2233 2724 rebus
2276 2660 2431 2724 aliis
2469 2660 2898 2724 necessariis

426 2770 761 2848 muniret,
806 2787 967 2832 cum
1017 2750 1366 2831 incertum
1393 2778 1581 2832 esset
1618 2786 1756 2848 quo
1795 2768 2081 2831 tandem
2127 2769 2376 2832 classis
2414 2769 2685 2832 turcica
2725 2787 2892 2832 suos

423 2887 609 2941 esset
640 2886 940 2940 conatus
971 2893 1430 2939 conversura.
1476 2876 1648 2939 Erat
1686 2885 1923 2939 autem
1962 2885 2108 2939 tam
2146 2874 2478 2955 frequens
2527 2856 2888 2939 hominum

427 2983 821 3063 multitudo,
857 3001 1037 3063 quae
1061 2983 1150 3045 ad
1174 2983 1557 3046 conciones
1579 2984 1905 3063 magistri
1926 2983 2285 3046 Benedicti
2310 2983 2383 3046 in
2405 2986 2746 3064 templum
2770 3002 2894 3046 no·

427 3102 655 3155 strum
678 3091 1099 3170 confluebat,
1126 3101 1202 3155 ut
1226 3108 1366 3154 non
1380 3090 1754 3171 pauciores
1778 3090 2134 3168 recedere,
2155 3090 2340 3170 quod
2362 3091 2726 3169 ingressus
2750 3109 2892 3153 non

433 3207 727 3279 pateret,
756 3198 1180 3276 dicerentur,
1206 3214 1416 3277 quam
1441 3198 1559 3277 qui
1582 3197 1908 3260 eumdem
1929 3197 2328 3260 audiebant.
2354 3188 2657 3260 Feriatis
2678 3198 2896 3259 etiam

432 3306 677 3369 diebus
725 3305 913 3385 apud
963 3304 1341 3368 Dominam
1389 3305 1760 3368 Isabellam
1810 3304 2384 3383 concionabatur,
2439 3313 2508 3367 et
2556 3304 2898 3367 lectiones

436 3412 622 3476 vitae
653 3412 916 3476 Christi
944 3421 1104 3493 post
1132 3429 1490 3475 recessum
1519 3410 1594 3474 Ρ.
1629 3410 1905 3474 Natalis
1934 3420 2040 3473 est
2070 3420 2487 3491 prosecutus
2526 3429 2684 3474 cum
2731 3430 2890 3474 con·

433 3519 776 3582 solatione
798 3529 866 3583 et
889 3518 1284 3599 frequentia
1306 3535 1569 3598 magna
1593 3518 2016 3581 auditorum.
2038 3516 2116 3580 In
2140 3518 2659 3597 aegrotantium
2681 3519 2898 3582 etiam

432 3626 994 3690 confessionibus
1021 3635 1091 3690 et
1118 3644 1395 3705 eorum,
1440 3626 1558 3706 qui
1596 3626 1669 3688 in
1706 3624 2030 3688 custodia
2067 3625 2344 3705 publica
2382 3626 2889 3703 retinebantur,

433 3734 801 3815 perutilem
832 3751 1122 3815 operam
1150 3734 1375 3797 nostri
1409 3734 1791 3797 navabant.

560 3840 693 3903 125.
779 3840 1027 3905 Studia
1056 3858 1228 3904 vero
1252 3841 1645 3904 litterarum
1675 3849 1822 3903 tam
1846 3838 2220 3919 diligenter
2241 3838 2615 3903 Messanae
2637 3850 2894 3904 tracta-

433 3949 690 4011 bantur
717 3949 892 4012 utin
923 3948 1219 4027 Collegii
1244 3947 1522 4011 romani
1559 3963 1796 4026 usum,
1839 3947 1976 4010 hoc
2018 3964 2205 4009 anno
2245 3946 2590 4027 inchoati,
2632 3947 2893 4012 Rector

434 4054 584 4135 ejus
602 4105 616 4134 ,
650 4056 1053 4123 Bernardus
1083 4055 1466 4133 OliveriuS,
1500 4072 1626 4134 per
1654 4054 1928 4117 litteras
1956 4055 2419 4133 postulaverit
2450 4064 2525 4117 ut
2555 4054 2642 4117 de
2671 4073 2756 4118 ea
2785 4073 2898 4119 ra·

435 4163 645 4238 tione,
686 4180 898 4244 quam
939 4163 1006 4225 in
1045 4161 1529 4242 promovendo
1568 4163 1641 4224 i'n
1673 4160 1924 4224 litteris
1953 4177 2122 4223 suos
2152 4160 2617 4224 scholasticos
2655 4180 2893 4225 serva-

434 4271 633 4349 bant,
668 4270 930 4351 aliquid
970 4270 1311 4349 scriptum
1351 4269 1441 4332 ad
1480 4287 1557 4332 se
1596 4268 1980 4343 mitterent;
2027 4286 2238 4348 quam
2282 4269 2629 4331 rationem
2674 4268 2894 4347 Magi—

433 4389 577 4440 ster
607 4376 916 4440 Annibal
945 4377 1031 4440 de
1063 4376 1397 4440 Codretto
1427 4376 1563 4439 hac
1595 4376 1748 4455 ipsa
1777 4384 2051 4437 aestate
2080 4374 2379 4438 Romam
2410 4376 2620 4438 misit.

516 4584 530 4615 ¹
588 4583 824 4638 Ignatius
844 4583 1037 4636 Natali,
1057 4582 1107 4625 21
1132 4582 1427 4631 Februarii.
1452 4588 1506 4625 ut
1536 4580 1579 4624 si
1607 4592 1639 4624 a
1661 4580 1909 4633 Pro-rege
1932 4584 2166 4633 vocetur,
2197 4580 2261 4623 ad
2296 4580 2407 4635 ejus
2440 4582 2635 4625 curiam
2657 4592 2710 4624 se
2733 4582 2897 4650 confe-

436 4660 543 4709 rat;
577 4657 767 4707 eidem,
804 4667 865 4698 ne
902 4654 1182 4698 Antonium
1218 4652 1496 4696 Vinckium
1530 4652 1741 4696 Romam
1776 4652 1978 4705 mittat,
2014 4652 2058 4696 tl
2093 4650 2359 4696 Messanae
2394 4653 2461 4695 sit
2496 4653 2833 4705 necessarius,
2869 4654 2897 4695 7

434 4727 626 4773 Martii.
2869 4732 2874 4737 ¹
