3679 5414
1614 483 1746 542 AN.
1790 482 1932 543 1552
2177 484 2180 489 ’
2890 484 2999 542 709

528 629 774 692 dentia
804 628 1129 692 omnibus
1159 629 1629 693 aedificationi
1657 628 1808 708 fuit,
1835 638 1905 692 et
1928 629 2249 708 singulos
2270 627 2530 709 alloqui
2549 630 2811 693 fratres
2833 647 2995 694 con-

531 736 890 814 stituebat,
924 744 993 799 et
1023 753 1186 799 cum
1214 736 1480 800 eisdem
1510 737 1597 799 de
1626 754 1804 818 pace
1833 745 1904 800 et
1926 737 2308 800 concordia
2332 753 2570 816 agere.
2597 737 2732 800 Hic
2756 746 2994 801 tamen

529 852 781 922 statuS,
816 861 1026 923 quem
1052 843 1356 924 reliquit,
1387 862 1531 907 non
1560 844 1791 924 potuit
1820 845 1968 907 suis
1999 844 2465 907 incommodis
2488 861 2769 923 carere,
2803 845 2992 925 quod

530 967 609 1013 se
659 949 969 1030 experiri
1025 949 1302 1013 dicebat
1353 950 1429 1013 P.
1480 951 1842 1030 UrbanuS,
1890 950 2185 1031 Collegii
2236 950 2814 1030 Ulyssiponensis
2860 950 2989 1013 Re-

531 1067 686 1121 ctor
719 1055 762 1137 ',
795 1058 916 1138 qui
946 1057 1253 1138 aliquem
1276 1059 1538 1122 habere
1570 1059 1883 1138 optabat,
1918 1057 2007 1121 ad
2040 1076 2249 1138 quem
2273 1044 2407 1121 'sua
2438 1057 2648 1121 dubia
2671 1056 2990 1138 referret,

530 1174 625 1244 et,
656 1165 999 1228 redeunte
1028 1165 1103 1228 P.
1138 1165 1489 1229 Turriano
1513 1166 1586 1228 in
1610 1182 1813 1228 suam
1835 1165 2311 1245 provinciam,
2339 1165 2582 1228 ulcera
2605 1165 2895 1228 latentia
2919 1184 2995 1229 se

529 1272 831 1352 prodere
865 1272 1097 1353 magis
1127 1281 1337 1353 atque
1369 1273 1599 1352 magis
1631 1272 2084 1352 incipiebant;
2117 1289 2247 1334 nec
2272 1273 2521 1349 solum,
2565 1272 2686 1352 qui
2723 1273 3024 1349 dimissi,

529 1370 754 1457 erant,
790 1380 937 1442 suis
970 1379 1533 1443 oblocutionibus
1564 1379 1825 1451 bonum
1856 1380 2146 1442 odorem
2177 1377 2554 1442 Societatis
2595 1379 2992 1459 laedebant,

530 1485 655 1548 sed
699 1485 771 1549 in
814 1486 988 1565 ipsis
1032 1486 1349 1566 collegiis
1390 1486 1625 1549 socios
1667 1503 1744 1549 se
1787 1486 2049 1548 habere
2084 1483 2476 1564 jactabant,
2525 1503 2566 1549 a
2609 1486 2859 1566 quibus
2908 1487 2996 1551 de

530 1593 856 1657 omnibus
887 1593 1458 1671 admonerentur,
1491 1602 1560 1656 et
1604 1593 1792 1673 quod
1838 1593 2071 1656 nullus
2110 1592 2183 1655 in
2221 1590 2576 1657 Societate
2615 1610 2996 1658 mansurus

542 1710 720 1780 erat,
755 1709 824 1763 et
871 1701 1240 1780 oportebat
1276 1716 1608 1781 prorsus,
1649 1702 1912 1763 vellent
1940 1701 2240 1779 nollent,
2268 1708 2344 1763 ut
2373 1701 2992 1780 contradictiones

529 1825 709 1886 quas
739 1808 939 1889 prius
972 1809 1245 1887 experti
1277 1826 1417 1870 non
1449 1816 1675 1886 erant,
1711 1807 2225 1887 experirentur.

647 1913 789 1977 636.
877 1915 951 1977 P.
996 1914 1349 1977 Antonius
1390 1914 1744 1992 Brandon,
1789 1915 1910 1994 qui
1968 1913 2381 1994 designatus
2429 1914 2659 1977 suerat
2707 1925 2783 1978 ut
2833 1933 2992 1978 cum

527 2022 603 2084 Ρ.
638 2021 967 2085 Cornelio
998 2022 1070 2084 in
1097 2021 1441 2102 Magnum
1469 2019 1793 2100 Congum
1821 2038 1899 2082 se
1929 2020 2302 2099 conferret,
2337 2021 2504 2084 dum
2541 2020 2993 2085 Conimbrica

527 2128 847 2205 mittitur,
882 2146 924 2190 a
955 2126 1331 2204 Societate,
1361 2137 1437 2191 ut
1462 2127 1792 2206 diximuS,
1818 2127 2136 2190 recessit.
2162 2128 2238 2190 P.
2263 2127 2583 2191 Didacus
2602 2127 2846 2207 Viera,
2872 2131 2992 2209 qui

526 2235 999 2315 Ulyssiponae
1032 2252 1363 2315 magnam
1398 2235 1894 2298 auctoritatem
1925 2234 2230 2298 habebat
2273 2244 2342 2298 et
2379 2236 2720 2314 gratiam,
2762 2252 2988 2298 reces-

526 2343 638 2406 sit.
672 2343 883 2406 Pater
912 2344 1128 2406 etiam
1158 2342 1642 2423 Hieronymus
1666 2341 1985 2421 Mendez,
2013 2341 2130 2422 qui
2160 2343 2317 2422 plus
2337 2359 2549 2420 quam
2578 2350 2737 2405 octo
2765 2360 2991 2407 annos

525 2450 598 2512 in
629 2449 983 2514 Societate
1014 2450 1247 2513 fuerat
1275 2459 1343 2513 et
1376 2449 1897 2529 philosophiam
1927 2467 2012 2511 ac
2036 2448 2467 2528 theologiam
2497 2449 2590 2512 ibi
2620 2447 2987 2529 didicerat,

526 2567 595 2621 et
624 2558 834 2621 Pater
864 2559 1074 2621 Aires
1105 2558 1376 2636 Arana,
1410 2566 1478 2620 et
1508 2556 1901 2619 Rudericus
1930 2555 2287 2635 Brandon,
2320 2555 2394 2619 P.
2424 2555 2715 2620 Antonii
2746 2556 2986 2635 frater,

526 2674 596 2729 et
624 2665 714 2729 ab
745 2684 829 2730 eo
859 2665 1310 2744 sollicitatuS,
1358 2664 1477 2728 alii
1517 2664 1732 2729 etiam
1767 2681 1911 2727 non
1949 2663 2160 2745 pauci
2189 2672 2353 2727 sunt
2397 2681 2559 2728 eum
2600 2665 2986 2728 consecuti.

526 2773 831 2852 Quidam
860 2774 936 2837 P.
972 2773 1274 2837 Michael
1306 2772 1594 2851 GomeZ,
1629 2772 1747 2852 qui
1779 2772 1987 2835 datus
2025 2772 2254 2834 fuerat
2294 2790 2532 2835 comes
2575 2772 2650 2835 Ρ.
2691 2771 2985 2852 Simoni,

525 2898 616 2942 ex
658 2881 904 2944 itinere
942 2890 1281 2960 tanquam
1331 2880 1892 2944 valetudinarius
1941 2879 2181 2957 rediit,
2238 2879 2690 2959 Methymnae
2740 2880 2992 2961 Campi

524 2986 849 3050 eumdem
876 2987 953 3049 Ρ.
986 2986 1343 3051 Simonem
1374 2987 1801 3067 relinquenS,
1835 2995 1928 3064 et,
1965 3004 2124 3050 cum
2154 2986 2446 3066 triginta
2490 2986 2796 3065 quinque
2838 2987 2989 3050 dies

524 3093 997 3174 expendisset,
1021 3095 1111 3158 ad
1135 3093 1530 3173 Collegium
1554 3093 2130 3157 Conimbricense
2155 3093 2441 3156 tandem
2465 3093 2681 3168 venit;
2708 3102 2799 3172 et,
2826 3111 2987 3157 cum

525 3201 1037 3265 intellexissent
1068 3218 1227 3264 eum
1258 3201 1495 3281 aliqua
1518 3200 1804 3279 negotia
1828 3209 2179 3263 tractasse
2202 3199 2273 3261 in
2302 3199 2500 3262 curia
2522 3197 2761 3278 Regis,
2786 3195 2986 3279 prae-

524 3308 766 3371 sertim
798 3325 963 3372 cum
991 3305 1192 3371 Duce
1221 3306 1307 3370 de
1337 3306 1607 3370 Aveiro
1638 3317 1709 3370 et
1741 3307 1921 3385 aliiS,
1955 3316 2030 3370 ut
2074 3316 2407 3387 ageretur
2437 3306 2522 3368 de
2553 3306 2747 3368 socio
2785 3307 2985 3370 redu·

523 3415 749 3477 cendo
780 3432 943 3478 cum
972 3413 1201 3495 Rege,
1235 3424 1337 3494 et,
1379 3423 1455 3477 ut
1497 3414 2073 3493 suspicabantur,
2118 3414 2203 3477 de
2248 3411 2480 3476 officio
2520 3412 2748 3476 eidem
2785 3415 2984 3477 resti·

524 3521 820 3600 tuend0,
855 3522 1093 3602 aliqua
1134 3521 1758 3601 interrogaverunt
1809 3521 2033 3584 nostri
2074 3531 2453 3601 antequam
2483 3521 2553 3583 in
2593 3520 2986 3601 Collegium

522 3645 686 3692 eum
713 3629 1187 3708 admitterent;
1219 3628 1334 3691 ille
1365 3637 1604 3691 autem
1646 3636 2076 3708 conquestus
2115 3627 2302 3708 quod
2343 3636 2594 3691 contra
2635 3629 2983 3693 rationem

522 3753 661 3798 non
691 3736 1204 3815 admitteretur,
1237 3735 1564 3816 quodque
1592 3735 1729 3815 ipsi
1758 3734 2182 3813 diffiderent,
2217 3733 2496 3816 et'quae
2525 3752 2668 3798 non
2708 3746 2981 3816 oporte-

520 3843 640 3905 bat
667 3843 1212 3923 interrogarent,
1246 3861 1288 3905 a
1318 3841 1671 3906 Societate
1700 3842 2018 3905 recessit.

637 3949 778 4013 637.
868 3949 1425 4013 Admirabantur
1474 3950 1755 4012 interim
1804 3947 2125 4012 homines
2177 3949 2363 4029 quod
2406 3957 2553 4011 tam
2608 3949 2807 4012 multi
2853 3967 2983 4029 per

518 4057 722 4120 varia
750 4058 910 4120 loca
939 4065 1475 4137 spargerentur,
1510 4057 1650 4119 alio
1677 4056 1755 4118 P.
1788 4057 2043 4134 Miron,
2077 4056 2215 4118 alio
2243 4055 2318 4119 P.
2353 4055 2763 4120 Ludovicus
2793 4054 2977 4120 Gon·
3051 4061 3058 4066 ’

516 4166 732 4243 zalez,
767 4164 906 4227 alio
929 4164 1047 4226 alii
1069 4165 1538 4243 mitterentur,
1564 4181 1696 4226 nec
1721 4163 1888 4244 quid
1912 4162 2042 4227 sibi
2067 4164 2277 4226 vellet
2299 4163 2436 4225 hoc
2467 4163 2976 4242 intelligebant.

516 4270 848 4350 Negotia,
894 4287 1074 4351 quae
1114 4289 1275 4334 cum
1316 4269 1513 4349 Rege
1553 4269 1872 4349 expediri
1911 4269 2246 4349 perfacile
2295 4270 2821 4349 compendiaria
2857 4271 2978 4333 via

515 4377 868 4456 solebant,
906 4376 1054 4457 Jam
1098 4378 1189 4441 ad
1233 4377 1667 4440 ordinariam
1711 4376 2004 4439 reducta
2041 4376 2313 4440 tardius
2354 4377 2862 4456 procedebant,
2905 4386 2977 4440 et

513 4483 699 4547 forte
730 4485 896 4564 quia
927 4480 1305 4564 pecuniam
1336 4502 1379 4546 a
1400 4483 1596 4564 Rege
1618 4483 1931 4547 habitam
1955 4501 2094 4546 non
2118 4483 2297 4546 bene
2318 4483 2697 4564 aliquando
2720 4501 2979 4564 expen-

600 4721 616 4754 ⁸
677 4721 807 4765 Vide
831 4735 1005 4779 supra,
1029 4737 1072 4767 n.
1092 4726 1187 4766 6⁰2.
