<?xml version="1.0" encoding="UTF-8"?>
<!DOCTYPE html PUBLIC "-//W3C//DTD XHTML 1.0 Transitional//EN"
    "http://www.w3.org/TR/xhtml1/DTD/xhtml1-transitional.dtd">
<html xmlns="http://www.w3.org/1999/xhtml" xml:lang="en" lang="en">
 <head>
  <title>
</title>
<meta http-equiv="Content-Type" content="text/html;charset=utf-8" />
  <meta name='ocr-system' content='tesseract 3.04.00' />
  <meta name='ocr-capabilities' content='ocr_page ocr_carea ocr_par ocr_line ocrx_word'/>
</head>
<body>
  <div class='ocr_page' id='page_1' title='image "./vitaignatiiloio03polagoog_0489.png"; bbox 0 0 3679 5414; ppageno 0'>
   <div class='ocr_carea' id='block_1_1' title="bbox 1588 521 2987 583">
    <p class='ocr_par' dir='ltr' id='par_1_1' title="bbox 1588 521 2987 583">
     <span class='ocr_line' id='line_1_1' title="bbox 1588 521 2987 583; baseline 0.001 -4"><span class='ocrx_word' id='word_1_1' title='bbox 1588 521 1716 579; x_wconf 67' lang='lat' dir='ltr'>Ax.</span> <span class='ocrx_word' id='word_1_2' title='bbox 1762 521 1903 579; x_wconf 84' lang='lat'>1552</span> <span class='ocrx_word' id='word_1_3' title='bbox 2035 559 2041 570; x_wconf 81' lang='lat'>.</span> <span class='ocrx_word' id='word_1_4' title='bbox 2078 579 2084 583; x_wconf 81' lang='grc'><strong>,</strong></span> <span class='ocrx_word' id='word_1_5' title='bbox 2875 522 2987 580; x_wconf 78' lang='grc'>483</span> 
     </span>
    </p>
   </div>
   <div class='ocr_carea' id='block_1_2' title="bbox 505 665 3071 4504">
    <p class='ocr_par' dir='ltr' id='par_1_2' title="bbox 505 665 3006 2451">
     <span class='ocr_line' id='line_1_2' title="bbox 505 665 2979 750; baseline -0.002 -17"><span class='ocrx_word' id='word_1_6' title='bbox 505 668 964 750; x_wconf 75' lang='lat' dir='ltr'>gravissimis</span> <span class='ocrx_word' id='word_1_7' title='bbox 1017 666 1626 748; x_wconf 84' lang='lat' dir='ltr'>persecutionibus</span> <span class='ocrx_word' id='word_1_8' title='bbox 1692 676 1759 729; x_wconf 93' lang='lat' dir='ltr'>et</span> <span class='ocrx_word' id='word_1_9' title='bbox 1817 667 2190 736; x_wconf 90' lang='lat' dir='ltr'>calumniis</span> <span class='ocrx_word' id='word_1_10' title='bbox 2256 667 2453 729; x_wconf 89' lang='lat' dir='ltr'>falsis</span> <span class='ocrx_word' id='word_1_11' title='bbox 2510 665 2776 746; x_wconf 81' lang='lat' dir='ltr'>premi,</span> <span class='ocrx_word' id='word_1_12' title='bbox 2837 668 2979 730; x_wconf 88' lang='lat' dir='ltr'>alia</span> 
     </span>
     <span class='ocr_line' id='line_1_3' title="bbox 518 763 2979 864; baseline -0.002 -23"><span class='ocrx_word' id='word_1_13' title='bbox 518 778 780 841; x_wconf 90' lang='lat' dir='ltr'>mundo</span> <span class='ocrx_word' id='word_1_14' title='bbox 820 777 1101 839; x_wconf 90' lang='lat' dir='ltr'>occulta</span> <span class='ocrx_word' id='word_1_15' title='bbox 1131 774 1254 838; x_wconf 90' lang='lat' dir='ltr'>sed</span> <span class='ocrx_word' id='word_1_16' title='bbox 1288 792 1530 837; x_wconf 89' lang='lat' dir='ltr'>coram</span> <span class='ocrx_word' id='word_1_17' title='bbox 1558 763 1714 838; x_wconf 82' lang='lat' dir='ltr'>Deo</span> <span class='ocrx_word' id='word_1_18' title='bbox 1741 775 2174 864; x_wconf 83' lang='lat' dir='ltr'>gravissima</span> <span class='ocrx_word' id='word_1_19' title='bbox 2207 783 2502 855; x_wconf 91' lang='lat' dir='ltr'>peccata</span> <span class='ocrx_word' id='word_1_20' title='bbox 2546 775 2616 837; x_wconf 92' lang='lat' dir='ltr'>in</span> <span class='ocrx_word' id='word_1_21' title='bbox 2656 792 2741 837; x_wconf 91' lang='lat' dir='ltr'>eo</span> <span class='ocrx_word' id='word_1_22' title='bbox 2773 775 2979 838; x_wconf 88' lang='lat' dir='ltr'>casti-</span> 
     </span>
     <span class='ocr_line' id='line_1_4' title="bbox 513 881 2986 966; baseline -0.002 -18"><span class='ocrx_word' id='word_1_23' title='bbox 513 886 780 966; x_wconf 80' lang='lat' dir='ltr'>gandO.</span> <span class='ocrx_word' id='word_1_24' title='bbox 809 882 1124 946; x_wconf 89' lang='lat' dir='ltr'>Alterius</span> <span class='ocrx_word' id='word_1_25' title='bbox 1153 883 1364 945; x_wconf 90' lang='lat' dir='ltr'>etiam</span> <span class='ocrx_word' id='word_1_26' title='bbox 1396 882 1534 944; x_wconf 90' lang='lat' dir='ltr'>viri</span> <span class='ocrx_word' id='word_1_27' title='bbox 1556 900 1698 945; x_wconf 91' lang='lat' dir='ltr'>non</span> <span class='ocrx_word' id='word_1_28' title='bbox 1723 882 2026 962; x_wconf 81' lang='lat' dir='ltr'>exiguae</span> <span class='ocrx_word' id='word_1_29' title='bbox 2058 882 2505 945; x_wconf 83' lang='lat' dir='ltr'>auctoritatis</span> <span class='ocrx_word' id='word_1_30' title='bbox 2535 881 2681 944; x_wconf 85' lang='lat' dir='ltr'>vita</span> <span class='ocrx_word' id='word_1_31' title='bbox 2715 881 2986 944; x_wconf 89' lang='lat' dir='ltr'>confes·</span> 
     </span>
     <span class='ocr_line' id='line_1_5' title="bbox 515 986 2981 1073; baseline -0.002 -17"><span class='ocrx_word' id='word_1_32' title='bbox 515 993 790 1057; x_wconf 77' lang='lat' dir='ltr'>sarium</span> <span class='ocrx_word' id='word_1_33' title='bbox 820 991 1044 1073; x_wconf 91' lang='lat' dir='ltr'>ipsius</span> <span class='ocrx_word' id='word_1_34' title='bbox 1084 991 1174 1053; x_wconf 94' lang='lat' dir='ltr'>ad</span> <span class='ocrx_word' id='word_1_35' title='bbox 1205 1000 1569 1070; x_wconf 87' lang='lat' dir='ltr'>stuporem</span> <span class='ocrx_word' id='word_1_36' title='bbox 1602 988 1919 1067; x_wconf 87' lang='lat' dir='ltr'>adduxit,</span> <span class='ocrx_word' id='word_1_37' title='bbox 1968 1006 2177 1069; x_wconf 89' lang='lat' dir='ltr'>quem</span> <span class='ocrx_word' id='word_1_38' title='bbox 2219 1006 2382 1052; x_wconf 90' lang='lat' dir='ltr'>cum</span> <span class='ocrx_word' id='word_1_39' title='bbox 2426 990 2540 1051; x_wconf 94' lang='lat' dir='ltr'>ille</span> <span class='ocrx_word' id='word_1_40' title='bbox 2583 986 2981 1052; x_wconf 90' lang='lat' dir='ltr'>admonuis-</span> 
     </span>
     <span class='ocr_line' id='line_1_6' title="bbox 523 1096 2986 1180; baseline -0.001 -17"><span class='ocrx_word' id='word_1_41' title='bbox 523 1108 653 1178; x_wconf 90' lang='lat' dir='ltr'>set,</span> <span class='ocrx_word' id='word_1_42' title='bbox 687 1098 1256 1180; x_wconf 90' lang='lat' dir='ltr'>quandoquidem</span> <span class='ocrx_word' id='word_1_43' title='bbox 1285 1098 1570 1160; x_wconf 89' lang='lat' dir='ltr'>volebat</span> <span class='ocrx_word' id='word_1_44' title='bbox 1600 1096 2120 1159; x_wconf 88' lang='lat' dir='ltr'>confessionem</span> <span class='ocrx_word' id='word_1_45' title='bbox 2157 1097 2566 1175; x_wconf 86' lang='lat' dir='ltr'>generalem</span> <span class='ocrx_word' id='word_1_46' title='bbox 2596 1096 2986 1175; x_wconf 86' lang='lat' dir='ltr'>instituere,</span> 
     </span>
     <span class='ocr_line' id='line_1_7' title="bbox 526 1203 2991 1287; baseline -0.002 -16"><span class='ocrx_word' id='word_1_47' title='bbox 526 1218 600 1271; x_wconf 91' lang='lat' dir='ltr'>ut</span> <span class='ocrx_word' id='word_1_48' title='bbox 643 1207 918 1287; x_wconf 87' lang='lat' dir='ltr'>aliquos</span> <span class='ocrx_word' id='word_1_49' title='bbox 959 1206 1251 1283; x_wconf 90' lang='lat' dir='ltr'>libellos,</span> <span class='ocrx_word' id='word_1_50' title='bbox 1301 1205 1416 1285; x_wconf 87' lang='lat' dir='ltr'>qui</span> <span class='ocrx_word' id='word_1_51' title='bbox 1454 1204 1545 1267; x_wconf 90' lang='lat' dir='ltr'>ad</span> <span class='ocrx_word' id='word_1_52' title='bbox 1575 1205 2132 1284; x_wconf 83' lang='lat' dir='ltr'>exomologesim</span> <span class='ocrx_word' id='word_1_53' title='bbox 2162 1203 2560 1283; x_wconf 89' lang='lat' dir='ltr'>hujusmodi</span> <span class='ocrx_word' id='word_1_54' title='bbox 2588 1203 2991 1267; x_wconf 87' lang='lat' dir='ltr'>faciendam</span> 
     </span>
     <span class='ocr_line' id='line_1_8' title="bbox 514 1312 2994 1392; baseline -0.002 -13"><span class='ocrx_word' id='word_1_55' title='bbox 514 1315 928 1392; x_wconf 78' lang='lat' dir='ltr'>conferunt,</span> <span class='ocrx_word' id='word_1_56' title='bbox 962 1315 1261 1392; x_wconf 90' lang='lat' dir='ltr'>legeret,</span> <span class='ocrx_word' id='word_1_57' title='bbox 1303 1312 1509 1376; x_wconf 89' lang='lat' dir='ltr'>rediit</span> <span class='ocrx_word' id='word_1_58' title='bbox 1548 1312 1662 1374; x_wconf 91' lang='lat' dir='ltr'>ille</span> <span class='ocrx_word' id='word_1_59' title='bbox 1700 1322 1861 1392; x_wconf 91' lang='lat' dir='ltr'>post</span> <span class='ocrx_word' id='word_1_60' title='bbox 1909 1312 2189 1375; x_wconf 89' lang='lat' dir='ltr'>illorum</span> <span class='ocrx_word' id='word_1_61' title='bbox 2217 1313 2627 1392; x_wconf 91' lang='lat' dir='ltr'>lectionem,</span> <span class='ocrx_word' id='word_1_62' title='bbox 2663 1312 2994 1392; x_wconf 89' lang='lat' dir='ltr'>ignoran-</span> 
     </span>
     <span class='ocr_line' id='line_1_9' title="bbox 515 1418 2994 1500; baseline -0.002 -14"><span class='ocrx_word' id='word_1_63' title='bbox 515 1424 699 1486; x_wconf 81' lang='lat' dir='ltr'>tiam</span> <span class='ocrx_word' id='word_1_64' title='bbox 730 1431 1106 1485; x_wconf 90' lang='lat' dir='ltr'>auctorum</span> <span class='ocrx_word' id='word_1_65' title='bbox 1128 1420 1412 1483; x_wconf 89' lang='lat' dir='ltr'>illorum</span> <span class='ocrx_word' id='word_1_66' title='bbox 1436 1420 1755 1495; x_wconf 86' lang='lat' dir='ltr'>ridendo,</span> <span class='ocrx_word' id='word_1_67' title='bbox 1784 1418 1972 1500; x_wconf 93' lang='lat' dir='ltr'>quod</span> <span class='ocrx_word' id='word_1_68' title='bbox 1996 1420 2082 1483; x_wconf 91' lang='lat' dir='ltr'>de</span> <span class='ocrx_word' id='word_1_69' title='bbox 2105 1420 2420 1500; x_wconf 89' lang='lat' dir='ltr'>peccatis</span> <span class='ocrx_word' id='word_1_70' title='bbox 2443 1437 2676 1500; x_wconf 91' lang='lat' dir='ltr'>pauca</span> <span class='ocrx_word' id='word_1_71' title='bbox 2704 1421 2994 1498; x_wconf 88' lang='lat' dir='ltr'>scirent;</span> 
     </span>
     <span class='ocr_line' id='line_1_10' title="bbox 513 1527 2999 1608; baseline -0.001 -15"><span class='ocrx_word' id='word_1_72' title='bbox 513 1539 601 1594; x_wconf 89' lang='lat' dir='ltr'>·et</span> <span class='ocrx_word' id='word_1_73' title='bbox 630 1531 727 1593; x_wconf 91' lang='lat' dir='ltr'>ita</span> <span class='ocrx_word' id='word_1_74' title='bbox 770 1546 848 1592; x_wconf 90' lang='lat' dir='ltr'>re</span> <span class='ocrx_word' id='word_1_75' title='bbox 890 1530 1043 1608; x_wconf 93' lang='lat' dir='ltr'>ipsa</span> <span class='ocrx_word' id='word_1_76' title='bbox 1083 1527 1389 1591; x_wconf 92' lang='lat' dir='ltr'>ostendit</span> <span class='ocrx_word' id='word_1_77' title='bbox 1432 1527 1620 1608; x_wconf 91' lang='lat' dir='ltr'>quod</span> <span class='ocrx_word' id='word_1_78' title='bbox 1657 1528 1865 1608; x_wconf 91' lang='lat' dir='ltr'>plura</span> <span class='ocrx_word' id='word_1_79' title='bbox 1908 1527 2180 1590; x_wconf 86' lang='lat' dir='ltr'>scilicet</span> <span class='ocrx_word' id='word_1_80' title='bbox 2221 1528 2372 1607; x_wconf 92' lang='lat' dir='ltr'>ipse</span> <span class='ocrx_word' id='word_1_81' title='bbox 2410 1537 2708 1607; x_wconf 88' lang='lat' dir='ltr'>peccata</span> <span class='ocrx_word' id='word_1_82' title='bbox 2753 1545 2999 1607; x_wconf 89' lang='lat' dir='ltr'>perpe·</span> 
     </span>
     <span class='ocr_line' id='line_1_11' title="bbox 531 1633 3002 1715; baseline -0.001 -15"><span class='ocrx_word' id='word_1_83' title='bbox 531 1646 791 1701; x_wconf 88' lang='lat' dir='ltr'>trasset</span> <span class='ocrx_word' id='word_1_84' title='bbox 832 1652 1046 1715; x_wconf 89' lang='lat' dir='ltr'>quam</span> <span class='ocrx_word' id='word_1_85' title='bbox 1084 1635 1183 1697; x_wconf 93' lang='lat' dir='ltr'>illi</span> <span class='ocrx_word' id='word_1_86' title='bbox 1222 1635 1695 1715; x_wconf 85' lang='lat' dir='ltr'>scripsissent,</span> <span class='ocrx_word' id='word_1_87' title='bbox 1743 1633 1869 1696; x_wconf 89' lang='lat' dir='ltr'>sed</span> <span class='ocrx_word' id='word_1_88' title='bbox 1906 1652 2040 1696; x_wconf 91' lang='lat' dir='ltr'>nec</span> <span class='ocrx_word' id='word_1_89' title='bbox 2080 1634 2391 1697; x_wconf 90' lang='lat' dir='ltr'>scribere</span> <span class='ocrx_word' id='word_1_90' title='bbox 2432 1634 2863 1697; x_wconf 90' lang='lat' dir='ltr'>debuissent.</span> <span class='ocrx_word' id='word_1_91' title='bbox 2913 1635 3002 1698; x_wconf 90' lang='lat' dir='ltr'>Et</span> 
     </span>
     <span class='ocr_line' id='line_1_12' title="bbox 515 1737 3002 1822; baseline -0.001 -15"><span class='ocrx_word' id='word_1_92' title='bbox 515 1745 707 1808; x_wconf 83' lang='lat' dir='ltr'>satis</span> <span class='ocrx_word' id='word_1_93' title='bbox 738 1743 1044 1806; x_wconf 90' lang='lat' dir='ltr'>ostendit</span> <span class='ocrx_word' id='word_1_94' title='bbox 1066 1741 1327 1805; x_wconf 91' lang='lat' dir='ltr'>diaboli</span> <span class='ocrx_word' id='word_1_95' title='bbox 1354 1740 1800 1822; x_wconf 86' lang='lat' dir='ltr'>tyrannidem</span> <span class='ocrx_word' id='word_1_96' title='bbox 1828 1759 1912 1804; x_wconf 89' lang='lat' dir='ltr'>ac</span> <span class='ocrx_word' id='word_1_97' title='bbox 1937 1737 2280 1804; x_wconf 85' lang='lat' dir='ltr'>malitiam</span> <span class='ocrx_word' id='word_1_98' title='bbox 2304 1758 2479 1821; x_wconf 90' lang='lat' dir='ltr'>erga</span> <span class='ocrx_word' id='word_1_99' title='bbox 2507 1759 2653 1820; x_wconf 82' lang='lat' dir='ltr'>eOS,</span> <span class='ocrx_word' id='word_1_100' title='bbox 2689 1743 2808 1822; x_wconf 93' lang='lat' dir='ltr'>qui</span> <span class='ocrx_word' id='word_1_101' title='bbox 2837 1743 3002 1805; x_wconf 93' lang='lat' dir='ltr'>libe·</span> 
     </span>
     <span class='ocr_line' id='line_1_13' title="bbox 533 1848 3003 1929; baseline -0.002 -13"><span class='ocrx_word' id='word_1_102' title='bbox 533 1870 690 1916; x_wconf 90' lang='lat' dir='ltr'>rum</span> <span class='ocrx_word' id='word_1_103' title='bbox 712 1851 775 1914; x_wconf 94' lang='lat' dir='ltr'>ei</span> <span class='ocrx_word' id='word_1_104' title='bbox 799 1849 1115 1913; x_wconf 91' lang='lat' dir='ltr'>additum</span> <span class='ocrx_word' id='word_1_105' title='bbox 1136 1849 1498 1929; x_wconf 88' lang='lat' dir='ltr'>praebent,</span> <span class='ocrx_word' id='word_1_106' title='bbox 1527 1859 1597 1910; x_wconf 91' lang='lat' dir='ltr'>et</span> <span class='ocrx_word' id='word_1_107' title='bbox 1621 1850 1841 1911; x_wconf 88' lang='lat' dir='ltr'>multo</span> <span class='ocrx_word' id='word_1_108' title='bbox 1867 1849 2097 1927; x_wconf 84' lang='lat' dir='ltr'>magis</span> <span class='ocrx_word' id='word_1_109' title='bbox 2113 1848 2249 1913; x_wconf 92' lang='lat' dir='ltr'>Dei</span> <span class='ocrx_word' id='word_1_110' title='bbox 2273 1849 2683 1929; x_wconf 91' lang='lat' dir='ltr'>bonitatem,</span> <span class='ocrx_word' id='word_1_111' title='bbox 2711 1850 2829 1929; x_wconf 93' lang='lat' dir='ltr'>qui</span> <span class='ocrx_word' id='word_1_112' title='bbox 2853 1848 3003 1929; x_wconf 88' lang='lat' dir='ltr'>ejus</span> 
     </span>
     <span class='ocr_line' id='line_1_14' title="bbox 518 1954 3006 2036; baseline -0.001 -14"><span class='ocrx_word' id='word_1_113' title='bbox 518 1960 846 2023; x_wconf 63' lang='lat' dir='ltr'>&gt;animum</span> <span class='ocrx_word' id='word_1_114' title='bbox 898 1958 985 2019; x_wconf 88' lang='lat' dir='ltr'>ab</span> <span class='ocrx_word' id='word_1_115' title='bbox 1038 1956 1443 2019; x_wconf 89' lang='lat' dir='ltr'>omnimoda</span> <span class='ocrx_word' id='word_1_116' title='bbox 1494 1956 1951 2036; x_wconf 87' lang='lat' dir='ltr'>corruptione</span> <span class='ocrx_word' id='word_1_117' title='bbox 2003 1954 2301 2018; x_wconf 85' lang='lat' dir='ltr'>affectus</span> <span class='ocrx_word' id='word_1_118' title='bbox 2353 1966 2421 2019; x_wconf 92' lang='lat' dir='ltr'>et</span> <span class='ocrx_word' id='word_1_119' title='bbox 2469 1956 2869 2019; x_wconf 90' lang='lat' dir='ltr'>intellectus</span> <span class='ocrx_word' id='word_1_120' title='bbox 2913 1957 3006 2020; x_wconf 90' lang='lat' dir='ltr'>ad</span> 
     </span>
     <span class='ocr_line' id='line_1_15' title="bbox 536 2062 3001 2143; baseline -0.001 -14"><span class='ocrx_word' id='word_1_121' title='bbox 536 2083 784 2129; x_wconf 90' lang='lat' dir='ltr'>veram</span> <span class='ocrx_word' id='word_1_122' title='bbox 827 2064 1306 2143; x_wconf 89' lang='lat' dir='ltr'>cognitionem</span> <span class='ocrx_word' id='word_1_123' title='bbox 1356 2062 1678 2125; x_wconf 87' lang='lat' dir='ltr'>veritatis</span> <span class='ocrx_word' id='word_1_124' title='bbox 1728 2071 1796 2125; x_wconf 93' lang='lat' dir='ltr'>et</span> <span class='ocrx_word' id='word_1_125' title='bbox 1837 2063 2029 2125; x_wconf 90' lang='lat' dir='ltr'>vitae</span> <span class='ocrx_word' id='word_1_126' title='bbox 2069 2063 2637 2126; x_wconf 91' lang='lat' dir='ltr'>emendationem</span> <span class='ocrx_word' id='word_1_127' title='bbox 2681 2063 3001 2128; x_wconf 86' lang='lat' dir='ltr'>adduxit.</span> 
     </span>
     <span class='ocr_line' id='line_1_16' title="bbox 537 2169 3001 2252; baseline -0.001 -16"><span class='ocrx_word' id='word_1_128' title='bbox 537 2173 727 2237; x_wconf 90' lang='lat' dir='ltr'>Inter</span> <span class='ocrx_word' id='word_1_129' title='bbox 785 2189 947 2250; x_wconf 82' lang='lat' dir='ltr'>eOS,</span> <span class='ocrx_word' id='word_1_130' title='bbox 999 2171 1120 2252; x_wconf 91' lang='lat' dir='ltr'>qui</span> <span class='ocrx_word' id='word_1_131' title='bbox 1168 2172 1303 2233; x_wconf 93' lang='lat' dir='ltr'>hoc</span> <span class='ocrx_word' id='word_1_132' title='bbox 1347 2178 1799 2233; x_wconf 91' lang='lat' dir='ltr'>sacramento</span> <span class='ocrx_word' id='word_1_133' title='bbox 1848 2170 2285 2233; x_wconf 90' lang='lat' dir='ltr'>reconciliati</span> <span class='ocrx_word' id='word_1_134' title='bbox 2334 2169 2645 2233; x_wconf 92' lang='lat' dir='ltr'>Domino</span> <span class='ocrx_word' id='word_1_135' title='bbox 2695 2170 3001 2249; x_wconf 87' lang='lat' dir='ltr'>fuerunt,</span> 
     </span>
     <span class='ocr_line' id='line_1_17' title="bbox 523 2276 3001 2359; baseline -0 -16"><span class='ocrx_word' id='word_1_136' title='bbox 523 2280 659 2343; x_wconf 86' lang='lat' dir='ltr'>-alii</span> <span class='ocrx_word' id='word_1_137' title='bbox 686 2277 956 2357; x_wconf 91' lang='lat' dir='ltr'>decem,</span> <span class='ocrx_word' id='word_1_138' title='bbox 984 2278 1388 2359; x_wconf 91' lang='lat' dir='ltr'>quindecim</span> <span class='ocrx_word' id='word_1_139' title='bbox 1416 2277 1534 2339; x_wconf 90' lang='lat' dir='ltr'>alii</span> <span class='ocrx_word' id='word_1_140' title='bbox 1565 2285 1632 2339; x_wconf 94' lang='lat' dir='ltr'>et</span> <span class='ocrx_word' id='word_1_141' title='bbox 1661 2276 1979 2356; x_wconf 89' lang='lat' dir='ltr'>pluribus</span> <span class='ocrx_word' id='word_1_142' title='bbox 2020 2276 2224 2340; x_wconf 90' lang='lat' dir='ltr'>annis</span> <span class='ocrx_word' id='word_1_143' title='bbox 2255 2277 2343 2339; x_wconf 88' lang='lat' dir='ltr'>ab</span> <span class='ocrx_word' id='word_1_144' title='bbox 2384 2278 2519 2341; x_wconf 94' lang='lat' dir='ltr'>hoc</span> <span class='ocrx_word' id='word_1_145' title='bbox 2549 2279 3001 2342; x_wconf 89' lang='lat' dir='ltr'>sanctissimo</span> 
     </span>
     <span class='ocr_line' id='line_1_18' title="bbox 529 2385 1545 2451; baseline -0.005 0"><span class='ocrx_word' id='word_1_146' title='bbox 529 2385 1004 2451; x_wconf 74' lang='lat' dir='ltr'>‘Sacramento</span> <span class='ocrx_word' id='word_1_147' title='bbox 1034 2386 1545 2447; x_wconf 87' lang='lat' dir='ltr'>abstinuerant.</span> 
     </span>
    </p>

    <p class='ocr_par' dir='ltr' id='par_1_3' title="bbox 528 2491 3013 3429">
     <span class='ocr_line' id='line_1_19' title="bbox 664 2491 3006 2574; baseline 0 -17"><span class='ocrx_word' id='word_1_148' title='bbox 664 2494 797 2557; x_wconf 85' lang='lat'>157.</span> <span class='ocrx_word' id='word_1_149' title='bbox 885 2493 1125 2573; x_wconf 90' lang='lat' dir='ltr'>Aliqui</span> <span class='ocrx_word' id='word_1_150' title='bbox 1153 2510 1361 2554; x_wconf 91' lang='lat' dir='ltr'>casus</span> <span class='ocrx_word' id='word_1_151' title='bbox 1386 2491 1941 2555; x_wconf 88' lang='lat' dir='ltr'>matrimoniales</span> <span class='ocrx_word' id='word_1_152' title='bbox 1962 2491 2408 2572; x_wconf 88' lang='lat' dir='ltr'>perdifficiles</span> <span class='ocrx_word' id='word_1_153' title='bbox 2432 2493 2817 2556; x_wconf 89' lang='lat' dir='ltr'>remedium</span> <span class='ocrx_word' id='word_1_154' title='bbox 2847 2511 3006 2574; x_wconf 92' lang='lat' dir='ltr'>ope-</span> 
     </span>
     <span class='ocr_line' id='line_1_20' title="bbox 543 2598 3005 2678; baseline -0 -14"><span class='ocrx_word' id='word_1_155' title='bbox 543 2619 622 2664; x_wconf 90' lang='lat' dir='ltr'>ra</span> <span class='ocrx_word' id='word_1_156' title='bbox 652 2610 1057 2664; x_wconf 90' lang='lat' dir='ltr'>nostrorum</span> <span class='ocrx_word' id='word_1_157' title='bbox 1080 2607 1530 2678; x_wconf 88' lang='lat' dir='ltr'>acceperunt;</span> <span class='ocrx_word' id='word_1_158' title='bbox 1565 2616 1776 2661; x_wconf 90' lang='lat' dir='ltr'>casus</span> <span class='ocrx_word' id='word_1_159' title='bbox 1807 2598 2023 2661; x_wconf 90' lang='lat' dir='ltr'>etiam</span> <span class='ocrx_word' id='word_1_160' title='bbox 2052 2615 2309 2661; x_wconf 90' lang='lat' dir='ltr'>usurae</span> <span class='ocrx_word' id='word_1_161' title='bbox 2340 2599 2842 2663; x_wconf 85' lang='lat' dir='ltr'>subtilissimae</span> <span class='ocrx_word' id='word_1_162' title='bbox 2872 2601 3005 2663; x_wconf 90' lang='lat' dir='ltr'>dis·</span> 
     </span>
     <span class='ocr_line' id='line_1_21' title="bbox 531 2706 3008 2788; baseline 0 -16"><span class='ocrx_word' id='word_1_163' title='bbox 531 2710 735 2772; x_wconf 72' lang='lat' dir='ltr'>cussi</span> <span class='ocrx_word' id='word_1_164' title='bbox 772 2709 1006 2771; x_wconf 90' lang='lat' dir='ltr'>lucem</span> <span class='ocrx_word' id='word_1_165' title='bbox 1037 2715 1494 2785; x_wconf 89' lang='lat' dir='ltr'>acceperunt,</span> <span class='ocrx_word' id='word_1_166' title='bbox 1536 2716 1606 2769; x_wconf 93' lang='lat' dir='ltr'>et</span> <span class='ocrx_word' id='word_1_167' title='bbox 1643 2706 1733 2769; x_wconf 87' lang='lat' dir='ltr'>ab</span> <span class='ocrx_word' id='word_1_168' title='bbox 1773 2723 2018 2769; x_wconf 90' lang='lat' dir='ltr'>eorum</span> <span class='ocrx_word' id='word_1_169' title='bbox 2048 2707 2317 2786; x_wconf 91' lang='lat' dir='ltr'>laqueis</span> <span class='ocrx_word' id='word_1_170' title='bbox 2358 2707 2638 2771; x_wconf 90' lang='lat' dir='ltr'>animae</span> <span class='ocrx_word' id='word_1_171' title='bbox 2678 2726 3008 2788; x_wconf 90' lang='lat' dir='ltr'>quorum·</span> 
     </span>
     <span class='ocr_line' id='line_1_22' title="bbox 528 2812 3012 2896; baseline 0.001 -17"><span class='ocrx_word' id='word_1_172' title='bbox 528 2818 710 2879; x_wconf 83' lang='lat' dir='ltr'>dam</span> <span class='ocrx_word' id='word_1_173' title='bbox 740 2824 1024 2896; x_wconf 91' lang='lat' dir='ltr'>ereptae</span> <span class='ocrx_word' id='word_1_174' title='bbox 1061 2814 1366 2877; x_wconf 87' lang='lat' dir='ltr'>fuerunt.</span> <span class='ocrx_word' id='word_1_175' title='bbox 1401 2814 1639 2894; x_wconf 88' lang='lat' dir='ltr'>Aliqui</span> <span class='ocrx_word' id='word_1_176' title='bbox 1669 2815 1941 2876; x_wconf 89' lang='lat' dir='ltr'>nobiles</span> <span class='ocrx_word' id='word_1_177' title='bbox 1979 2831 2071 2876; x_wconf 87' lang='lat' dir='ltr'>ex</span> <span class='ocrx_word' id='word_1_178' title='bbox 2108 2812 2515 2878; x_wconf 88' lang='lat' dir='ltr'>civitatibus</span> <span class='ocrx_word' id='word_1_179' title='bbox 2555 2814 3012 2895; x_wconf 90' lang='lat' dir='ltr'>Reipublicae</span> 
     </span>
     <span class='ocr_line' id='line_1_23' title="bbox 546 2920 3013 3002; baseline 0.002 -17"><span class='ocrx_word' id='word_1_180' title='bbox 546 2922 866 2986; x_wconf 92' lang='lat' dir='ltr'>Venetae</span> <span class='ocrx_word' id='word_1_181' title='bbox 895 2922 1191 2985; x_wconf 91' lang='lat' dir='ltr'>subditis</span> <span class='ocrx_word' id='word_1_182' title='bbox 1221 2921 1311 2985; x_wconf 88' lang='lat' dir='ltr'>ad</span> <span class='ocrx_word' id='word_1_183' title='bbox 1340 2930 1623 2984; x_wconf 90' lang='lat' dir='ltr'>nostros</span> <span class='ocrx_word' id='word_1_184' title='bbox 1653 2920 1995 2983; x_wconf 90' lang='lat' dir='ltr'>Venetias</span> <span class='ocrx_word' id='word_1_185' title='bbox 2026 2922 2224 2997; x_wconf 83' lang='lat' dir='ltr'>missi</span> <span class='ocrx_word' id='word_1_186' title='bbox 2253 2922 2442 3001; x_wconf 92' lang='lat' dir='ltr'>quod</span> <span class='ocrx_word' id='word_1_187' title='bbox 2472 2925 2897 3002; x_wconf 86' lang='lat' dir='ltr'>expetebant</span> <span class='ocrx_word' id='word_1_188' title='bbox 2921 2927 3013 2989; x_wconf 87' lang='lat' dir='ltr'>ad</span> 
     </span>
     <span class='ocr_line' id='line_1_24' title="bbox 528 3029 3012 3106; baseline 0.001 -13"><span class='ocrx_word' id='word_1_189' title='bbox 528 3031 1026 3093; x_wconf 56' lang='lat' dir='ltr'>&#39;conscientiae</span> <span class='ocrx_word' id='word_1_190' title='bbox 1068 3046 1238 3091; x_wconf 92' lang='lat' dir='ltr'>suae</span> <span class='ocrx_word' id='word_1_191' title='bbox 1276 3029 1580 3106; x_wconf 90' lang='lat' dir='ltr'>quietem</span> <span class='ocrx_word' id='word_1_192' title='bbox 1635 3029 1850 3091; x_wconf 88' lang='lat' dir='ltr'>etiam</span> <span class='ocrx_word' id='word_1_193' title='bbox 1901 3037 2061 3091; x_wconf 90' lang='lat' dir='ltr'>sunt</span> <span class='ocrx_word' id='word_1_194' title='bbox 2113 3031 2499 3093; x_wconf 91' lang='lat' dir='ltr'>consecuti.</span> <span class='ocrx_word' id='word_1_195' title='bbox 2555 3030 2641 3093; x_wconf 85' lang='lat' dir='ltr'>Et</span> <span class='ocrx_word' id='word_1_196' title='bbox 2694 3033 3012 3095; x_wconf 91' lang='lat' dir='ltr'>nonnulli</span> 
     </span>
     <span class='ocr_line' id='line_1_25' title="bbox 548 3134 3013 3217; baseline 0.001 -18"><span class='ocrx_word' id='word_1_197' title='bbox 548 3137 977 3215; x_wconf 91' lang='lat' dir='ltr'>sacerdotes,</span> <span class='ocrx_word' id='word_1_198' title='bbox 1006 3135 1300 3198; x_wconf 79' lang='lat' dir='ltr'>co&#39;nsilio</span> <span class='ocrx_word' id='word_1_199' title='bbox 1330 3144 1736 3197; x_wconf 89' lang='lat' dir='ltr'>nostrorum</span> <span class='ocrx_word' id='word_1_200' title='bbox 1756 3144 1825 3197; x_wconf 91' lang='lat' dir='ltr'>et</span> <span class='ocrx_word' id='word_1_201' title='bbox 1852 3134 2412 3199; x_wconf 86' lang='lat' dir='ltr'>confessionibus</span> <span class='ocrx_word' id='word_1_202' title='bbox 2437 3135 2678 3217; x_wconf 89' lang='lat' dir='ltr'>adjuti,</span> <span class='ocrx_word' id='word_1_203' title='bbox 2707 3146 2776 3200; x_wconf 89' lang='lat' dir='ltr'>et</span> <span class='ocrx_word' id='word_1_204' title='bbox 2800 3140 3013 3202; x_wconf 91' lang='lat' dir='ltr'>saluti</span> 
     </span>
     <span class='ocr_line' id='line_1_26' title="bbox 546 3241 3013 3321; baseline 0.001 -13"><span class='ocrx_word' id='word_1_205' title='bbox 546 3262 718 3308; x_wconf 89' lang='lat' dir='ltr'>suae</span> <span class='ocrx_word' id='word_1_206' title='bbox 757 3254 826 3307; x_wconf 93' lang='lat' dir='ltr'>et</span> <span class='ocrx_word' id='word_1_207' title='bbox 867 3244 1265 3306; x_wconf 87' lang='lat' dir='ltr'>animarum</span> <span class='ocrx_word' id='word_1_208' title='bbox 1294 3242 1468 3321; x_wconf 84' lang='lat' dir='ltr'>ipsis</span> <span class='ocrx_word' id='word_1_209' title='bbox 1510 3241 2054 3305; x_wconf 82' lang='lat' dir='ltr'>commissarum</span> <span class='ocrx_word' id='word_1_210' title='bbox 2091 3260 2254 3305; x_wconf 89' lang='lat' dir='ltr'>cum</span> <span class='ocrx_word' id='word_1_211' title='bbox 2293 3244 2478 3307; x_wconf 89' lang='lat' dir='ltr'>bona</span> <span class='ocrx_word' id='word_1_212' title='bbox 2518 3245 3013 3310; x_wconf 85' lang='lat' dir='ltr'>aedificatione</span> 
     </span>
     <span class='ocr_line' id='line_1_27' title="bbox 533 3352 1684 3429; baseline -0.002 -14"><span class='ocrx_word' id='word_1_213' title='bbox 533 3353 849 3415; x_wconf 86' lang='lat' dir='ltr'>-aliorum</span> <span class='ocrx_word' id='word_1_214' title='bbox 878 3352 1247 3414; x_wconf 89' lang='lat' dir='ltr'>consulere</span> <span class='ocrx_word' id='word_1_215' title='bbox 1278 3358 1684 3429; x_wconf 91' lang='lat' dir='ltr'>coeperunt.</span> 
     </span>
    </p>

    <p class='ocr_par' dir='ltr' id='par_1_4' title="bbox 535 3456 3071 4504">
     <span class='ocr_line' id='line_1_28' title="bbox 676 3456 3015 3542; baseline 0.002 -22"><span class='ocrx_word' id='word_1_216' title='bbox 676 3458 810 3520; x_wconf 85' lang='lat'>158.</span> <span class='ocrx_word' id='word_1_217' title='bbox 897 3458 1197 3537; x_wconf 90' lang='lat' dir='ltr'>Aliquae</span> <span class='ocrx_word' id='word_1_218' title='bbox 1224 3456 1618 3536; x_wconf 88' lang='lat' dir='ltr'>impudicae</span> <span class='ocrx_word' id='word_1_219' title='bbox 1649 3457 2003 3535; x_wconf 85' lang='lat' dir='ltr'>mulieres,</span> <span class='ocrx_word' id='word_1_220' title='bbox 2031 3468 2190 3537; x_wconf 92' lang='lat' dir='ltr'>post</span> <span class='ocrx_word' id='word_1_221' title='bbox 2214 3458 2733 3523; x_wconf 88' lang='lat' dir='ltr'>confessionem</span> <span class='ocrx_word' id='word_1_222' title='bbox 2758 3479 2799 3523; x_wconf 86' lang='lat' dir='ltr'>a</span> <span class='ocrx_word' id='word_1_223' title='bbox 2824 3464 3015 3542; x_wconf 92' lang='lat' dir='ltr'>turpi</span> 
     </span>
     <span class='ocr_line' id='line_1_29' title="bbox 550 3564 3016 3648; baseline 0.002 -19"><span class='ocrx_word' id='word_1_224' title='bbox 550 3566 701 3629; x_wconf 87' lang='lat' dir='ltr'>vita</span> <span class='ocrx_word' id='word_1_225' title='bbox 751 3576 1164 3642; x_wconf 86' lang='lat' dir='ltr'>revocatae,</span> <span class='ocrx_word' id='word_1_226' title='bbox 1210 3566 1281 3626; x_wconf 92' lang='lat' dir='ltr'>in</span> <span class='ocrx_word' id='word_1_227' title='bbox 1319 3565 1823 3627; x_wconf 88' lang='lat' dir='ltr'>monasterium</span> <span class='ocrx_word' id='word_1_228' title='bbox 1857 3564 2385 3629; x_wconf 88' lang='lat' dir='ltr'>Conversarum</span> <span class='ocrx_word' id='word_1_229' title='bbox 2421 3568 2789 3647; x_wconf 88' lang='lat' dir='ltr'>ingressae</span> <span class='ocrx_word' id='word_1_230' title='bbox 2828 3579 3016 3648; x_wconf 78' lang='lat' dir='ltr'>sunt3</span> 
     </span>
     <span class='ocr_line' id='line_1_30' title="bbox 535 3671 3019 3756; baseline 0.001 -20"><span class='ocrx_word' id='word_1_231' title='bbox 535 3674 753 3750; x_wconf 85' lang='lat' dir='ltr'>aliae,</span> <span class='ocrx_word' id='word_1_232' title='bbox 788 3673 955 3736; x_wconf 90' lang='lat' dir='ltr'>dum</span> <span class='ocrx_word' id='word_1_233' title='bbox 986 3673 1071 3735; x_wconf 93' lang='lat' dir='ltr'>de</span> <span class='ocrx_word' id='word_1_234' title='bbox 1103 3671 1678 3734; x_wconf 85' lang='lat' dir='ltr'>reconciliatione</span> <span class='ocrx_word' id='word_1_235' title='bbox 1711 3673 2079 3751; x_wconf 88' lang='lat' dir='ltr'>agebatur,</span> <span class='ocrx_word' id='word_1_236' title='bbox 2114 3672 2406 3737; x_wconf 90' lang='lat' dir='ltr'>honeste</span> <span class='ocrx_word' id='word_1_237' title='bbox 2447 3675 2773 3738; x_wconf 84' lang='lat' dir='ltr'>viventes</span> <span class='ocrx_word' id='word_1_238' title='bbox 2811 3694 3019 3756; x_wconf 83' lang='lat' dir='ltr'>expe-</span> 
     </span>
     <span class='ocr_line' id='line_1_31' title="bbox 537 3780 3020 3863; baseline 0.002 -20"><span class='ocrx_word' id='word_1_239' title='bbox 537 3782 864 3844; x_wconf 81' lang='lat' dir='ltr'>ctabant.</span> <span class='ocrx_word' id='word_1_240' title='bbox 897 3780 1192 3861; x_wconf 85' lang='lat' dir='ltr'>Juvenis</span> <span class='ocrx_word' id='word_1_241' title='bbox 1231 3780 1518 3859; x_wconf 90' lang='lat' dir='ltr'>quidam</span> <span class='ocrx_word' id='word_1_242' title='bbox 1563 3780 1939 3858; x_wconf 88' lang='lat' dir='ltr'>religiosus</span> <span class='ocrx_word' id='word_1_243' title='bbox 1970 3798 2012 3841; x_wconf 91' lang='lat' dir='ltr'>a</span> <span class='ocrx_word' id='word_1_244' title='bbox 2043 3797 2172 3842; x_wconf 92' lang='lat' dir='ltr'>suo</span> <span class='ocrx_word' id='word_1_245' title='bbox 2201 3783 2632 3846; x_wconf 90' lang='lat' dir='ltr'>monasterio</span> <span class='ocrx_word' id='word_1_246' title='bbox 2658 3800 3020 3863; x_wconf 85' lang='lat' dir='ltr'>egressuS,</span> 
     </span>
     <span class='ocr_line' id='line_1_32' title="bbox 538 3887 3022 3968; baseline 0.002 -18"><span class='ocrx_word' id='word_1_247' title='bbox 538 3906 717 3951; x_wconf 74' lang='lat' dir='ltr'>cum</span> <span class='ocrx_word' id='word_1_248' title='bbox 755 3888 987 3952; x_wconf 90' lang='lat' dir='ltr'>redire</span> <span class='ocrx_word' id='word_1_249' title='bbox 1041 3888 1132 3950; x_wconf 87' lang='lat' dir='ltr'>ad</span> <span class='ocrx_word' id='word_1_250' title='bbox 1167 3887 1334 3950; x_wconf 89' lang='lat' dir='ltr'>illud</span> <span class='ocrx_word' id='word_1_251' title='bbox 1374 3887 1604 3967; x_wconf 87' lang='lat' dir='ltr'>ipsum</span> <span class='ocrx_word' id='word_1_252' title='bbox 1642 3889 1886 3964; x_wconf 85' lang='lat' dir='ltr'>vellet,</span> <span class='ocrx_word' id='word_1_253' title='bbox 1933 3904 2063 3950; x_wconf 91' lang='lat' dir='ltr'>nec</span> <span class='ocrx_word' id='word_1_254' title='bbox 2106 3888 2629 3968; x_wconf 89' lang='lat' dir='ltr'>admitteretur,</span> <span class='ocrx_word' id='word_1_255' title='bbox 2671 3890 3022 3956; x_wconf 90' lang='lat' dir='ltr'>adductus</span> 
     </span>
     <span class='ocr_line' id='line_1_33' title="bbox 539 3995 3022 4079; baseline 0.002 -21"><span class='ocrx_word' id='word_1_256' title='bbox 539 4005 663 4058; x_wconf 79' lang='lat' dir='ltr'>est</span> <span class='ocrx_word' id='word_1_257' title='bbox 692 4004 768 4058; x_wconf 91' lang='lat' dir='ltr'>ut</span> <span class='ocrx_word' id='word_1_258' title='bbox 805 3996 876 4058; x_wconf 90' lang='lat' dir='ltr'>in</span> <span class='ocrx_word' id='word_1_259' title='bbox 919 3996 1106 4057; x_wconf 88' lang='lat' dir='ltr'>aliud</span> <span class='ocrx_word' id='word_1_260' title='bbox 1149 3995 1480 4057; x_wconf 89' lang='lat' dir='ltr'>arctioris</span> <span class='ocrx_word' id='word_1_261' title='bbox 1511 3995 1778 4057; x_wconf 86' lang='lat' dir='ltr'>ordinis</span> <span class='ocrx_word' id='word_1_262' title='bbox 1816 3995 2341 4073; x_wconf 86' lang='lat' dir='ltr'>ingrederetur,</span> <span class='ocrx_word' id='word_1_263' title='bbox 2374 4014 2537 4059; x_wconf 90' lang='lat' dir='ltr'>cum</span> <span class='ocrx_word' id='word_1_264' title='bbox 2575 3998 2838 4077; x_wconf 85' lang='lat' dir='ltr'>alioqui</span> <span class='ocrx_word' id='word_1_265' title='bbox 2867 4017 3022 4079; x_wconf 90' lang='lat' dir='ltr'>per—</span> 
     </span>
     <span class='ocr_line' id='line_1_34' title="bbox 541 4101 3023 4186; baseline 0.002 -21"><span class='ocrx_word' id='word_1_266' title='bbox 541 4103 747 4165; x_wconf 90' lang='lat' dir='ltr'>ditae</span> <span class='ocrx_word' id='word_1_267' title='bbox 777 4103 968 4165; x_wconf 84' lang='lat' dir='ltr'>vitae</span> <span class='ocrx_word' id='word_1_268' title='bbox 998 4103 1194 4182; x_wconf 90' lang='lat' dir='ltr'>prius</span> <span class='ocrx_word' id='word_1_269' title='bbox 1223 4101 1491 4165; x_wconf 88' lang='lat' dir='ltr'>fuisset.</span> <span class='ocrx_word' id='word_1_270' title='bbox 1527 4101 1705 4165; x_wconf 89' lang='lat' dir='ltr'>Cum</span> <span class='ocrx_word' id='word_1_271' title='bbox 1735 4102 2007 4165; x_wconf 91' lang='lat' dir='ltr'>duobus</span> <span class='ocrx_word' id='word_1_272' title='bbox 2039 4112 2161 4166; x_wconf 91' lang='lat' dir='ltr'>aut</span> <span class='ocrx_word' id='word_1_273' title='bbox 2182 4104 2409 4166; x_wconf 89' lang='lat' dir='ltr'>tribus</span> <span class='ocrx_word' id='word_1_274' title='bbox 2440 4105 2638 4183; x_wconf 82' lang='lat' dir='ltr'>viriS,</span> <span class='ocrx_word' id='word_1_275' title='bbox 2676 4115 2751 4167; x_wconf 89' lang='lat' dir='ltr'>ut</span> <span class='ocrx_word' id='word_1_276' title='bbox 2775 4123 2817 4168; x_wconf 88' lang='lat' dir='ltr'>a</span> <span class='ocrx_word' id='word_1_277' title='bbox 2846 4109 3023 4186; x_wconf 81' lang='lat' dir='ltr'>p‘eri-</span> 
     </span>
     <span class='ocr_line' id='line_1_35' title="bbox 542 4208 3071 4287; baseline 0.003 -16"><span class='ocrx_word' id='word_1_278' title='bbox 542 4210 737 4272; x_wconf 91' lang='lat' dir='ltr'>·culis</span> <span class='ocrx_word' id='word_1_279' title='bbox 780 4210 1059 4272; x_wconf 87' lang='lat' dir='ltr'>animae</span> <span class='ocrx_word' id='word_1_280' title='bbox 1089 4208 1693 4287; x_wconf 85' lang='lat' dir='ltr'>abstraherentur,</span> <span class='ocrx_word' id='word_1_281' title='bbox 1728 4220 2053 4272; x_wconf 89' lang='lat' dir='ltr'>curatum</span> <span class='ocrx_word' id='word_1_282' title='bbox 2091 4219 2198 4273; x_wconf 90' lang='lat' dir='ltr'>est</span> <span class='ocrx_word' id='word_1_283' title='bbox 2228 4220 2304 4273; x_wconf 93' lang='lat' dir='ltr'>ut</span> <span class='ocrx_word' id='word_1_284' title='bbox 2341 4230 2464 4275; x_wconf 90' lang='lat' dir='ltr'>eas</span> <span class='ocrx_word' id='word_1_285' title='bbox 2494 4213 2564 4275; x_wconf 90' lang='lat' dir='ltr'>in</span> <span class='ocrx_word' id='word_1_286' title='bbox 2604 4232 2866 4278; x_wconf 88' lang='lat' dir='ltr'>uxores</span> <span class='ocrx_word' id='word_1_287' title='bbox 2896 4216 3016 4278; x_wconf 90' lang='lat' dir='ltr'>du·</span> <span class='ocrx_word' id='word_1_288' title='bbox 3066 4275 3071 4279; x_wconf 79' lang='grc'>,</span> 
     </span>
     <span class='ocr_line' id='line_1_36' title="bbox 546 4316 3030 4402; baseline 0.002 -22"><span class='ocrx_word' id='word_1_289' title='bbox 546 4326 823 4395; x_wconf 80' lang='lat' dir='ltr'>cerent,</span> <span class='ocrx_word' id='word_1_290' title='bbox 877 4335 919 4379; x_wconf 91' lang='lat' dir='ltr'>a</span> <span class='ocrx_word' id='word_1_291' title='bbox 968 4316 1218 4397; x_wconf 87' lang='lat' dir='ltr'>quibus</span> <span class='ocrx_word' id='word_1_292' title='bbox 1269 4317 1659 4395; x_wconf 90' lang='lat' dir='ltr'>periculum</span> <span class='ocrx_word' id='word_1_293' title='bbox 1720 4317 2161 4395; x_wconf 86' lang='lat' dir='ltr'>imminebat;</span> <span class='ocrx_word' id='word_1_294' title='bbox 2214 4320 2543 4399; x_wconf 85' lang='lat' dir='ltr'>quamvis</span> <span class='ocrx_word' id='word_1_295' title='bbox 2601 4321 2863 4402; x_wconf 86' lang='lat' dir='ltr'>alioqui</span> <span class='ocrx_word' id='word_1_296' title='bbox 2916 4340 3030 4385; x_wconf 92' lang='lat' dir='ltr'>res</span> 
     </span>
     <span class='ocr_line' id='line_1_37' title="bbox 561 4424 1636 4504; baseline 0 -18"><span class='ocrx_word' id='word_1_297' title='bbox 561 4424 735 4504; x_wconf 91' lang='lat' dir='ltr'>ipsis</span> <span class='ocrx_word' id='word_1_298' title='bbox 767 4425 1214 4487; x_wconf 90' lang='lat' dir='ltr'>incommoda</span> <span class='ocrx_word' id='word_1_299' title='bbox 1248 4424 1636 4487; x_wconf 88' lang='lat' dir='ltr'>accidebat.</span> 
     </span>
    </p>
   </div>
   <div class='ocr_carea' id='block_1_3' title="bbox 559 4524 3033 4721">
    <p class='ocr_par' dir='ltr' id='par_1_5' title="bbox 559 4524 3033 4721">
     <span class='ocr_line' id='line_1_38' title="bbox 671 4524 3033 4614; baseline 0.003 -21"><span class='ocrx_word' id='word_1_300' title='bbox 671 4524 819 4595; x_wconf 86' lang='grc'><strong>159.</strong></span> <span class='ocrx_word' id='word_1_301' title='bbox 908 4531 1044 4610; x_wconf 87' lang='lat' dir='ltr'>Qui</span> <span class='ocrx_word' id='word_1_302' title='bbox 1077 4532 1146 4594; x_wconf 90' lang='lat' dir='ltr'>in</span> <span class='ocrx_word' id='word_1_303' title='bbox 1177 4531 1499 4594; x_wconf 89' lang='lat' dir='ltr'>custodia</span> <span class='ocrx_word' id='word_1_304' title='bbox 1531 4531 1810 4611; x_wconf 89' lang='lat' dir='ltr'>publica</span> <span class='ocrx_word' id='word_1_305' title='bbox 1844 4532 2360 4614; x_wconf 90' lang='lat' dir='ltr'>detinebantur,</span> <span class='ocrx_word' id='word_1_306' title='bbox 2390 4536 2482 4598; x_wconf 91' lang='lat' dir='ltr'>ad</span> <span class='ocrx_word' id='word_1_307' title='bbox 2512 4535 3033 4600; x_wconf 89' lang='lat' dir='ltr'>confessionem</span> 
     </span>
     <span class='ocr_line' id='line_1_39' title="bbox 559 4639 3031 4721; baseline 0.002 -19"><span class='ocrx_word' id='word_1_308' title='bbox 559 4648 1019 4719; x_wconf 89' lang='lat' dir='ltr'>peccatorum</span> <span class='ocrx_word' id='word_1_309' title='bbox 1067 4639 1468 4701; x_wconf 87' lang='lat' dir='ltr'>faciendam</span> <span class='ocrx_word' id='word_1_310' title='bbox 1518 4648 1680 4701; x_wconf 92' lang='lat' dir='ltr'>sunt</span> <span class='ocrx_word' id='word_1_311' title='bbox 1719 4640 2040 4719; x_wconf 89' lang='lat' dir='ltr'>excitati;</span> <span class='ocrx_word' id='word_1_312' title='bbox 2093 4649 2162 4703; x_wconf 90' lang='lat' dir='ltr'>et</span> <span class='ocrx_word' id='word_1_313' title='bbox 2218 4642 2382 4721; x_wconf 92' lang='lat' dir='ltr'>quia</span> <span class='ocrx_word' id='word_1_314' title='bbox 2414 4660 2538 4705; x_wconf 92' lang='lat' dir='ltr'>eos</span> <span class='ocrx_word' id='word_1_315' title='bbox 2586 4653 2755 4706; x_wconf 88' lang='lat' dir='ltr'>tunc</span> <span class='ocrx_word' id='word_1_316' title='bbox 2810 4648 3031 4708; x_wconf 90' lang='lat' dir='ltr'>nostri</span> 
     </span>
    </p>
   </div>
   <div class='ocr_carea' id='block_1_4' title="bbox 561 4746 3032 4831">
    <p class='ocr_par' dir='ltr' id='par_1_6' title="bbox 561 4746 3032 4831">
     <span class='ocr_line' id='line_1_40' title="bbox 561 4746 3032 4831; baseline 0.003 -23"><span class='ocrx_word' id='word_1_317' title='bbox 561 4748 808 4810; x_wconf 90' lang='lat' dir='ltr'>audire</span> <span class='ocrx_word' id='word_1_318' title='bbox 839 4763 982 4809; x_wconf 92' lang='lat' dir='ltr'>non</span> <span class='ocrx_word' id='word_1_319' title='bbox 1013 4756 1415 4826; x_wconf 89' lang='lat' dir='ltr'>potuerunt,</span> <span class='ocrx_word' id='word_1_320' title='bbox 1441 4764 1567 4831; x_wconf 78' lang='lat' dir='ltr'>per</span> <span class='ocrx_word' id='word_1_321' title='bbox 1591 4746 1937 4826; x_wconf 85' lang='lat' dir='ltr'>quosdam</span> <span class='ocrx_word' id='word_1_322' title='bbox 1966 4748 2236 4811; x_wconf 87' lang='lat' dir='ltr'>nobiles</span> <span class='ocrx_word' id='word_1_323' title='bbox 2261 4760 2603 4813; x_wconf 85' lang='lat' dir='ltr'>curarunt</span> <span class='ocrx_word' id='word_1_324' title='bbox 2627 4769 2715 4814; x_wconf 92' lang='lat' dir='ltr'>ne</span> <span class='ocrx_word' id='word_1_325' title='bbox 2744 4753 2848 4815; x_wconf 90' lang='lat' dir='ltr'>eis</span> <span class='ocrx_word' id='word_1_326' title='bbox 2872 4771 3032 4816; x_wconf 91' lang='lat' dir='ltr'>con-</span> 
     </span>
    </p>
   </div>
  </div>
 </body>
</html>
