3679 5414
1578 447 1707 505 Ax.
1752 448 1889 506 1550
2884 442 2950 506 51

490 603 878 670 tronarum,
907 609 1088 671 quae
1109 592 1354 671 primis
1377 592 1747 655 dominicis
1763 592 2109 657 mensium
2124 592 2214 654 ad
2229 592 2720 656 incurabilium
2733 594 2953 655 suble·

491 697 853 761 vationem
881 698 1534 778 congregabantur,
1567 716 1696 778 per
1724 698 2102 763 conciones
2141 698 2216 761 P.
2263 697 2462 761 Pauli
2500 707 2570 762 et
2599 715 2765 762 suas
2794 717 2952 762 con·

494 821 786 868 servare
830 805 1117 868 studuit.
1152 804 1621 869 Tantumdem
1659 805 1744 869 de
1776 806 1914 868 alia
1946 806 2501 884 congregatione
2532 807 2622 869 ad
2666 825 2955 870 conver-

484 930 617 975 sas
653 921 723 975 et
775 911 866 974 ad
918 912 1248 975 mulieres
1285 913 1723 992 peccatrices
1752 911 2140 992 Juvandas;
2184 912 2271 974 de
2310 913 2749 976 notariorum
2791 914 2959 976 item

500 1020 1059 1099 congregatione
1089 1019 1431 1082 sollicitus
1463 1019 1534 1081 in
1563 1018 1792 1082 officio
1822 1037 1944 1082 eos
1976 1019 2337 1082 continere
2368 1021 2665 1083 curavit.

624 1125 758 1189 106.
847 1125 1027 1190 Cum
1075 1126 1290 1189 etiam
1337 1127 1770 1205 gubernator
1819 1126 2080 1189 Montis
2129 1127 2391 1205 regalis
2434 1145 2594 1189 eum
2638 1137 2963 1207 rogasset

501 1243 577 1297 ut
599 1234 926 1297 electioni
946 1233 1402 1313 Abbatissae,
1424 1251 1608 1314 quae
1627 1234 1700 1296 in
1722 1232 1982 1313 oppido
2001 1233 2407 1297 Concilione
2437 1234 2764 1297 facienda
2795 1245 2963 1298 tunc

488 1349 675 1420 -erat,
710 1341 1015 1418 adesset,
1050 1349 1127 1404 ut
1150 1340 1489 1404 canonice
1519 1358 1606 1403 ea
1634 1340 2183 1420 transigeretur,
2212 1339 2443 1404 effecit
2473 1359 2563 1404 ne
2586 1340 2965 1420 Juvencula

507 1448 856 1527 quaedam
893 1446 1196 1510 duorum
1234 1464 1449 1527 supra
1479 1447 1734 1526 viginti
1760 1447 1908 1510 sere
1948 1464 2296 1511 annorum
2335 1448 2712 1527 eligeretur
2752 1449 2964 1528 (quae

456 1601 460 1605 <
506 1554 873 1618 favoribus
901 1554 1283 1617 multorum
1312 1563 1381 1616 et
1412 1555 1578 1634 quia
1615 1554 1801 1617 bona
1845 1555 2065 1617 multa
2106 1555 2198 1617 ad
2236 1555 2745 1618 monasterium
2788 1564 2964 1618 attu-

504 1665 710 1740 lerat,
756 1662 848 1724 ad
900 1679 1059 1724 eam
1094 1661 1610 1741 praelationem
1646 1662 2230 1740 promovebatur,
2276 1680 2368 1724 ex
2406 1679 2544 1742 qua
2583 1663 2787 1726 ruina
2826 1680 2966 1725 mo-

464 1812 475 1822 ·
502 1769 793 1833 nasterii
834 1778 1305 1832 consecutura
1320 1768 1764 1847 putabatur),
1792 1768 1916 1831 sed
1940 1766 2031 1830 ad
2063 1768 2373 1848 aliquam
2404 1786 2488 1831 eo
2521 1770 2677 1831 loco
2701 1769 2964 1848 dignio-

505 1894 656 1939 rem
679 1885 910 1940 aetate
943 1893 1027 1939 ac
1058 1876 1319 1938 virtute
1350 1875 1810 1938 maturiorem
1850 1892 1926 1937 se
1959 1875 2300 1938 moniales
2338 1885 2864 1955 converterent;
2899 1886 2966 1940 et

504 1984 608 2045 sic
637 1983 777 2045 alia
807 1983 1033 2046 electa
1063 1991 1200 2060 est,
1245 2000 1427 2062 quae
1465 1982 1681 2045 etiam
1728 1981 1814 2044 de
1856 1981 2353 2044 reformatione
2394 1999 2609 2061 agere
2650 1983 2880 2063 coepit
2923 1981 2962 2045 ¹.

632 2089 765 2152 107.
851 2089 1096 2153 Mense
1111 2088 1867 2181 SeptembriDominus
1883 2088 2375 2152 Ferdinandus
2396 2088 2482 2151 de
2504 2088 2736 2168 Vega,
2763 2106 2968 2168 quem

506 2197 1035 2261 Praesidentem
1061 2196 1386 2276 superius
1401 2196 1945 2275 nominavimuS,
1965 2194 2148 2258 filius
2170 2194 2552 2275 Pro-regiS,
2573 2195 2868 2277 Joannis
2883 2197 2969 2260 de

508 2304 749 2384 Vega,
807 2322 969 2366 cum
1018 2303 1265 2366 eodem
1316 2302 1502 2381 (sic)
1559 2303 1631 2365 in
1687 2303 1935 2365 morbo
1991 2302 2123 2365 sibi
2179 2302 2627 2366 assistentem
2681 2303 2756 2367 P.
2811 2303 2967 2367 Hie·

511 2428 889 2491 ronymum
916 2410 1277 2473 habuisset
1300 2418 1370 2472 et
1393 2427 1574 2489 quae
1597 2410 1859 2473 bonum
1883 2427 1967 2471 ac
1991 2409 2184 2489 pium
2207 2409 2669 2473 christianum
2694 2410 2966 2489 decent,

513 2518 1005 2597 praestitisset,
1040 2535 1127 2579 ex
1158 2516 1293 2579 hac
1323 2516 1471 2578 vita
1501 2516 1803 2580 decessit
1832 2515 1877 2578 ².

639 2622 772 2687 108.
865 2623 1044 2687 Cum
1073 2623 1546 2703 significatum
1575 2621 1822 2686 fuisset
1852 2618 2172 2701 Pro-regi
2213 2642 2299 2686 ac
2330 2622 2482 2702 ejus
2522 2624 2663 2688 filio
2702 2624 2970 2687 Praesi-

504 2733 738 2811 -denti,
773 2731 942 2794 dum
969 2732 1279 2810 viveret,
1324 2731 1491 2794 utile
1532 2730 1621 2794 ad
1662 2732 2202 2794 conversionem
2244 2731 2626 2795 infidelium
2664 2733 2815 2795 fore
2853 2733 2970 2795 ali-

511 2856 693 2919 quos
738 2856 1001 2920 pueros
1051 2839 1122 2901 in
1174 2839 1463 2902 arabica
1504 2839 1775 2918 lingua,
1821 2855 2004 2918 quae
2042 2837 2380 2902 africanis
2416 2849 2523 2902 est
2560 2840 2970 2919 vernacula,

511 2946 945 3009 exercitatos
967 2963 1246 3025 capere,
1273 2963 1449 3026 quos
1471 2962 1902 3008 conservare
1924 2946 2024 3008 illi
2046 2946 2380 3009 deberent
2403 2955 2472 3009 et
2493 2947 2567 3009 in
2589 2947 2974 3010 christiana

510 3053 841 3116 doctrina
872 3072 959 3116 ac
987 3053 1329 3132 religione
1359 3053 1748 3130 instituere,
1780 3060 1857 3115 ut
1886 3070 2010 3132 per
2037 3053 2332 3134 seips05,
2364 3054 2481 3117 vel
2505 3054 2757 3116 saltem
2780 3062 2857 3116 ut
2877 3054 2975 3115 in-

519 3169 887 3240 terpreteS,
922 3159 1262 3240 prodesse
1292 3177 1464 3223 suae
1492 3160 1799 3222 nationis
1829 3159 2226 3223 hominibus
2248 3169 2558 3240 possent,
2587 3178 2748 3223 cum
2771 3159 2977 3223 Prae·

519 3267 759 3330 sidens
790 3266 849 3329 F
853 3265 1284 3329 erdinandus
1313 3265 1399 3329 de
1428 3266 1637 3345 Vega
1666 3284 1757 3329 ex
1786 3267 2326 3330 monasteriensi
2366 3267 2755 3348 direptione
2798 3267 2980 3330 inter

520 3374 662 3438 alia
712 3374 1067 3454 mancipia
1118 3391 1415 3454 puerum
1464 3374 1648 3436 bono
1686 3374 1970 3452 ingenio
2008 3374 2407 3454 praeditum
2445 3374 2779 3455 cepisset,
2827 3374 2979 3441 Col·

520 3481 709 3560 legio
741 3480 1247 3544 Panormitano
1279 3481 1464 3543 dono
1488 3479 1699 3543 dedit.
1736 3481 1882 3544 Alii
1909 3481 2123 3543 etiam
2154 3480 2435 3556 deinde,
2471 3479 2718 3544 Africa
2747 3489 2977 3562 capta,

522 3606 569 3650 a
596 3588 938 3666 Pro-rege
969 3587 1214 3651 donati
1234 3595 1417 3664 sunt;
1455 3587 1579 3650 sed
1607 3588 1842 3666 pauci,
1868 3588 2082 3650 immo
2106 3604 2288 3650 unus
2309 3597 2583 3650 tantum
2606 3588 2708 3650 sic
2731 3605 2807 3651 se
2829 3605 2983 3668 ges·

490 3733 500 3740 -
528 3695 642 3774 sit,
686 3703 764 3756 ut
793 3695 977 3757 inter
1006 3702 1290 3756 nostros
1321 3693 1729 3757 retinendus
1758 3693 2142 3757 videretur.

653 3800 785 3864 109.
874 3800 1134 3883 Docuit
1165 3801 1377 3864 etiam
1420 3802 1856 3880 experientia
1904 3820 2044 3864 non
2087 3803 2383 3864 multum
2412 3802 2651 3881 pueris
2681 3802 2985 3864 indolem

526 3907 621 3970 ad
662 3907 1219 3989 praedicandum
1255 3925 1426 3988 prae
1465 3927 1540 3971 se
1579 3907 1962 3972 ferentibus
2003 3908 2494 3972 confidendum
2531 3926 2720 3987 esse,
2764 3907 2987 3971 donec

520 4024 763 4079 aetate
792 4015 1176 4079 maturiore
1207 4033 1452 4078 eorum
1481 4016 1710 4079 virtus
1740 4017 1827 4079 sit
1857 4025 2252 4096 perspecta,
2286 4016 2704 4095 praesertim
2728 4015 2787 4078 si
2811 4017 2988 4078 bene

528 4122 834 4185 instituti
861 4139 990 4184 sua
1020 4122 1092 4184 in
1120 4122 1420 4202 pueritia
1448 4140 1591 4184 non
1621 4121 1908 4200 fuerint;
1951 4140 2116 4185 nam
2157 4123 2723 4186 adolescentulus
2760 4122 2875 4185 ille
2904 4126 2989 4187 si·

613 4324 632 4358 Ι
690 4323 958 4379 Polaticus,
982 4336 1047 4368 ex
1067 4327 1463 4378 commissione
1496 4324 1643 4369 Patri
1678 4325 1990 4382 Hieronymo
2025 4325 2218 4380 Natali,
2254 4331 2309 4369 ut
2343 4326 2521 4370 videat
2554 4336 2620 4370 an
2660 4338 2714 4370 se
2752 4328 2993 4381 expedire

502 4437 509 4442 .
530 4397 768 4441 omnibus
787 4396 952 4451 possit
972 4402 1024 4440 et
1045 4396 1261 4440 Romam
1283 4398 1393 4440 sine
1415 4397 1539 4440 Pto·
1520 4397 1681 4450 -regis
1703 4397 1983 4440 offensione
2003 4402 2094 4440 aut
2114 4408 2288 4440 rerum
2308 4396 2707 4441 Messanensium
2727 4403 2817 4441 aut
2839 4399 2997 4444 etiam

534 4467 799 4522 suiipsius
820 4467 1128 4512 detrimento
1148 4469 1344 4522 venire,
1369 4470 1420 4512 15
1439 4475 1490 4512 et
1511 4469 1565 4512 22
1583 4468 1629 4512 N
1632 4469 1908 4513 ovembri³

614 4537 641 4570 ¹
696 4539 976 4594 Polancus,
999 4551 1065 4583 ex
1084 4539 1486 4594 commissione,
1506 4541 1568 4584 de
1589 4539 1902 4584 Ferdinandi
1924 4546 1977 4584 et
1999 4539 2148 4584 Sueri
2177 4541 2239 4584 de
2258 4539 2411 4596 vega
2443 4542 2785 4597 aegritudine,
2803 4542 2872 4586 23
2899 4543 3000 4586 Au-

529 4609 696 4664 gusti.
712 4610 947 4665 ignatius
969 4611 1230 4664 joannide
1246 4611 1398 4667 Vega
1418 4613 1626 4667 ejusque
1644 4611 1777 4656 filiae
1796 4612 2148 4668 Elisabethae,
2167 4614 2229 4656 de
2247 4621 2408 4657 morte
2424 4612 2737 4702 Ferdinandi
2755 4614 2817 4658 de
2833 4613 2998 4669 Vega,

532 4681 919 4726 consolatoriae
940 4681 1168 4737 litterae,
1196 4684 1215 4726 1
1236 4682 1559 4727 Novembris.
