3679 5414
712 453 822 511 566
1393 451 1410 468 ⁶
1636 453 1892 514 ennon.
1934 454 2086 516 Soc.
2133 456 2269 530 Jns.

715 609 784 662 et
815 600 1105 681 illyrici,
1139 601 1235 663 ita
1265 612 1364 680 ut,
1398 619 1560 664 cum
1591 602 2015 665 accederent
2053 603 2685 684 IngolstadienseS,
2724 604 2873 685 ‚iam
2908 616 3185 671 nostro-

715 725 873 770 rum
902 725 1238 771 numerus
1268 708 1358 770 ad
1399 709 1653 788 viginti
1692 710 1999 790 quinque
2037 710 2361 774 Viennae
2406 712 2865 776 ascendisset.
2911 713 3183 778 Civitas

717 815 836 878 illa
874 815 1335 892 Viennensis,
1389 827 1464 880 ut
1514 817 1853 880 Austriae
1906 827 2118 897 caput
2162 826 2230 880 et
2275 818 2392 881 ubi
2432 820 2632 898 regia
2678 818 3018 899 majestas
3060 821 3180 885 diu

713 922 1101 1002 residebat,
1150 923 1661 987 confluentibus
1710 924 2198 1004 undecumque
2241 925 2605 989 variarum
2650 927 3182 1006 provinciarum

715 1029 1117 1092 hominibus
1145 1029 1478 1110 frequens
1506 1039 1692 1110 erat,
1726 1049 1858 1094 nec
1889 1033 2118 1095 solum
2160 1051 2250 1095 ex
2287 1033 2640 1112 Ungaria,
2684 1051 2896 1113 quam
2937 1043 3182 1098 turcae

718 1137 1128 1216 vastabant,
1162 1138 1361 1199 multi
1391 1156 1475 1200 eo
1503 1148 1881 1217 venerant,
1917 1138 2042 1202 sed
2070 1139 2284 1202 etiam
2323 1158 2412 1202 ex
2450 1140 2654 1204 Italia
2677 1189 2691 1218 ,
2738 1140 2828 1202 ad
2867 1158 3072 1204 arces
3114 1151 3187 1204 et

715 1246 1253 1324 propugnacula
1283 1245 1809 1323 constituenda,
1847 1263 2110 1326 magna
2140 1247 2470 1310 italorum
2511 1248 2884 1311 multitudo
2929 1265 3182 1312 conve·
3242 1223 3254 1238 ’

719 1360 953 1429 nerat;
987 1350 1110 1413 sed
1140 1351 1243 1430 hi,
1278 1351 1445 1414 dum
1476 1353 1662 1433 apud
1693 1354 2055 1416 nationem
2094 1353 2379 1433 linguae
2420 1355 2842 1434 peregrinae
2887 1356 3184 1419 sollicite

718 1458 1126 1521 necessaria
1155 1460 1441 1539 corpori
1472 1467 1850 1540 quaerunt,
1886 1461 1957 1522 in
1986 1477 2247 1539 magna
2288 1477 2523 1523 rerum
2561 1461 3033 1540 spiritualium
3070 1479 3183 1541 pe·

717 1565 926 1628 nuria
963 1566 1466 1645 versabantur,
1521 1575 1594 1630 ut
1646 1567 1765 1646 qui
1815 1567 2267 1631 sacerdotum
2314 1567 2664 1645 subsidio,
2714 1569 2830 1648 qui
2873 1568 3186 1649 ipsorum

720 1672 1040 1752 linguam
1068 1673 1576 1752 intelligerent,
1617 1674 1965 1749 destituti,
2010 1672 2473 1738 Sacramento
2514 1675 2982 1738 confessionis
3013 1673 3187 1754 jam-

723 1779 843 1842 diu
898 1780 1211 1861 plerique
1270 1790 1668 1844 caruerant.
1729 1781 1934 1860 Quod
1991 1769 2389 1861 intelligens
2447 1782 2523 1845 P.
2586 1781 2923 1846 Claudius
2983 1782 3187 1845 statis

720 1887 966 1951 diebus
995 1886 1526 1952 haebdomadae
1557 1889 1832 1970 aliquos
1862 1907 1953 1951 ex
1982 1885 2317 1951 fratribus
2347 1889 2669 1952 mittebat
2691 1938 2705 1967 ,
2749 1889 2868 1969 qui
2907 1907 2991 1952 ea
3029 1890 3187 1952 loca

717 2006 786 2060 et
828 1997 1180 2075 officinaS,
1223 1997 1341 2059 ubi
1384 1996 1535 2058 itali
1583 1994 1983 2076 hujusmodi
2027 2013 2230 2058 suam
2270 2013 2561 2076 operam
2605 1985 2999 2075 navabant,
3054 1997 3187 2060 cir-

717 2106 1265 2167 cumlustrarent
1306 2111 1377 2165 et
1425 2102 1893 2166 familiaribus
1943 2101 2310 2183 c'olloquiis
2360 2103 2450 2166 ad
2496 2103 3011 2166 confessionem
3061 2121 3186 2166 eos

716 2219 785 2274 et
814 2211 906 2274 ad
929 2212 1346 2274 concionem
1377 2210 1693 2276 italicam
1725 2210 2135 2289 invitarent3
2161 2210 2312 2273 sine
2343 2211 2486 2273 ulla
2516 2209 2841 2273 mercede
2870 2211 3184 2274 medicos

718 2318 1116 2381 animarum
1145 2326 1212 2381 et
1242 2318 1639 2398 spiritualia
1669 2318 1923 2381 solatia
1954 2335 2076 2381 eos
2106 2318 2522 2381 inventuros
2551 2335 2729 2381 esse.
2756 2319 2845 2382 Et
2873 2319 2993 2396 ita,
3023 2335 3184 2381 cum

718 2443 833 2488 res
877 2425 1326 2503 innotuisset,
1388 2441 1651 2504 magna
1690 2425 2055 2489 hominum
2092 2424 2464 2489 multitudo
2505 2425 2577 2487 in
2628 2425 3176 2505 quadragesima

719 2531 811 2594 ad
863 2532 1335 2612 poenitentiae
1387 2542 1455 2594 et
1510 2532 2025 2595 communionis
2074 2542 2522 2598 sacramenta
2580 2532 3037 2612 percipienda
3093 2533 3183 2595 ad

717 2648 1004 2701 nostros
1043 2649 1558 2717 convenerunt,
1603 2647 1671 2702 et
1714 2639 1802 2701 ad
1856 2639 2238 2702 conciones
2286 2656 2533 2702 sacras
2584 2638 3003 2718 audiendas;
3055 2657 3188 2702 nec

719 2748 948 2809 solum
979 2746 1107 2824 illi,
1145 2764 1320 2826 quos
1350 2747 1574 2809 nostri
1605 2742 1863 2810 fratres
1895 2747 2411 2826 invitaverant,
2446 2748 2570 2810 sed
2603 2749 2855 2827 ingens
2893 2755 3187 2810 caterva

718 2854 1020 2917 militum
1067 2862 1137 2917 et
1187 2871 1465 2932 eorum,
1521 2855 1640 2935 qui
1690 2857 1894 2917 aulas
1944 2871 2188 2917 eorum
2236 2855 2633 2935 principum
2685 2855 3183 2934 sequebantur,

720 2979 1019 3042 quorum
1048 2961 1248 3023 multi
1278 2961 1557 3041 hispani
1585 2969 1654 3024 et
1683 2961 1854 3040 galli
1886 2970 2111 3024 erant.
2146 2960 2368 3023 Fama
2400 2961 2613 3024 etiam
2643 2961 2734 3024 ad
2778 2962 2918 3024 alia
2957 2978 3183 3024 remo-

719 3068 904 3131 tiora
941 3070 1097 3131 loca
1138 3069 1226 3130 ab
1266 3086 1350 3130 ea
1391 3069 1563 3131 urbe
1597 3077 1993 3147 pervagata
2044 3076 2180 3147 est,
2225 3068 2409 3131 unde
2459 3068 2740 3149 plurimi
2791 3068 2883 3131 ad
2925 3068 3188 3131 festum

716 3174 1037 3239 Paschae
1068 3193 1158 3237 ex
1187 3175 1481 3237 remotis
1510 3174 1727 3238 etiam
1755 3175 1930 3238 locis
1963 3174 2432 3252 advenerunt,
2468 3192 2766 3253 quorum
2807 3174 3189 3238 confessio·

718 3300 846 3345 nes
874 3282 1099 3345 nostri
1129 3282 1504 3345 audierunt
1535 3292 1635 3361 et,
1671 3291 1965 3362 accepta
1997 3299 2040 3343 a
2069 3280 2464 3344 Viennensi
2492 3281 2850 3361 Episcopo
2891 3281 3182 3344 faculta-

720 3399 820 3468 te,
860 3389 930 3452 in
959 3389 1159 3453 sestis
1187 3388 1651 3452 Paschalibus
1695 3387 2233 3452 sanctissimam
2272 3389 2795 3454 Eucharistiam
2832 3389 3185 3452 ministra·

719 3506 996 3560 verunt.
1024 3497 1212 3560 Inter
1235 3496 1365 3559 hos
1385 3496 1694 3560 familiae
1718 3495 2069 3576 quaedam
2098 3496 2448 3571 italorum,
2477 3498 2594 3575 qui
2625 3496 3015 3576 municipes
3037 3495 3187 3576 jam

720 3605 1157 3668 mutinenses
1193 3613 1428 3682 erant,
1471 3622 1615 3666 non
1653 3603 1935 3667 infimae
1985 3613 2197 3666 notae
2243 3604 2564 3667 homines
2613 3604 3061 3681 exstiterunt,
3117 3613 3188 3666 et

723 3713 988 3776 alumni
1018 3712 1320 3774 duorum
1348 3712 1815 3791 collegiorum
1845 3712 2261 3791 provinciae
2290 3711 2654 3789 Austriae‚
2691 3728 2989 3791 quorum
3018 3712 3186 3773 alte-

722 3837 882 3882 rum
922 3836 1313 3899 pauperum
1356 3826 1530 3881 erat.
1577 3817 1896 3881 Nuncius
1935 3819 2151 3881 etiam
2192 3818 2647 3898 apostolicuS,
2696 3829 2766 3881 et
2804 3817 3060 3881 Comes
3098 3818 3185 3882 de

723 3926 1046 4004 TurnOV,
1079 3927 1409 4006 polonuS‚
1445 3934 1514 3988 et
1545 3925 1665 3988 alii
1691 3925 2012 4006 plerique
2042 3924 2252 3988 aulici
2282 3925 2392 3988 his
2430 3925 2898 3988 sacramentis
2941 3925 3187 3988 refecti

722 4033 1028 4111 fuerunt,
1056 4049 1354 4113 quorum
1386 4033 1603 4112 aliqui
1624 4031 1700 4095 P.
1737 4031 2111 4097 Claudium
2142 4033 2213 4096 in
2243 4032 2679 4096 ordinarium
2707 4031 3185 4096 confessorem

724 4141 1106 4220 elegerant.
1142 4140 1286 4203 Alii
1315 4141 1531 4203 etiam
1562 4140 1737 4203 clari
1767 4139 1906 4203 viri
1936 4140 2023 4202 de
2053 4140 2336 4202 casibus
2373 4139 2849 4202 conscientiae
2890 4139 3187 4202 subinde

725 4265 884 4310 eum
915 4248 1397 4310 consulebant.
1433 4246 1645 4311 Solus
1675 4247 1860 4309 inter
1887 4255 2176 4309 nostros
2204 4245 2610 4309 sacerdotes
2650 4246 2719 4308 in
2763 4263 2849 4308 ea
2888 4246 3187 4327 quadra·

724 4355 998 4433 gesima
1038 4354 1356 4432 linguam
1398 4354 1886 4433 germanicam
1934 4351 2012 4415 P.
2066 4352 2395 4416 Canisius
2444 4353 2760 4430 tenebat,
2815 4354 2932 4433 qui
2983 4370 3186 4416 suam

729 4479 1019 4541 operam
1047 4479 1191 4524 non
1222 4461 1450 4524 solum
1481 4462 1665 4523 ultro
1694 4460 2139 4523 venientibus
2168 4459 2536 4540 impendit,
2568 4460 2695 4523 sed
2726 4459 2815 4522 ad
2859 4477 3188 4523 carceres

729 4569 878 4649 ipse
910 4586 986 4631 se
1017 4568 1390 4631 conferens
1414 4585 1499 4631 ac
1524 4583 1785 4645 magna
1808 4566 2279 4630 sollicitudine
2303 4584 2388 4630 ac
2412 4566 2819 4631 difficultate
2843 4586 2966 4631 eos
2988 4585 3183 4649 prae·

726 4693 1020 4755 paranS,
1075 4676 1166 4739 ad
1216 4674 1733 4737 confessionem
1780 4674 2067 4737 tandem
2106 4682 2174 4736 et
2214 4674 2826 4753 participationem
2864 4676 3187 4755 corporis
