3679 5414
660 427 772 488 338
1576 427 1830 491 Cnnox.
1871 425 2030 490 Soc.
2071 429 2213 503 Jsss.

666 574 836 636 dere
892 572 1526 654 Archiepiscopum
1583 583 2003 638 tentaverat.
2066 574 2497 654 Concepisse
2552 575 2918 640 dicebatur
2977 595 3128 641 ma*
3229 607 3234 610 -

666 697 885 760 gnam
935 689 1185 743 contra
1234 678 1660 745 Societatem
1714 690 2040 745 nostram
2092 682 2672 763 indignationem,
2718 700 2849 746 nec
2891 684 3136 752 solum

663 788 1000 851 irridebat
1039 805 1202 851 cum
1240 788 1327 852 de
1365 805 1450 851 ea
1488 790 1915 869 loqueretur,
1970 790 2094 853 sed
2136 789 2533 853 haereticos
2578 789 2790 853 etiam
2837 800 3133 856 nostros

660 897 995 959 vocabat.
1026 896 1210 976 Quia
1239 906 1477 960 tamen
1505 896 1658 959 sine
1686 896 1974 960 licentia
2002 896 2222 977 Regis
2261 899 2377 962 vel
2412 896 2959 980 Archiepiscopi
2998 900 3124 963 ali-

660 1003 778 1081 qui
826 1002 1155 1070 dicebant
1203 1021 1346 1067 non
1393 1003 1705 1084 potuisse
1754 1005 2305 1083 gubernatorem
2361 1005 2932 1085 Complutensem
2990 1024 3131 1071 nec

660 1111 1126 1191 magistratus
1156 1112 1395 1193 oppidi
1433 1121 1714 1192 portam
1752 1113 1946 1174 illam
1976 1121 2296 1192 apertam
2330 1122 2578 1175 nostro
2608 1112 2924 1193 Collegio
2960 1133 3126 1179 con—

663 1219 915 1283 cedere
934 1267 949 1297 ,
984 1218 1300 1283 decrevit
1327 1218 1405 1281 P.
1439 1218 1823 1282 Villanova
1853 1219 1987 1281 hoc
2018 1218 2359 1281 beneficio
2389 1220 2578 1282 aeris
2614 1237 2700 1283 ac
2738 1223 3124 1286 recreatio—

658 1326 768 1388 nis
804 1326 1198 1405 Collegium
1241 1342 1445 1388 suum
1480 1325 1769 1406 privare
1808 1335 1878 1389 et
1915 1334 2195 1405 portam
2241 1325 2679 1405 praedictam
2721 1328 3124 1408 occludere;

658 1450 783 1512 per
813 1432 999 1502 hanc
1028 1432 1214 1496 enim
1244 1432 1785 1497 submissionem
1815 1450 1899 1496 ac
1938 1432 2409 1496 obedientiam
2446 1433 2948 1514 conquieturus
2985 1436 3127 1499 Ar*

660 1540 1155 1620 chiepiscopus
1183 1538 1583 1604 videbatur.

775 1646 917 1708 353.
1008 1647 1166 1711 Non
1193 1646 1307 1710 his
1345 1654 1583 1709 tamen
1623 1643 1772 1724 eJ‘us
1811 1645 2089 1709 animus
2116 1648 2436 1727 expletus
2471 1646 2632 1726 fuit,
2678 1648 2802 1711 sed
2832 1665 3126 1728 praece«

658 1763 855 1834 ptum
905 1754 1097 1818 aliud
1140 1753 1448 1834 capitulo
1489 1753 1833 1816 ecclesiae
1865 1752 2367 1833 complutensis
2405 1762 2475 1816 et
2504 1755 2863 1833 parochiis
2890 1765 3124 1819 trans—

657 1860 880 1939 misit,
916 1869 990 1924 ut
1022 1860 1095 1923 in
1122 1860 1424 1941 publicis
1463 1860 1920 1939 suggestibus
1955 1860 2468 1940 perlegeretur,
2504 1869 2581 1924 ut
2619 1861 2950 1925 theatinis
2989 1863 3126 1938 (sic

652 1968 842 2031 enim
871 1968 1182 2032 vocabat
1213 1965 1637 2031 Societatem
1673 1966 2018 2045 nostram)
2049 1968 2506 2047 praedicatio,
2543 1978 2611 2030 et
2640 1969 2952 2034 omnium
2993 1969 3124 2034 Sa—

656 2083 1184 2138 cramentorum
1235 2073 1753 2137 administratio
1806 2083 1875 2137 et
1925 2073 2186 2137 Missae
2236 2075 2452 2137 etiam
2490 2076 2869 2139 celebratio
2905 2076 3114 2141 inter-

655 2182 1031 2261 diceretur;
1065 2181 1191 2245 sed
1219 2181 1453 2245 visum
1482 2189 1589 2244 est
1618 2181 1881 2245 nostris
1902 2182 2174 2261 amicis,
2202 2182 2383 2245 inter
2406 2199 2582 2263 quos
2605 2193 2759 2247 erat
2783 2183 2910 2248 Dr.
2937 2185 3114 2249 Ver-

651 2306 865 2369 gara,
910 2306 1211 2370 propere
1243 2297 1406 2352 ante
1436 2288 1950 2352 intimationem
1988 2287 2195 2368 hujus
2230 2291 2595 2371 praecepti
2631 2292 2905 2356 litteras
2947 2310 3118 2373 apo-

654 2399 944 2462 stolicas
1008 2406 1078 2461 et
1141 2397 1519 2478 privilegia
1594 2395 1968 2461 Societatis
2037 2396 2331 2460 vicario
2403 2397 2881 2478 Complutensi
2957 2418 3123 2464 esse

653 2505 1076 2584 intimanda,
1111 2512 1188 2566 ut
1224 2503 1325 2566 illi
1364 2512 1726 2568 constaret
1764 2502 1950 2584 quod
1989 2511 2058 2567 et
2097 2504 2507 2567 concionari
2543 2514 2612 2567 et
2648 2504 3116 2571 Sacramenta

652 2611 1154 2676 administrare
1184 2619 1253 2673 et
1291 2609 1548 2674 Missas
1592 2610 1951 2673 celebrare
1994 2618 2237 2690 posset
2276 2608 2627 2687 Societas3
2675 2621 2745 2675 et
2787 2614 3125 2693 quamvis

655 2720 767 2783 ille
797 2719 1076 2784 dicebat
1105 2736 1183 2791 se
1211 2735 1355 2781 non
1383 2735 1594 2798 posse
1635 2735 1777 2780 non
1816 2717 2102 2781 obedire
2144 2718 2725 2800 Archiepiscop0‚
2774 2721 3114 2786 abstinuit

655 2838 893 2891 tamen
923 2846 965 2890 a
997 2826 1474 2905 publicatione
1502 2824 1996 2906 prohibitionis
2024 2834 2093 2889 et
2122 2826 2460 2889 nuncium
2499 2827 2592 2889 ad
2619 2826 3116 2909 Archiepisco-

651 2951 819 3014 pum
868 2933 1058 2998 misit
1100 2942 1170 2996 et
1206 2934 1511 3014 litteraS‚
1563 2933 1814 3013 quibus
1865 2932 1930 2995 ei
1979 2931 2426 3012 significabat
2464 2943 2752 2997 nostros
2802 2936 3116 3015 legitime

654 3059 865 3122 posse
896 3058 1232 3105 exercere
1262 3059 1446 3121 quae
1477 3042 1624 3120 ipse
1652 3038 2068 3120 prohibebat
2103 3037 2141 3102 ¹.

768 3149 911 3214 354.
998 3148 1267 3239 Eodem
1296 3148 1410 3212 die
1436 3146 1513 3211 Ρ.
1546 3146 1933 3211 Villanova
1955 3146 2278 3211 Toletum
2301 3148 2659 3228 profectus
2684 3158 2812 3229 est,
2840 3167 2924 3211 eo
2948 3167 3118 3213 con-

650 3257 808 3320 silio
838 3266 947 3337 ut,
983 3257 1045 3320 si
1085 3257 1291 3320 bonis
1331 3254 1561 3318 modis
1599 3271 1683 3316 ac
1724 3254 2119 3317 rationibus
2155 3271 2299 3316 non
2337 3265 2576 3335 posset
2619 3255 3110 3336 Archiepisco-

650 3381 818 3443 pum
848 3366 1168 3446 placare,
1216 3364 1306 3426 ad
1347 3361 1735 3425 Consilium
1776 3361 2052 3440 regium
2095 3378 2173 3424 se
2211 3361 2594 3442 conferret,
2639 3380 2729 3426 ne
2772 3363 2919 3426 vim
2956 3362 3118 3429 fieri

645 3470 986 3535 Societati
1036 3479 1285 3534 contra
1334 3468 1867 3532 concessionem
1908 3466 2111 3531 Sedis
2152 3468 2606 3549 Apostolicae
2649 3469 3116 3550 permitteret;

650 3588 719 3641 et
761 3578 1173 3659 priusquam
1202 3576 1525 3639 Toletum
1551 3575 1859 3654 veniret,
1894 3592 2057 3637 cum
2086 3575 2282 3638 curia
2310 3575 2642 3639 Madridii
2669 3587 3108 3658 versaretur,

650 3685 1135 3766 praesentavit
1165 3684 1438 3747 litteras
1468 3683 1898 3762 apostolicas
1927 3682 2000 3749 in
2028 3681 2338 3751 Consilio
2382 3692 2451 3746 et
2494 3683 2975 3764 provisionem
3014 3686 3115 3748 ab

647 3810 732 3855 eo
773 3792 1157 3872 postulavit
1196 3800 1271 3855 ut
1310 3799 1548 3872 posset
1594 3790 1922 3854 intimare
1959 3790 2234 3853 litteras
2272 3790 2700 3869 apostolicas
2738 3790 3110 3872 Archiepi*

641 3917 880 3979 scopo.
914 3899 1054 3964 Sed
1083 3899 1248 3980 quia
1277 3899 1454 3962 haec
1484 3915 1628 3961 non
1657 3906 1803 3961 tam
1834 3897 1973 3960 cito
2003 3896 2303 3976 transigi
2332 3898 2561 3961 solent
2590 3915 2753 3961 cum
2791 3898 3109 3962 Consilio

640 4007 863 4087 regio,
897 4005 984 4069 de
1014 4006 1307 4071 consilio
1347 4005 1602 4069 Nuncii
1641 4003 2011 4083 apostolici
2053 4011 2123 4065 et
2162 4021 2324 4066 cum
2363 4002 2675 4084 ejusdem
2719 4005 2970 4069 litteris
3014 4005 3108 4069 ad

639 4112 1279 4194 Archiepiscopum
1328 4131 1414 4177 ac
1464 4112 1641 4176 alios
1681 4111 2001 4174 Toletum
2050 4110 2384 4191 perrexit.
2431 4110 2588 4174 Non
2636 4110 3107 4177 dissimulavit

640 4220 1245 4301 Archiepiscopus
1273 4238 1353 4283 se
1378 4221 1561 4284 male
1588 4218 1659 4282 in
1692 4216 2117 4282 Societatem
2147 4217 2477 4282 affectum
2508 4235 2694 4297 esse,
2737 4227 2806 4282 et
2847 4237 3114 4283 causas

717 4462 734 4494 ¹
797 4461 1069 4515 Polancns,
1091 4473 1157 4505 ex
1176 4471 1325 4513 com..
1345 4457 1490 4505 Patri
1511 4458 1791 4503 Franclsco
1813 4459 1877 4502 de
1897 4456 2195 4512 villanova,
2216 4469 2316 4502 non
2336 4469 2449 4502 esse
2469 4469 2596 4512 opus
2616 4458 2766 4501 novis
2786 4458 3115 4513 Apostollcis

587 4554 595 4585 7
638 4533 830 4577 litter-le
850 4539 907 4578 ut
926 4533 991 4577 lis
1012 4534 1249 4577 solvatur
1268 4533 1330 4576 de
1350 4533 1499 4576 domo
1520 4536 1573 4575 et
1590 4530 1742 4577 horto
1764 4529 2110 4585 Complutensi
2131 4537 2315 4575 exorta
2329 4563 2340 4585 ‚
2372 4532 2392 4574 1
2426 4529 2625 4583 Marum
2659 4531 2822 4574 eidem
2845 4536 2901 4574 ut
2923 4530 3106 4577 videat

573 4638 584 4666 5
633 4616 701 4647 an
726 4605 967 4660 expediat
986 4611 1043 4649 ut
1066 4604 1357 4650 cardinalis
1380 4603 1554 4648 Sancti
1577 4602 1753 4661 jacobi
1776 4604 1986 4648 litteras
2003 4601 2261 4647 Cardlnall
2285 4603 2533 4646 Toletano
2550 4601 3108 4647 detcommendatitias

576 4674 629 4718 ‘S
653 4676 917 4731 celemus,
943 4678 963 4721 1
988 4676 1132 4731 Julll.
