3679 5414
741 455 848 514 190
1674 452 1930 512 Canon.
1971 451 2123 518 Soc.
2165 452 2304 526 Jas,

741 600 1060 679 virgines
1108 599 1410 678 aliquae,
1470 615 1652 678 quae
1681 599 2099 677 religionem
2154 598 2406 660 deinde
2453 598 2820 677 ingressae
2876 606 3038 659 sunt
3060 645 3074 674 ,
3134 606 3203 659 et

737 707 991 770 doctor
1039 705 1328 786 quidam
1365 705 1733 785 utriusque
1777 704 1987 785 juris,
2030 704 2147 785 qui
2187 704 2492 785 idipsum
2534 704 2773 767 facere
2812 704 3197 767 constituit.

860 813 961 876 52.
1049 812 1289 875 Mense
1320 811 1701 878 Decembri
1734 812 2272 876 instructionem
2301 830 2344 875 a
2373 810 2448 874 Ρ.
2477 810 2755 890 Ignatio
2776 820 3203 890 acceperunt

740 929 890 983 tam
918 918 994 981 Ρ.
1027 918 1454 982 Paschasius
1471 931 1487 994 ,'
1523 919 2144 1000 superintendenS,
2179 936 2394 999 quam
2430 918 2874 995 PelletariuS,
2914 918 3199 996 Rector,

743 1036 820 1089 ut
845 1025 1213 1106 ⁴quomodo
1242 1043 1319 1087 se
1350 1026 1531 1088 alter
1563 1042 1737 1104 erga
1761 1026 2060 1089 alterum
2082 1026 2424 1089 haberent
2445 1026 2949 1103 intelligerent;
2983 1024 3198 1105 injun-

740 1143 936 1196 ctum
963 1133 1178 1196 etiam
1209 1132 1344 1195 illis
1371 1132 1502 1195 fuit
1532 1150 1620 1195 ne
1650 1133 2120 1196 scholasticos
2159 1134 2449 1213 propria
2487 1150 2702 1196 manu
2743 1133 3200 1211 castigarent,

739 1240 868 1303 sed
894 1249 1378 1302 correctorem
1409 1239 1501 1302 ad
1531 1239 1603 1302 id
1633 1225 2050 1303 adhiberent
2083 1238 2123 1302 ¹.
2793 1251 2803 1263 ‘

863 1345 962 1409 53.
1052 1345 1314 1409 Omnes
1363 1346 1828 1409 scholasticos
1873 1347 1985 1409 die
2036 1347 2316 1409 sabbati
2351 1345 2427 1409 Ρ.
2471 1345 2917 1424 PelletariuS,
2962 1346 3204 1410 habita

740 1453 1268 1532 exhortatione,
1302 1453 1394 1515 ad
1422 1453 1758 1531 pietatem
1799 1471 1885 1516 ac
1923 1452 2375 1516 devotionem
2414 1453 2747 1516 inducere
2786 1455 3199 1517 conabatur.

744 1560 831 1624 Et
861 1576 1293 1640 magnopere
1320 1560 1645 1623 homines
1675 1561 1809 1623 hoc
1843 1561 2239 1624 institutum
2267 1560 2491 1624 Ducis
2528 1561 2615 1623 de
2655 1560 2971 1639 Collegio
3011 1561 3200 1624 insti-

744 1667 1007 1730 tuendo
1060 1665 1647 1730 commendabant
1689 1686 1774 1731 ac
1813 1669 2138 1747 primarii
2179 1667 2601 1748 praesertim
2647 1668 2821 1748 viri,
2865 1668 2986 1747 qui
3032 1669 3202 1731 nihil

747 1774 986 1837 utilius
1034 1791 1346 1853 unquam
1396 1773 1627 1852 egisse
1677 1774 1951 1838 Ducem
2002 1774 2470 1838 affirmabant.
2525 1774 2922 1853 Quamdam
2971 1784 3207 1838 autem

734 1881 1246 1944 domunculam
1283 1881 1355 1943 in
1391 1897 1602 1943 usum
1642 1881 2047 1945 scholarum
2084 1891 2153 1945 et
2192 1899 2396 1945 suum
2438 1883 2662 1961 priori
2707 1881 3201 1962 adjunxerunt;

742 2007 889 2052 non
918 1997 1156 2051 tamen
1184 1986 1646 2050 admittebant
1675 1989 1861 2051 ultra
1891 1998 2172 2052 centum
2196 1990 2486 2068 triginta
2517 1989 3012 2068 scholasticOS,
3042 1989 3207 2069 quia

744 2097 987 2176 plures
1015 2094 1381 2158 commode
1411 2111 1543 2156 nec
1574 2095 1646 2157 in
1677 2095 1941 2158 scholis
1969 2096 2212 2176 excipi
2233 2113 2361 2158 nec
2394 2096 2666 2159 institui
2703 2104 3012 2175 possent.
3056 2095 3204 2159 Sin-

749 2203 937 2281 gulis
975 2203 1333 2268 mensibus
1380 2220 1627 2267 omnes
1658 2203 2172 2267 confitebantur
2209 2220 2341 2265 nec
2379 2202 2622 2266 deerat
2659 2202 2778 2282 qui
2816 2204 3099 2284 saepius
3135 2203 3206 2265 id

752 2309 1043 2373 faceret.
2275 2327 2280 2334 “

870 2416 970 2478 54.
1060 2418 1238 2481 Cum
1266 2429 1506 2482 autem
1535 2417 1609 2482 Ρ.
1646 2419 1965 2498 Ignatius
1993 2418 2405 2480 facultatem
2433 2416 2795 2479 emittendi
2832 2416 3203 2497 professio-

750 2540 917 2586 nem
946 2525 1334 2588 solemnem
1361 2525 1436 2589 P.
1474 2525 1847 2589 Pelletario
1874 2525 2203 2603 misisset,
2238 2533 2307 2586 et
2336 2542 2496 2587 cum
2526 2524 2639 2586 ille
2664 2524 2737 2586 in
2757 2523 2936 2586 festo
2965 2523 3206 2587 Sancti

750 2629 1090 2712 Stephani
1116 2631 1468 2713 frequenti
1499 2634 1851 2697 auditorio
1884 2633 2448 2705 concionaretur,
2484 2640 2557 2694 ut
2588 2630 2740 2711 ejus
2772 2631 3206 2695 orationibus

743 2736 1115 2817 juvaretur
1162 2749 1233 2802 et
1269 2741 1461 2820 quod
1501 2741 1592 2804 ad
1631 2740 2194 2804 aedificationem
2235 2740 2306 2802 id
2339 2739 2495 2811 ¹fore
2544 2749 2895 2819 speraret,
2943 2740 3203 2820 populo

751 2844 1183 2922 significavit
1230 2864 1308 2910 se
1343 2846 1456 2910 die
1509 2847 1829 2927 sequenti
1871 2845 2076 2926 juxta
2122 2847 2653 2926 praescriptum,
2690 2847 2801 2909 sui
2838 2844 3207 2910 Generalis

750 2950 1265 3031 professionem
1310 2955 1765 3033 emissurum,
1820 2972 1906 3016 ac
1963 2970 2208 3017 eorum
2257 2954 2646 3033 postulavit
2703 2954 3059 3016 orationes
3117 2953 3206 3016 ad

753 3056 983 3121 Deum
1011 3069 1087 3122 ut
1111 3061 1331 3140 ipsius
1354 3062 1780 3125 oblationem
1803 3069 2210 3142 acceptaret
2234 3070 2302 3123 et
2324 3060 2631 3139 gratiam
2654 3060 2949 3123 fideliter
2972 3062 3205 3123 obser-

753 3167 970 3229 vandi
999 3185 1180 3247 quae
1208 3170 1529 3232 vovisset
1558 3170 2040 3250 impetrarent.
2077 3166 2412 3248 Sequenti
2435 3184 2607 3246 ergo
2631 3168 2744 3231 die
2767 3168 2913 3231 fere
2937 3186 3203 3246 omneS,

750 3273 873 3351 qui
911 3273 983 3336 id
1018 3274 1548 3355 intellexerunt,
1593 3276 1684 3338 ad
1721 3277 2060 3356 templum
2103 3283 2588 3353 accesserunt;
2631 3275 2813 3338 inter
2867 3293 3042 3355 quos
3078 3258 3228 3338 fuit*

748 3379 1142 3461 Episcopus
1169 3382 1494 3463 Rosetus,
1528 3383 1874 3446 Dominus
1903 3382 2308 3445 Alexander
2337 3382 2395 3444 F
2399 3383 2635 3446 iascus
2663 3391 2734 3444 et
2763 3383 2882 3445 alii
2904 3383 3042 3445 viri
3074 3383 3205 3461 pri·

751 3486 987 3566 marii,
1043 3497 1112 3550 et
1154 3506 1316 3552 cum
1358 3489 1847 3553 aedificatione
1890 3491 2043 3569 ipso
2084 3489 2198 3551 die
2245 3490 2322 3552 Β.
2375 3488 2668 3571 Joannis
2704 3488 3208 3567 Evangelistae

750 3609 867 3654 res
897 3601 1258 3658 transacta
1288 3596 1454 3675 fuit,
1488 3606 1557 3659 et
1587 3598 1826 3659 multis
1857 3597 2064 3659 donis
2093 3596 2165 3659 in
2188 3596 2578 3674 Collegium
2605 3595 2873 3673 missiS,
2908 3595 3207 3657 benevo-

752 3700 1042 3763 lentiam
1072 3717 1275 3764 suam
1305 3703 1506 3765 multi
1533 3704 1773 3765 testati
1801 3711 1996 3779 sunt;
2042 3711 2110 3765 et
2153 3702 2627 3765 Ferrariensis
2668 3702 2997 3764 nobilitas
3038 3719 3205 3781 pau-

754 3806 951 3868 latim
978 3807 1242 3871 nostris
1271 3810 1502 3889 magis
1531 3827 1617 3871 ac
1649 3810 1880 3888 magis
1909 3808 2097 3873 affici
2124 3810 2497 3872 videbatur
2528 3819 2597 3872 et
2634 3809 2831 3889 multi
2869 3809 3037 3871 boni
3072 3810 3209 3871 viri

753 3921 977 3975 totum
1025 3914 1209 3978 diem
1258 3917 1446 3996 apud
1475 3924 1783 3995 nostros,
1839 3918 1899 3979 si
1938 3918 2043 3979 eis
2072 3916 2612 3997 permitteretur,
2645 3918 2907 3979 vellent
2953 3933 3206 3996 expen-

748 4020 919 4083 dere
949 4019 994 4083 ³.

871 4127 974 4188 55.
1060 4126 1331 4208 Nostri,
1354 4131 1695 4209 quamvis
1730 4131 1918 4194 ultra
1956 4130 2201 4193 decem
2237 4148 2381 4192 non
2429 4139 2696 4209 essent,
2739 4139 2814 4192 ut
2843 4130 2916 4192 in
2958 4129 3209 4210 spiritu

836 4332 854 4365 ¹
910 4332 1179 4384 Polaticus,
1211 4344 1279 4376 ex
1309 4335 1710 4387 commissione,
1731 4333 2068 4377 Paschasium
2101 4333 2258 4377 Broet
2281 4345 2473 4389 rogans
2493 4334 2611 4388 quid
2633 4333 2694 4376 de
2718 4334 2895 4377 domus
2917 4333 3214 4389 Ferrarien·

744 4404 823 4447 eis
842 4403 1019 4447 ordine
1040 4405 1232 4447 sentiat
1252 4411 1304 4448 et
1324 4405 1825 4459 aupes-intendentia,
1848 4405 1902 4447 26
1922 4404 2257 4459 Septembris.
2281 4405 2346 4448 V.
2370 4406 2502 4449 infra
2522 4411 2696 4449 annot.
2719 4405 2812 4448 sub
2832 4416 2881 4448 n.
2906 4405 3000 4450 116.

833 4475 851 4508 ¹
908 4474 1178 4529 Polaticus,
1201 4486 1267 4517 ex
1295 4487 1425 4519 com.
1438 4508 1453 4527 ,
1472 4476 1616 4520 Patri
1638 4475 1919 4519 Paschasio
1939 4475 2096 4520 Broet
2110 4510 2121 4530 ,
2143 4476 2456 4520 deliberasse
2479 4477 2736 4530 Ignatlum
2756 4477 2823 4519 ad
2843 4476 3211 4531 professionem

753 4545 1090 4590 Pelletarium
1108 4547 1382 4590 admittere
1398 4580 1409 4602 ,
1429 4548 1483 4591 29
1501 4547 1832 4601 Novembris;
1856 4547 1990 4591 idem
2020 4547 2202 4599 Joanni
2236 4547 2514 4592 Pelletario
2529 4581 2539 4601 ,
2572 4548 2617 4592 ei
2647 4548 2920 4601 gratulans
2940 4548 3002 4590 de
3022 4548 3212 4591 emissa

752 4617 1082 4671 professione,
1100 4617 1247 4671 eique
1269 4624 1323 4661 et
1343 4619 1501 4663 Broet
1520 4619 1789 4674 injungens
1819 4625 1877 4662 ut
1910 4618 2213 4672 ampliorem
2242 4619 2408 4662 locum
2440 4626 2694 4673 quaerant
2727 4625 2780 4661 et
2813 4626 3083 4662 externum
3104 4630 3212 4662 cor-

752 4692 1008 4731 rectorem
1028 4688 1322 4744 adhibeant,
1343 4691 1398 4734 26
1416 4690 1729 4735 Decembris.
