3679 5414
1626 400 1754 458 AN.
1798 398 1940 458 1552
2901 403 3007 461 441

540 549 683 611 tius
743 545 1137 609 Davidicus
1187 547 1506 626 nomine,
1559 544 1983 625 quibusdam
2043 546 2358 609 externis
2424 547 3009 611 submissionibus

542 663 686 733 aut,
720 663 798 717 ut
825 654 976 734 ipse
1008 653 1338 733 vocabat,
1370 651 2032 716 mortificationibus
2060 653 2532 733 instruxerat;
2565 653 2691 717 sed
2720 653 2796 717 P.
2832 654 3016 718 Eve-

541 763 801 826 rardus
831 770 1079 824 contra
1110 770 1359 824 nostra
1386 768 1655 823 statuta
1684 777 1842 824 esse
1865 777 2081 823 curas
2103 759 2504 839 hujusmodi
2526 762 2886 842 suscipere
2913 761 3009 825 af·

545 868 857 949 firmam,
892 886 968 932 se
999 867 1397 947 excusavit3
1431 875 1714 930 nostros
1744 867 1932 930 enim
1961 867 2286 930 omnibus
2327 868 2689 948 expositos
2716 886 2859 932 non
2889 868 3018 931 hu·

539 977 850 1058 jusmodi
878 975 1353 1056 peculiaribus
1383 974 1934 1054 obligationibus
1965 975 2303 1056 occupari
2335 973 2377 1034 ¹.

1200 1295 1330 1360 DE
1377 1294 1844 1359 COLLEGIO
1888 1294 2371 1360 EUGUBINO

668 1512 771 1575 57.
860 1511 1261 1575 Cardinalis
1309 1509 1617 1575 Sanctae
1668 1510 1956 1589 CruciS,
2014 1512 2129 1574 cui
2179 1510 2653 1592 Episcopatus
2711 1511 3017 1591 Eugubii

551 1618 1088 1684 commendatus
1118 1627 1304 1698 erat,
1340 1618 1735 1699 Collegium
1776 1636 1863 1682 ea
1906 1619 1980 1681 in
2020 1618 2312 1681 civitate
2351 1619 2622 1682 institui
2666 1619 3014 1699 cupiebat,

552 1738 629 1791 ut
658 1728 752 1791 ad
780 1726 1176 1808 profectum
1205 1726 1648 1806 spiritualem
1686 1725 1871 1788 illius
1909 1727 2182 1806 populi,
2215 1735 2366 1790 tum
2408 1727 2478 1789 in
2513 1725 2882 1807 juventute
2919 1727 3020 1789 in-

551 1835 932 1913 stituenda,
966 1843 1116 1897 tum
1147 1835 1218 1896 in
1248 1832 1404 1896 aliis
1433 1831 1814 1897 Societatis
1847 1835 2208 1896 consuetis
2236 1833 2646 1897 ministeriis
2672 1834 2899 1897 nostri
2942 1851 3020 1897 se

554 1949 991 2005 exercerent.
1026 1941 1205 2005 Cum
1234 1957 1408 2020 ergo
1438 1941 1569 2004 sub
1590 1939 1899 2003 medium
1923 1939 2278 2021 Octobris,
2304 1941 2721 2022 Apostolica
2743 1941 3023 2005 benedi·

554 2049 788 2113 ctione
817 2059 886 2112 et
920 2048 1137 2128 ipsius
1168 2047 1567 2111 Cardinalis
1598 2048 1919 2126 obtenta,
1951 2048 2356 2127 Eugubium
2383 2049 2608 2113 nostri
2635 2048 3024 2129 profecturi

553 2166 815 2236 essent,
849 2154 1227 2236 quemdam
1257 2174 1347 2218 ex
1377 2157 1524 2218 suis
1552 2155 2018 2219 familiaribus
2046 2156 2239 2219 misit
2280 2156 2711 2236 Cardinalis,
2754 2157 2872 2236 qui
2904 2173 3023 2219 no·

556 2274 744 2328 stros
765 2264 1167 2341 deduceret3
1200 2264 1320 2344 qui
1349 2262 1645 2343 proinde
1676 2279 1842 2342 non,
1877 2280 2076 2327 more
2106 2273 2277 2327 tunc
2306 2274 2680 2344 consuet0‚
2713 2264 3023 2345 peregri·

557 2372 824 2451 nand0,
869 2369 1024 2449 sed,
1068 2378 1280 2450 prout
1318 2370 1469 2450 ipse
1519 2369 1918 2433 Cardinalis
1954 2371 2216 2457 voluit,
2271 2370 2655 2452 equitando
2707 2372 2840 2435 hoc
2893 2372 3027 2434 iter

559 2478 1038 2543 confecerunt.
1075 2476 1564 2540 Observarunt
1594 2485 1828 2540 autem
1860 2478 1994 2557 ipsi
2023 2478 2212 2558 quod
2247 2488 2324 2542 ut
2365 2478 2617 2559 majori
2647 2495 2811 2541 cum
2839 2495 3026 2541 com-

561 2587 933 2663 moditate,
966 2585 1065 2648 ita
1094 2584 1353 2647 minori
1383 2601 1545 2647 cum
1570 2583 1805 2647 fructu
1830 2634 1845 2663 ,
1880 2602 2093 2665 quam
2123 2603 2252 2665 pro
2290 2586 2798 2649 consuetudine
2834 2585 3024 2666 pedi-

558 2696 692 2758 bus
742 2693 891 2757 suis
931 2691 1340 2757 incedentes
1381 2700 1451 2756 et
1489 2692 1800 2756 minores
1838 2692 2173 2774 periodos
2221 2693 2533 2773 quotidie
2573 2693 3034 2757 conficientes

561 2804 867 2880 soleant,
911 2801 1031 2863 via
1071 2807 1441 2863 transacta
1480 2800 1584 2862 eis
1624 2798 1859 2863 fuerit.
1908 2799 2008 2880 Is,
2055 2800 2172 2880 qui
2212 2818 2336 2863 eos
2386 2801 2810 2880 deducebat,
2865 2818 3030 2865 cum

561 2908 773 2988 gravi
816 2906 1073 2987 injuria
1113 2925 1155 2970 a
1196 2907 1504 2985 quodam
1543 2907 1684 2969 alio
1728 2906 2022 2969 affectus
2062 2916 2279 2984 esset,
2329 2907 2596 2971 crebris
2634 2917 2703 2971 et
2742 2908 3035 2971 utilibus

562 3025 969 3079 nostrorum
1007 3013 1622 3077 exhortationibus
1660 3023 1728 3077 et
1770 3015 2058 3076 veniam
2107 3013 2490 3077 offendenti
2530 3014 2602 3077 in
2640 3015 2856 3078 corde
2899 3032 3036 3078 suo

562 3124 888 3201 donavit,
924 3131 992 3185 et
1022 3122 1113 3185 ad
1151 3129 1680 3184 sacramentum
1712 3121 2212 3200 confessioniS,
2257 3130 2335 3185 ut
2373 3121 2668 3185 decebat
2710 3123 2902 3202 pium
2942 3139 3030 3184 ac

562 3232 824 3294 bonum
855 3231 1109 3308 virum,
1148 3230 1470 3292 accessit.
1505 3228 1642 3290 233ι
1672 3229 1783 3292 die
1813 3227 2145 3292 Octobris
2179 3229 2250 3291 in
2282 3228 2663 3309 quamdam
2692 3228 3031 3292 Cardina-

564 3339 651 3400 lis
679 3337 1093 3415 Abbatiam,
1128 3353 1340 3416 quam
1369 3336 1635 3398 Vivum
1673 3346 1938 3399 vocant
1977 3335 2033 3416 ²,
2077 3337 2304 3399 tribus
2343 3354 2684 3417 passuum
2722 3337 3037 3400 millibus

566 3446 891 3524 Eugubio
922 3445 1329 3521 distantem,
1364 3455 1872 3523 pervenerunt,
1907 3445 2026 3506 ubi
2055 3445 2459 3507 humaniter
2497 3443 2882 3507 admodum
2913 3462 3029 3506 ex·

565 3553 752 3633 cepti
790 3571 874 3614 ea
904 3560 1110 3614 nocte
1150 3561 1218 3613 et
1250 3551 1495 3613 diebus
1534 3551 2022 3631 sequentibus,
2066 3559 2141 3613 ut
2180 3569 2222 3614 a
2263 3552 2504 3614 labore
2550 3551 2824 3614 itineris
2865 3568 3029 3614 con-

566 3661 1031 3740 quiescerent,
1058 3660 1316 3721 retenti
1336 3658 1637 3721 fuerunt.
1667 3658 2015 3722 Postridie
2045 3676 2219 3721 vero
2250 3659 2320 3721 in
2343 3659 2704 3721 civitatem
2727 3658 3032 3722 Sanctis-

566 3769 747 3831 simo
787 3767 1050 3831 Christi
1080 3766 1397 3846 Corpore
1426 3766 1670 3829 refecti
1700 3785 1777 3829 se
1807 3785 1896 3829 ex
1927 3767 2235 3830 Abbatia
2266 3767 2384 3828 illa
2416 3766 2864 3829 contulerunt
2895 3764 2940 3829 ³.

651 3935 666 3966 ¹
727 3934 1004 3988 Polaticus,
1029 3947 1094 3979 ex
1114 3947 1273 3986 com.,
1292 3935 1565 3979 Everardo
1587 3935 1934 3988 Mei-cutiano,
1967 3946 2028 3978 ne
2060 3935 2600 3989 confraternitatibus‚
2634 3935 2694 3979 iis
2725 3936 3034 3989 praesertim

566 4017 698 4060 quac
720 4007 829 4050 sive
852 4007 917 4049 ad
938 4007 1148 4061 pietatis
1164 4009 1274 4050 sive
1291 4008 1355 4051 ad
1374 4008 1651 4051 charitatis
1677 4008 1929 4050 exercitia
1945 4012 2099 4050 noctu
2115 4007 2443 4059 conveniunt,
2466 4019 2520 4050 se
2546 4006 2851 4060 immisceat,
2874 4008 3033 4051 donec

565 4078 858 4121 admonitus
880 4078 1111 4134 Ignatius
1133 4079 1252 4132 quid
1280 4079 1348 4122 sit
1371 4080 1624 4132 agendum
1654 4085 1883 4132 statuat;
1920 4078 2141 4132 itemque
2174 4089 2236 4120 ne
2267 4078 2466 4132 pompis
2499 4090 2589 4121 seu
2621 4078 3042 4132 processionibus

565 4148 920 4202 collegtaliter
938 4151 1175 4195 intersint
1198 4152 1384 4204 nostri,
1407 4152 1461 4194 25
1478 4150 1631 4202 Junii.

646 4222 668 4252 ²
722 4220 855 4265 Vide
879 4228 913 4265 t.
939 4234 971 4276 t,
992 4234 1041 4265 n.
1065 4223 1156 4276 178,
1178 4235 1298 4277 pag.
1320 4223 1416 4266 2¹7.

645 4293 668 4324 ³
723 4293 983 4348 Ignatius,
1006 4294 1269 4339 Cardinali
1294 4294 1517 4338 Sanctae
1550 4294 1757 4348 Crucis,
1789 4294 2013 4338 officiose
2049 4302 2101 4338 et
2136 4295 2198 4338 de
2233 4294 2506 4349 Eugubino
2541 4296 2785 4350 collegio,
2808 4295 2862 4338 25
2881 4294 3035 4347 Junii;

563 4365 731 4408 eidem
752 4366 858 4419 ipse
882 4366 1131 4419 Ignatius,
1154 4366 1215 4409 de
1240 4366 1486 4420 Collegio,
1522 4371 1574 4410 et
1605 4366 1666 4409 de
1698 4366 1848 4409 modo
1882 4366 2062 4420 primis
2097 4367 2356 4409 mensibus
2390 4366 2622 4414 tenendo.
2658 4373 2710 4410 et
2747 4366 2807 4408 de
2838 4367 2918 4418 iis,
2950 4366 3038 4419 qui

565 4437 730 4480 Roma
750 4438 1037 4488 mittuntur,
1061 4439 1079 4480 1
1104 4436 1357 4480 Octobris.
1380 4437 1445 4480 Hi
1462 4470 1472 4490 ‚
1496 4449 1620 4491 quos
1641 4437 1875 4490 Ignatius
1904 4438 2138 4480 breviter
2158 4438 2247 4480 sed
2279 4437 2548 4490 sigillatim
2583 4438 2828 4482 describit
2844 4471 2854 4491 ,
2887 4444 3035 4481 erant

566 4509 817 4553 Albertus
848 4509 1224 4560 Ferrariensis,
1264 4507 1525 4552 Oliverius
1545 4508 1879 4562 Manaraeus,
1906 4509 2144 4563 Baptista
2165 4509 2365 4558 Velati.
2397 4508 2647 4562 Reuatus,
2685 4509 3034 4561 Sebastianus,

565 4583 703 4625 alter
724 4583 972 4626 Albertus
987 4613 997 4632 ,
1020 4581 1237 4624 Michacl
1253 4613 1263 4632 ,
1288 4580 1631 4636 Hieronymus
1652 4586 1703 4624 et
1726 4580 1963 4624 Morales.
1987 4581 2208 4625 Ultimus
2230 4590 2404 4624 tamen
2420 4615 2431 4632 .
2455 4583 2515 4625 de
2533 4593 2631 4632 quo
2651 4582 2892 4625 dubitans
2914 4581 3035 4625 scri-

565 4653 638 4695 bit
661 4653 919 4707 IgnatiuS,
942 4662 1041 4694 non
1064 4652 1248 4695 missus
1269 4658 1362 4696 est.
