3679 5414
1535 538 1538 543 1
1610 458 1736 513 ΑΝ.
1783 456 1922 513 1552
2890 454 3000 513 585

527 622 694 669 cum
739 604 810 665 in
841 603 1118 666 ruinam
1148 600 1532 665 trahendos
1560 601 1885 665 sufficiat.
1917 601 2119 664 Duos
2147 600 2361 663 etiam
2392 600 2569 663 alios
2599 600 2997 662 Lovanium

534 712 724 774 misit
760 710 798 772 ¹.

653 818 793 879 395.
881 816 1093 881 Anno
1124 816 1361 896 itaque
1391 817 1713 896 proxime
1743 817 2127 895 praeterito
2166 824 2234 878 et
2275 816 2411 878 hoc
2449 814 2523 877 in
2567 814 2998 877 dimittendis
3054 800 3066 813 ⁶

534 922 959 1004 hujusmodi,
1005 924 1123 1003 qui
1153 941 1325 987 suae
1356 923 1874 987 emendationis
1904 926 2102 1003 spem
2131 940 2275 986 non
2304 921 2680 1000 faciebant,
2716 922 2891 985 satis
2921 939 2995 985 se

533 1032 894 1094 liberalem
923 1029 999 1092 P.
1035 1030 1448 1094 Leonardus
1471 1030 1807 1109 ostendit;
1836 1031 2023 1109 quod
2048 1039 2118 1093 et
2139 1028 2214 1092 P.
2242 1029 2560 1108 Ignatius
2580 1046 2724 1091 non
2746 1046 2999 1109 parum

538 1138 1083 1201 commendavit.
1120 1136 1257 1201 Sed
1286 1147 1355 1200 et
1384 1139 1519 1201 hoc
1550 1137 1989 1218 experientia
2014 1136 2293 1199 edocuit
2318 1136 2505 1216 quod
2534 1154 2624 1198 ex
2652 1135 2762 1198 his
2792 1135 2998 1198 novis

536 1246 799 1325 plantis
829 1246 1048 1324 aliqui
1079 1245 1169 1307 ad
1198 1245 1505 1325 patriam
1527 1244 1825 1324 profecti
1857 1257 1933 1307 ut
1955 1262 2070 1307 res
2091 1261 2259 1306 suas
2281 1252 2808 1323 componerent,
2837 1260 2998 1306 cum

538 1353 817 1416 radices
849 1354 1031 1415 altas
1061 1352 1135 1414 in
1166 1352 1419 1431 spiritu
1449 1370 1592 1415 non
1622 1353 1957 1431 egissent,
1985 1352 2192 1414 facile
2217 1351 2541 1414 subversi
2571 1350 2662 1413 ad
2686 1352 2997 1413 saecula·

535 1460 646 1522 ria
676 1460 1054 1522 redierunt.

657 1566 797 1629 396.
887 1566 1103 1630 Plena
1134 1578 1286 1630 erat
1318 1576 1554 1630 aestas
1583 1566 2232 1647 perturbationibus
2262 1565 2530 1628 bellicis
2569 1565 2641 1628 in
2682 1564 2999 1628 inferiori

535 1673 947 1737 Germania.
1005 1665 1553 1755 Occupaverant
1596 1675 1941 1737 haeretici
1988 1673 2429 1753 Moguntiam
2471 1681 2539 1735 et
2576 1672 2995 1753 EpiscopuS,

541 1782 663 1861 qui
692 1781 1032 1844 Tridento
1062 1791 1483 1861 recesserat,
1519 1799 1681 1844 cum
1710 1781 1858 1845 suis
1897 1780 2391 1844 sacerdotibus
2417 1780 2663 1860 fugere
2707 1790 3000 1843 coactus

540 1898 669 1965 est,
716 1897 786 1951 et
836 1905 1081 1951 eorum
1132 1889 1379 1951 domos
1422 1898 1491 1951 et
1528 1889 1868 1951 ecclesias
1920 1888 2106 1951 idem
2154 1888 2495 1951 haeretici
2534 1886 3000 1950 incenderunt

543 1976 797 2058 tamin
842 1996 1129 2058 civitate
1170 2014 1382 2077 quam
1421 2005 1627 2059 extra
1666 2013 1846 2059 eam.
1895 1996 2447 2076 Occupaverunt
2487 2006 2555 2059 et
2605 1995 2995 2074 Treverim,

547 2103 732 2165 unde
782 2102 1163 2167 timebatur
1212 2105 1672 2167 vehementer
1708 2122 1796 2167 ne
1848 2114 1917 2166 et
1955 2104 2446 2167 Coloniensem
2493 2102 3000 2183 Episcopatum

543 2209 1140 2289 aggrederentur;
1185 2228 1315 2273 nec
1358 2209 1634 2273 difficile
1676 2211 2056 2274 admodum
2097 2210 2343 2273 fuisset
2381 2211 2678 2273 multum
2716 2210 2852 2272 illis
2882 2210 3001 2273 da·

547 2333 789 2380 mnum
822 2316 1113 2396 inferre,
1149 2318 1314 2397 quia
1344 2336 1596 2398 parum
1625 2318 1805 2380 inter
1843 2318 2178 2407 populum
2210 2326 2278 2380 et
2321 2319 2588 2380 clerum
2632 2318 3000 2380 convenie-

546 2424 705 2503 bat,
748 2434 817 2487 et
857 2425 1112 2488 mirum
1158 2442 1370 2505 quam
1411 2425 1610 2488 exosi
1653 2426 2060 2488 sacerdotes
2109 2434 2179 2487 et
2221 2425 2533 2503 religiosi
2573 2433 2841 2503 essent,
2885 2424 3002 2504 qui

547 2533 750 2610 quasi
782 2550 911 2612 pro
952 2532 1252 2595 ludibrio
1292 2532 1732 2596 habebantur
1767 2541 1835 2595 et
1876 2533 2349 2595 irreverenter
2386 2532 2458 2594 in
2495 2532 2748 2611 plateis
2771 2532 3000 2612 appel·

545 2638 895 2702 labantur.
951 2640 1411 2703 Colonienses
1461 2640 1847 2702 timuerunt
1888 2638 2098 2702 valde
2145 2648 2214 2702 et
2258 2640 2483 2721 portis
2527 2639 2838 2702 civitatis
2886 2637 3005 2701 diu

546 2756 897 2827 noctuque
925 2747 1180 2826 vigiles
1210 2747 1700 2811 adhibuerunt.
1734 2747 1878 2810 Illis
1908 2748 2144 2828 itaque
2174 2748 2533 2811 mensibus
2562 2765 2677 2810 res
2716 2748 3004 2810 catholi-

547 2870 795 2916 corum
832 2872 975 2917 non
1007 2872 1262 2934 parum
1305 2855 1377 2916 in
1418 2855 1553 2918 illis
1598 2855 1773 2917 locis
1817 2855 2310 2918 decreverunt.
2360 2854 2600 2918 Nostri
2640 2863 2876 2917 autem
2917 2855 3005 2916 ob

544 2961 1111 3038 perturbationes
1125 2963 1445 3042 publicas
1467 2963 1697 3025 coacti
1719 2962 2001 3025 fuerunt
2023 2960 2215 3026 domi
2236 2980 2312 3025 se
2335 2963 2566 3040 magis
2591 2979 2803 3042 quam
2823 2951 3004 3024 ¹sole·

547 3068 719 3130 bant
783 3069 1178 3149 continere;
1234 3070 1528 3148 pacifice
1577 3070 2034 3134 nihilominus
2077 3071 2416 3150 agebant,
2471 3079 2541 3132 et
2591 3069 2822 3132 studia
2876 3086 3004 3131 sua

544 3177 974 3255 tractabant;
1008 3194 1137 3239 nec
1169 3178 1375 3240 binas
1416 3178 1948 3240 exhortationes
1989 3177 2361 3240 dominicis
2399 3177 2645 3239 diebus
2693 3185 2762 3239 et
2803 3176 3005 3239 festis

547 3283 848 3347 diversis
870 3285 942 3347 in
971 3285 1148 3347 locis
1171 3284 1248 3347 P.
1281 3284 1699 3347 Leonardus
1730 3285 2128 3364 omittebat;
2155 3285 2442 3365 quidam
2470 3285 2686 3347 etiam
2710 3284 3007 3347 studiosi

547 3399 615 3452 et
663 3375 1075 3454 sacerdotes
1119 3400 1403 3454 nostros
1443 3392 1755 3455 invisere
1797 3373 2011 3471 atque
2056 3393 2426 3455 consulere
2475 3392 2897 3472 pergebant3
2938 3400 3008 3454 et

548 3498 724 3559 bene
748 3498 934 3578 apud
964 3501 1300 3579 populum
1329 3500 1555 3562 nostri
1587 3498 2000 3578 audiebant,
2040 3500 2367 3580 quamvis
2397 3499 2612 3578 aliqui
2655 3518 2745 3562 ex
2788 3499 3006 3577 magi-

546 3606 714 3668 stris
739 3605 760 3634 *
791 3624 936 3668 non
965 3624 1041 3670 se
1067 3607 1448 3670 admodum
1474 3608 1858 3671 benevolos
1885 3608 2150 3671 nostris
2178 3607 2629 3685 exhibebant,
2663 3616 2731 3669 et
2761 3623 3008 3669 eorum

546 3730 730 3775 unus
752 3714 966 3777 etiam
996 3714 1068 3777 in
1095 3714 1555 3778 concionibus
1584 3724 1871 3778 nostros
1895 3715 2330 3794 exagitabat.

665 3819 805 3882 397.
896 3819 1094 3884 Duos
1139 3832 1303 3885 ante
1343 3831 1688 3884 aestatem
1717 3821 1793 3884 P.
1828 3821 2249 3885 Leonardus
2278 3821 2582 3886 Romam
2611 3822 2800 3885 misit
2828 3820 3009 3884 inter

541 3944 725 4006 quos
764 3936 916 3990 erat
955 3928 1286 3991 Andreas
1314 3929 1372 3991 F
1376 3929 1610 3991 risiuS.
1654 3929 1979 3992 Totidem
2014 3930 2089 3992 in
2119 3939 2459 3992 autumno
2499 3930 2657 3992 aliis
2688 3929 3009 3992 Lovanio

541 4034 783 4098 missis
812 4032 1165 4114 adjunxit,
1200 4036 1383 4098 inter
1414 4053 1590 4116 quos
1632 4035 1762 4098 fuit
1805 4035 2136 4099 Andreas
2164 4036 2636 4099 AvantianuS.
2672 4035 2864 4099 Misit
2891 4052 3011 4098 au-

548 4151 691 4204 tem
748 4142 1150 4205 Lovanium
1207 4143 1479 4206 socium
1544 4160 1780 4220 suum,
1843 4142 2241 4206 Arnoldum
2297 4143 2610 4206 Hezeum
2677 4152 2782 4222 ut,
2844 4141 3012 4205 dum

629 4418 645 4451 ¹
707 4418 975 4472 Polaticus,
1000 4430 1066 4461 ex
1087 4431 1237 4471 com„
1258 4419 1402 4463 Patri
1424 4418 1697 4464 Leonardo
1721 4419 1917 4473 Kessel,
1952 4420 2014 4463 de
2050 4432 2237 4464 novem
2269 4419 2508 4474 dimissiS,
2541 4421 2600 4463 de
2631 4422 2778 4465 modo
2809 4432 2923 4464 cum
2944 4420 3015 4463 in·

540 4489 899 4533 obedientibus
918 4491 1194 4544 servando,
1218 4491 1278 4533 de
1299 4503 1377 4543 eo,
1403 4491 1486 4545 qui
1509 4491 1760 4543 joannem
1779 4490 2180 4535 Marbatiensem
2202 4492 2420 4546 seduxit,
2445 4498 2557 4545 etc„
2580 4493 2605 4534 -1
2628 4491 2882 4536 Octobris.

625 4564 648 4595 ²
703 4562 761 4606 In
783 4564 1274 4617 septentrionalibus
1290 4564 1602 4617 regionibus.
1625 4565 1832 4607 saeculo
1854 4564 2161 4617 praesertim
2183 4563 2378 4607 decimo
2393 4570 2555 4618 sexto,
2575 4565 2660 4618 qui
2674 4564 2727 4607 in
2749 4564 3012 4618 theologia

543 4634 863 4679 Doctoratus
884 4637 1066 4678 laurea
1089 4635 1319 4689 insigniti
1337 4641 1503 4688 erant,
1526 4637 1928 4689 appellabantur
1945 4636 2284 4679 communiter
2304 4635 2562 4690 Magistri
2582 4637 2767 4679 nostri.
2791 4634 2856 4678 V.
2892 4635 3010 4679 Vna

542 4707 731 4750 Patris
763 4707 1062 4756 Wishaven,
1080 4706 1274 4759 passim
1288 4740 1299 4758 ,
1323 4714 1376 4750 et
1394 4706 1586 4750 Cartas
1601 4719 1637 4761 y
1659 4711 1803 4750 οἰνος
1825 4709 2046 4750 escru'tos
2067 4707 2154 4750 del
2173 4707 2238 4750 B.
2265 4707 2323 4750 P.
2346 4707 2521 4750 Pedro
2542 4708 2733 4760 Fabro,
2755 4714 2792 4752 t.
2815 4719 2847 4751 ι.
