3679 5414
1615 473 1742 532 An.
1788 473 1930 532 1552
2893 474 3002 531 425

667 616 758 681 17.
848 616 1024 681 Cum
1053 618 1479 681 existimatio
1504 617 1880 681 Societatis
1910 620 2125 683 etiam
2155 620 2347 683 circa
2384 619 2766 682 tradendas
2796 618 2997 682 disci-

536 726 768 807 plinas
807 734 875 788 et
910 724 1301 804 J'uventutis
1340 725 1851 789 institutionem
1888 724 2156 789 Romae
2186 735 2567 806 cresceret,
2604 726 2999 790 Cardinalis

529 831 1146 913 Compostellanus
1188 843 1438 913 sponte
1487 850 1616 921 sua
1664 834 1811 912 egit
1855 851 2017 896 cum
2062 833 2141 896 P.
2193 834 2468 915 Ignatio
2521 833 2607 897 de
2657 833 2996 913 Collegi0,

538 939 725 1020 quod
755 939 1275 1020 Compostellae
1305 950 1619 1003 erectum
1656 940 1920 1020 fuerat,
1955 940 2292 1005 Societati
2321 941 2695 1015 tradendo;
2741 949 2810 1004 et
2847 951 2995 1004 tan·

534 1057 779 1128 topere
810 1048 901 1111 ad
934 1047 1004 1110 id
1034 1046 1563 1128 exsequendum
1592 1066 1986 1130 propensus
2015 1059 2200 1129 erat,
2234 1057 2311 1111 ut
2342 1049 2605 1112 diceret
2636 1050 2999 1112 scholares

533 1154 669 1217 sibi
697 1172 986 1218 suorum
1015 1164 1472 1235 peccatorum
1501 1156 1788 1219 veniam
1819 1174 1862 1218 a
1892 1155 2045 1219 Deo
2076 1165 2144 1219 et
2187 1156 2748 1219 misericordiam
2789 1157 2997 1235 impe-

536 1270 870 1340 traturOS,
905 1262 967 1324 si
997 1262 1135 1324 hoc
1179 1260 1569 1341 Collegium
1613 1261 1951 1325 Societati
1989 1262 2528 1343 gubernandum
2568 1261 2995 1326 tradidisset.

538 1366 889 1432 Patronus
939 1370 1088 1448 ipse
1141 1377 1326 1444 erat,
1382 1379 1456 1432 ut
1507 1368 2142 1451 ArchiepiscopuS,
2195 1370 2320 1433 sed
2368 1388 2511 1433 non
2561 1372 2783 1449 solus;
2834 1388 3001 1433 nam

531 1474 790 1540 Comes
812 1475 1076 1539 Montis
1097 1474 1316 1555 Regis
1346 1477 1521 1540 alter
1552 1486 1899 1557 patronus
1930 1486 2104 1557 erat,
2133 1477 2224 1540 ad
2254 1494 2462 1557 quem
2492 1477 2777 1557 scripsit
2801 1475 3000 1540 Com·

533 1584 970 1664 postellanus
998 1592 1066 1647 et
1098 1583 1556 1664 significavit,
1596 1602 1758 1648 cum
1780 1585 1914 1647 sibi
1942 1584 2244 1648 Romani
2273 1584 2572 1664 Collegii
2603 1594 2672 1648 et
2701 1586 3001 1648 aliorum

430 1744 439 1749 .
534 1691 702 1752 alibi
742 1708 784 1753 a
822 1688 1175 1754 Societate
1226 1691 1698 1754 admissorum
1748 1691 2024 1755 fructus
2073 1701 2487 1773 perspectus
2536 1701 2753 1771 esset,
2809 1693 3001 1754 nullo

535 1797 745 1860 modo
774 1815 850 1860 se
873 1796 1192 1877 judicare
1220 1775 1470 1861 melius
1500 1799 1773 1861 consuli
1805 1798 2126 1878 Collegio
2160 1797 2757 1879 CompostellanO,
2790 1816 3002 1878 quam

528 1904 595 1967 si
624 1903 964 1968 Societati
992 1905 1493 1985 applicaretur,
1528 1916 1605 1968 ut
1635 1902 1959 1969 Societas
1988 1907 2291 1968 lectores
2321 1907 2393 1968 in
2424 1924 2507 1969 eo
2538 1907 3002 1969 constitueret

534 2021 602 2075 et
632 2021 779 2074 tam
810 2030 990 2092 quae
1022 2011 1112 2074 ad
1140 2012 1415 2075 litteras
1444 2030 1657 2092 quam
1696 2030 1878 2093 quae
1922 2012 2014 2075 ad
2056 2031 2291 2075 mores
2333 2013 2687 2093 pertinent
2725 2030 2998 2092 promo-

531 2128 754 2182 veret.
807 2118 1114 2182 Admisit
1165 2129 1401 2183 autem
1449 2120 1637 2200 quod
1687 2119 2029 2184 offerebat
2079 2120 2478 2184 Cardinalis
2528 2120 2603 2184 P.
2660 2120 2996 2202 Ignatius;

468 2238 702 2288 ‘'nam
750 2236 1036 2306 praeter
1085 2244 1297 2306 quam
1335 2227 1523 2307 quod
1563 2228 1933 2307 egregium
1977 2227 2371 2290 aedificium
2415 2237 2484 2290 et
2527 2227 2794 2291 reditus
2834 2227 2999 2290 duo·

535 2331 694 2395 rum
724 2334 1020 2396 millium
1051 2333 1470 2397 ducatorum
1499 2351 1656 2397 esse
1686 2334 2124 2412 dicebantur,
2158 2336 2356 2397 locus
2387 2335 2560 2415 ipse,
2604 2335 2673 2397 in
2713 2335 3002 2398 civitate

536 2438 781 2503 Sancti
810 2441 1059 2522 Jacobi
1089 2440 1160 2503 in
1190 2439 1695 2521 Compostella,
1731 2441 2130 2505 devotionis
2158 2441 2391 2520 gratia
2424 2460 2583 2505 eum
2627 2440 3001 2520 invitabat3

541 2555 610 2609 et
640 2546 1001 2610 Cardinali
1028 2548 1100 2610 id
1129 2555 1452 2627 rogante,
1481 2548 1764 2628 scripsit
1795 2548 1886 2611 ad
1912 2547 1987 2610 P.
2015 2548 2464 2627 Turrianum,
2499 2547 3002 2611 Salmanticen·

540 2654 644 2717 sis
674 2653 970 2734 Collegii
998 2651 1405 2736 Rectorem,
1439 2665 1517 2719 ut
1547 2655 1681 2719 hac
1713 2655 1798 2720 de
1829 2673 1906 2719 re
1937 2664 2300 2719 tractaret.
2347 2655 2530 2736 Quid
2574 2664 2809 2720 autem
2852 2673 3003 2720 suc·

540 2762 835 2824 cesserit
865 2761 1158 2825 inferius
1188 2761 1480 2825 dicetur.

666 2866 760 2932 18.
850 2867 1257 2937 Christiana
1287 2869 1612 2932 doctrina
1643 2887 1943 2933 messem
1975 2870 2046 2932 in
2076 2869 2394 2949 Collegio
2422 2879 2751 2949 paratam
2796 2871 3002 2934 habe-

536 2975 689 3052 bat;
731 2991 896 3037 nam
925 2975 1332 3038 scholastici
1366 2971 1617 3039 ‘omnes
1650 2977 1722 3039 in
1752 2995 1837 3039 ea
1868 2977 2242 3056 diligenter
2272 2977 2835 3040 instituebantur.
2872 2976 3003 3040 Cu·

535 3082 807 3145 stodiae
844 3082 1167 3162 publicae
1204 3100 1346 3144 non
1387 3081 1617 3146 solum
1660 3083 2273 3147 exhortationibus
2314 3092 2713 3162 recreatae,
2767 3083 2893 3146 sed
2937 3092 3007 3146 et

536 3189 1099 3252 confessionibus
1147 3188 1404 3253 auditis
1461 3189 1744 3270 adjutae
1797 3190 2119 3270 fuerunt,
2180 3201 2330 3254 tam
2385 3208 2470 3253 ea
2527 3207 2708 3270 quae
2758 3191 3006 3254 Turris

529 3295 763 3372 Nona,
798 3314 1012 3376 quam
1040 3314 1221 3376 quae
1251 3297 1498 3361 Turris
1528 3289 1807 3361 Sabella
1832 3307 1901 3360 et
1932 3297 2259 3378 Capitolii
2283 3299 2631 3376 dicuntur,
2660 3298 2732 3360 in
2755 3297 3005 3377 quibus

534 3403 853 3467 Paschae
883 3404 1142 3467 festum
1170 3405 1322 3468 sine
1350 3405 1486 3468 hoc
1517 3414 1968 3469 sacramento
1999 3408 2317 3486 elapsum
2347 3405 2598 3469 fuerat.

661 3512 754 3574 19.
842 3510 1116 3574 Bonum
1144 3529 1403 3575 nomen
1433 3521 1643 3592 atque
1675 3512 1850 3575 odor
1873 3511 2246 3576 Societatis
2277 3521 2345 3574 et
2368 3511 2789 3593 praesertim
2820 3509 3008 3591 apud

536 3618 887 3696 primores
931 3619 1004 3680 in
1048 3636 1268 3681 causa
1306 3627 1459 3682 erat
1500 3628 1574 3681 ut
1614 3620 1739 3682 vix
1777 3628 2018 3699 posset
2057 3618 2477 3699 quibusdam
2514 3618 3009 3682 Cardinalibus

540 3725 955 3805 persuaderi
983 3743 1127 3788 non
1158 3727 1539 3789 convenire
1571 3736 1645 3789 ut
1667 3726 1742 3789 P.
1770 3727 2198 3790 Franciscus
2222 3726 2483 3805 Borgia
2508 3725 3008 3789 Cardinalatus

516 3831 956 3912 dignitatem
987 3832 1420 3913 admitteret,
1464 3832 1550 3896 de
1588 3850 1728 3914 qua
1770 3833 1969 3897 multi
2008 3834 2226 3897 multa
2266 3833 2892 3911 circumferebant,
2941 3840 3008 3895 et

533 3949 855 4003 nostram
884 3937 1310 4004 Societatem
1340 3941 1798 4004 seminarium
1827 3940 2183 4021 quoddam
2221 3957 2377 4003 esse
2418 3940 2707 4014 debere,
2741 3958 2831 4002 ex
2870 3956 3008 4019 quo

534 4045 869 4127 Episcopi
899 4046 1098 4110 multi
1127 4057 1197 4110 et
1228 4046 1645 4111 Cardinales
1676 4056 2225 4111 assumerentur.
2271 4046 2536 4111 Contra
2574 4046 2648 4109 P.
2694 4046 3010 4125 Ignatius

534 4150 962 4216 Societatem
1007 4163 1325 4216 nostram
1364 4153 1516 4217 Deo
1571 4164 1640 4217 et
1678 4154 2040 4219 Ecclesiae
2092 4164 2259 4218 tunc
2303 4155 2810 4218 inservituram
2854 4170 3011 4216 esse

538 4258 965 4340 affirmabat,
1001 4270 1069 4323 et
1100 4261 1365 4342 aliquid
1393 4262 1716 4325 utilitatis
1746 4281 1907 4325 cum
1939 4262 2073 4325 Dei
2101 4263 2336 4342 gratia
2382 4263 2791 4339 allaturam,
2835 4260 2899 4322 si
2939 4259 3012 4322 in

533 4366 766 4447 gradu
795 4385 923 4431 suo
964 4369 1380 4432 humilitatis
1420 4370 1801 4433 subsistere
1845 4371 2397 4450 permitteretur;
2431 4379 2520 4448 et,
2556 4368 2618 4431 si
2656 4367 3010 4447 dignitati-

534 4475 668 4538 bus
699 4474 1100 4555 hujusmodi
1122 4477 1379 4539 ostium
1411 4478 1829 4557 aperiretur,
1858 4479 1925 4540 ei
1954 4478 2233 4540 ruinam
2258 4477 2642 4551 imminere,
2670 4475 2856 4537 unde
2879 4492 3010 4537 nec

535 4599 623 4645 eo
652 4581 862 4645 modo
884 4631 899 4662 ‚
933 4601 1071 4662 quo
1105 4594 1466 4663 coeperat,
1500 4601 1631 4647 nec
1663 4585 1803 4647 alio
1832 4585 2196 4648 Ecclesiae
2226 4584 2360 4647 Dei
2403 4582 2593 4646 utilis
2634 4591 2789 4645 erat
2829 4580 3007 4644 futu·

536 4705 643 4750 ra.
677 4688 767 4752 Et
796 4688 984 4770 quod
1015 4689 1265 4752 attinet
1295 4689 1387 4752 ad
1417 4689 1492 4752 P.
1527 4690 1993 4754 Franciscum
2022 4691 2380 4770 Borgiam,
2415 4707 2558 4753 non
2587 4690 2817 4753 solum
2847 4705 3011 4752 cum
