3679 5414
1578 477 1703 535 ΑΝ.
1753 476 1894 534 1552
2858 474 2969 532 6⁴5

488 643 699 689 suum
720 623 891 687 illud
914 623 1223 687 edictum
1254 623 1625 687 revocavit
1655 633 1725 686 et
1757 622 2122 685 contraria
2153 621 2518 684 constituit
2548 621 2621 682 in
2653 617 2964 682 Societa-

491 735 583 796 tis
610 732 952 809 favorem,
986 732 1165 794 haec
1195 730 1465 794 addidit
1502 730 1722 793 verba
1754 747 1767 791 ε
1808 728 1977 808 quia
2019 747 2096 791 se
2135 734 2431 791 nostrae
2452 726 2973 806 jurisdictioni

491 837 1000 902 submiserunt.
1035 838 1123 900 Et
1152 837 1510 917 quamvis,
1537 845 1613 902 ut
1643 854 1772 899 suo
1805 835 2059 898 honori
2089 836 2488 898 consuleret
2520 834 2593 897 in
2623 851 2964 897 revocan-

493 947 582 1010 da
610 946 959 1010 sententia
987 945 1229 1025 priori,
1262 943 1335 1006 id
1365 943 1721 1006 addidisse
1750 943 2135 1021 videretur,
2171 942 2436 1004 nostris
2459 950 2698 1004 tamen
2730 941 2965 1003 visum

490 1072 632 1117 non
663 1063 769 1117 est
797 1071 881 1116 ea
910 1053 1132 1115 verba
1163 1052 1313 1114 sine
1343 1051 1858 1130 protestatione
1883 1050 2117 1129 aliqua
2142 1068 2232 1112 ex
2256 1058 2459 1129 parte
2483 1058 2728 1112 nostra
2757 1048 2961 1111 silen-

491 1163 590 1223 tio
622 1160 1019 1240 praeteriri;
1052 1168 1120 1222 et
1151 1159 1248 1222 ita
1279 1159 1372 1221 ad
1394 1159 1667 1221 curiam
1699 1158 1922 1237 Regis
1944 1156 2019 1219 P.
2054 1155 2307 1220 Petrus
2330 1156 2670 1219 Tablares
2696 1172 2773 1217 se
2800 1173 2963 1218 con-

491 1268 646 1331 tulit
674 1277 744 1331 et
772 1284 1018 1330 coram
1046 1266 1325 1330 notario
1357 1264 1614 1329 Nuncii
1641 1265 2042 1345 Apostolici
2064 1273 2498 1345 protestatus
2521 1272 2629 1326 est
2652 1262 2963 1326 Societa-

493 1385 633 1438 tem
683 1393 758 1438 se
795 1375 1082 1437 minime
1122 1374 1532 1437 submittere
1573 1373 1909 1453 potestati
1948 1369 2523 1452 Archiepiscopi3
2572 1381 2642 1434 et
2682 1371 2964 1451 quidem

494 1500 738 1546 coram
770 1482 924 1562 ipso
954 1482 1228 1562 Legato
1253 1482 1391 1544 hoc
1417 1490 1655 1544 actum
1679 1489 1786 1543 est
1810 1489 1880 1543 et
1904 1480 1992 1542 ab
2020 1480 2138 1543 illa
2162 1481 2481 1542 clausula
2506 1480 2960 1558 appellatum.

494 1589 667 1653 Illud
696 1589 912 1652 etiam
941 1588 1200 1652 addam
1231 1588 1421 1668 quod
1458 1605 1881 1669 persuasum
1920 1596 2075 1650 erat
2112 1587 2676 1667 Archiepiscopo
2717 1602 2962 1648 omnes

491 1706 775 1760 nostros
806 1695 1234 1759 christianos
1263 1713 1493 1758 novos
1525 1712 1707 1773 esse,
1741 1704 1811 1758 et
1852 1695 1955 1757 sic
1993 1694 2298 1776 principi
2336 1692 2657 1772 Philippo
2702 1691 2964 1772 signifi-

493 1813 819 1883 caverat;
871 1821 1032 1867 cum
1084 1812 1322 1866 autem
1370 1803 1716 1866 intellexit
1767 1812 2022 1866 contra
2074 1819 2223 1865 rem
2274 1819 2351 1864 se
2400 1801 2695 1878 habere,
2745 1816 2964 1862 causa

497 1911 909 1991 praecipua,
962 1926 1144 1991 quae
1193 1910 1389 1972 illum
1439 1918 1688 1973 contra
1738 1907 2171 1973 Societatem
2221 1909 2569 1986 armabat,
2626 1907 2961 1970 cessavit.

493 2016 911 2099 Illudetiam
939 2033 1360 2097 persuasum
1389 2017 1456 2079 ei
1498 2024 1653 2079 erat
1696 2026 1766 2078 et
1810 2016 2013 2078 nobis
2058 2013 2345 2094 objecit,
2395 2016 2580 2095 quod
2625 2015 2962 2077 eximere·

492 2142 649 2187 mus
686 2142 816 2187 nos
857 2143 897 2187 a
939 2123 1426 2187 Praelatorum
1459 2122 1955 2203 jurisdictione
2006 2132 2075 2186 et
2117 2121 2305 2202 quod
2356 2123 2701 2185 vellemus
2740 2122 2813 2184 in
2856 2137 2964 2183 ec-

493 2232 784 2295 clesiam
830 2232 1252 2295 Toletanam
1309 2239 1562 2295 contra
1618 2231 1841 2310 ipsius
1904 2229 2180 2309 ingredi
2230 2231 2697 2292 voluntatem.
2761 2228 2963 2291 Tunc

491 2337 567 2401 P.
603 2337 841 2401 Araoz
872 2338 1178 2401 ostendit
1208 2338 1306 2400 illi
1336 2346 1660 2418 patentes
1689 2338 1965 2400 litteras
1995 2335 2069 2399 P.
2104 2336 2384 2416 Ignatii,
2411 2336 2662 2415 quibus
2699 2335 2965 2398 nostris

491 2446 1022 2525 praescribebat
1050 2455 1127 2509 ut
1167 2463 1330 2508 cum
1367 2462 1723 2508 consensu
1769 2462 1855 2507 ac
1898 2445 2085 2507 bona
2127 2460 2288 2506 cum
2327 2443 2539 2506 venia
2577 2443 2963 2525 Episcopo-

491 2570 650 2615 rum
679 2553 1180 2616 accederemus
1213 2552 1302 2615 ad
1334 2552 1818 2615 consessiones
1849 2550 2239 2614 audiendas
2286 2559 2356 2613 et
2396 2550 2964 2614 concionandum

495 2661 567 2723 in
588 2678 835 2725 eorum
855 2660 1322 2724 dioecesibus,
1353 2659 1654 2740 Accepit
1676 2660 1809 2723 has
1832 2659 2106 2722 litteras
2126 2658 2751 2740 Archiepiscopus,
2780 2667 2849 2721 et
2872 2659 2966 2721 le-

493 2768 620 2848 git,
655 2778 725 2831 et
754 2769 1347 2847 subscriptionem
1377 2768 1453 2831 P.
1488 2767 1747 2847 Ignatii
1778 2766 2283 2840 consideravit,
2317 2775 2387 2828 et
2417 2766 2592 2828 dixit
2623 2765 2811 2845 quod
2842 2766 2963 2828 mi·

491 2893 652 2938 rum
680 2876 752 2938 in
780 2876 1071 2939 modum
1098 2884 1384 2956 gratum
1411 2875 1510 2938 illi
1539 2874 1786 2937 fuisset
1815 2872 1888 2937 id
1926 2872 2201 2951 videre,
2249 2873 2437 2953 quod
2476 2874 2612 2936 nisi
2656 2873 2962 2937 videndo

485 3001 637 3046 non
665 2982 1102 3062 credidisset;
1135 2991 1225 3062 et,
1260 2981 1447 3061 quod
1484 2981 2114 3062 praescribebatur
2155 2980 2225 3043 in
2266 2981 2368 3043 eis
2408 2981 2691 3056 litteriS,
2735 2989 2963 3042 tanto·

495 3108 662 3170 pere
692 3091 758 3154 ei
786 3089 1149 3168 satisfecit,
1184 3099 1260 3152 ut
1284 3090 1524 3152 statim
1556 3089 2037 3153 Gubernatori
2066 3087 2549 3168 Complutensi
2580 3085 2964 3166 injunxerit

491 3216 582 3261 ne
611 3207 860 3262 contra
890 3197 1283 3277 Collegium
1305 3195 1681 3260 Societatis
1707 3196 2014 3275 amplius
2036 3195 2454 3276 procederet
2482 3196 2554 3257 in
2578 3196 2721 3272 lite,
2749 3211 2964 3275 quam

485 3307 917 3386 intenderat,
952 3323 1116 3369 cum
1138 3304 1288 3385 jam
1314 3303 1462 3384 J‘am
1504 3304 1934 3367 sententiam
1964 3312 2152 3366 esset
2190 3311 2612 3383 accepturus
2643 3302 2733 3365 ad
2765 3320 2961 3365 ever-

496 3412 746 3476 tendos
773 3429 1044 3491 murOS,
1081 3413 1335 3492 quibus
1365 3411 1613 3474 hortus
1644 3409 2130 3474 circumdatus
2160 3409 2419 3487 suerat;
2456 3419 2527 3473 et
2556 3426 2759 3472 suam
2803 3428 2961 3490 ope-

494 3537 681 3599 ram,
723 3528 799 3582 ut
838 3519 1164 3599 superius
1203 3520 1470 3582 dictum
1509 3528 1649 3596 est,
1692 3518 1942 3581 obtulit
1981 3518 2071 3579 ad
2128 3517 2687 3598 subYeniendum
2725 3534 2962 3579 neces·

498 3628 830 3690 sitatibus
881 3625 1284 3690 Societatis.
1340 3626 1613 3690 Verum
1667 3644 2006 3708 magnam
2056 3627 2271 3689 etiam
2320 3626 2671 3689 rationem
2718 3625 2964 3688 habuit

499 3732 898 3798 Cardinalis
928 3752 1014 3797 ac
1044 3735 1298 3813 Legati
1338 3733 1624 3814 Poggii,
1671 3735 1794 3815 qui
1839 3744 1986 3797 tam
2025 3734 2210 3797 serio
2250 3749 2544 3795 causam
2585 3730 2964 3795 Societatis

494 3850 928 3922 susceperat,
962 3851 1038 3905 ut
1069 3842 1356 3905 omnino
1399 3842 2005 3921 Archiepiscopus
2044 3839 2644 3904 animadverteret
2681 3840 2819 3902 nisi
2857 3857 2963 3902 re-

494 3948 778 4011 fecisset
805 3949 1000 4029 prius
1029 3948 1200 4012 illud
1224 3950 1550 4027 edictum,
1586 3947 1932 4011 offensum
1954 3948 2042 4011 iri
2067 3947 2514 4011 Cardinalem
2536 3955 2605 4009 et
2629 3949 2716 4010 ab
2741 3947 2962 4026 ipsius

496 4055 987 4120 benevolentia
1020 4056 1518 4137 separandum.
1557 4055 2029 4118 Nihilominus
2059 4056 2239 4118 alias
2268 4056 2357 4117 ob
2388 4072 2646 4117 causas
2684 4063 2954 4134 postea,

497 4180 659 4226 cum
686 4164 777 4226 ab
808 4162 1367 4243 Archiepiscopo
1398 4162 1745 4225 alienatus
1780 4162 2016 4242 aliquo
2046 4162 2256 4226 modo
2286 4159 2567 4240 fuisset,
2601 4161 2961 4224 consensit

496 4279 571 4331 ut
602 4269 1008 4333 informatio
1038 4270 1235 4333 fieret
1267 4270 1352 4332 de
1381 4269 1496 4332 his
1527 4287 1709 4349 quae
1742 4269 2024 4332 dixerat
2051 4269 2342 4332 liberius
2372 4285 2583 4348 quam
2615 4268 2960 4348 oportuis-

495 4385 602 4438 set
630 4376 1254 4457 ArchiepiscopuS,
1291 4393 1470 4457 quae
1501 4375 1756 4441 Sedem
1801 4375 2291 4456 Apostolicam
2330 4376 2565 4455 aliquo
2603 4375 2814 4438 modo
2858 4384 2957 4438 at·

495 4483 883 4562 tingebant3
921 4484 1248 4564 quamvis
1280 4482 1711 4559 informati0‚
1746 4500 1960 4564 quam
1991 4482 2066 4545 P.
2098 4483 2418 4562 Ignatius
2441 4482 2601 4561 capi
2631 4483 2960 4545 voluerat

497 4598 566 4652 et
598 4589 1033 4671 injunxerat,
1076 4591 1306 4654 fuerat
1345 4608 1487 4654 non
1527 4591 1614 4654 de
1654 4591 1766 4653 his
1805 4608 1989 4671 quae
2017 4591 2201 4653 male
2230 4587 2422 4652 dicta
2452 4598 2650 4652 esent
2697 4590 2786 4652 ab
2826 4589 2957 4652 Ar-

485 4698 970 4779 chiepiscopO,
1005 4698 1131 4761 sed
1160 4699 1247 4762 de
1275 4699 1461 4761 bono
1495 4698 1714 4761 odore
1744 4697 2143 4761 Societatis.
2177 4696 2265 4759 Et
2296 4697 2393 4759 ita
2424 4698 2738 4776 Legatus
2770 4714 2961 4760 com-
