3679 5414
706 455 807 511 us·
1601 449 1856 509 Canos.
1898 451 2051 508 Soc,
2096 451 2232 523 Jas,

696 598 885 677 quod
922 615 1079 660 cum
1122 614 1263 660 non
1308 606 1504 659 recta
1544 595 1663 657 via
1712 596 1805 658 ad
1855 595 2063 677 fidem
2108 596 2396 675 plurimi-
2441 597 2893 672 accederent,
2938 599 3154 677 aliqui

694 713 852 783 post
879 704 1309 784 baptismum
1338 702 1428 766 ad
1459 702 1938 767 idololatriam
1965 702 2320 781 redibant,
2363 713 2432 765 et
2473 704 2594 783 qui
2624 704 2804 767 inter
2833 704 3150 767 christia-

692 830 822 875 nos
862 812 1221 890 vivebant,
1266 827 1480 890 aegre
1530 810 1911 875 admodum
1959 810 2054 873 ad
2100 809 2566 876 christianam
2590 811 2992 875 doctrinam
3034 829 3152 874 au·
3214 822 3218 826 ’

693 920 1022 984 diendam
1053 919 1309 983 adduci
1345 927 1703 999 poterant,
1738 928 1806 980 et
1836 910 2071 980 mores
2101 917 2479 982 infidelium
2510 916 2870 981 mordicus
2897 919 3150 983 retine-

692 1029 879 1091 bant.
914 1026 1153 1091 Nostri
1175 1026 1410 1104 igitur,
1438 1026 1614 1088 haec
1643 1024 2197 1111 considera-ntes,
2225 1024 2657 1088 catechismo
2681 1025 3152 1103 praecedente

690 1135 1094 1211 utebantur,
1128 1144 1196 1195 et
1223 1133 1595 1213 pauciores
1626 1131 1914 1211 quidem
1947 1130 2072 1194 sed
2109 1132 2359 1196 melius
2386 1132 2770 1195 instructos
2809 1133 2907 1195 ad
2942 1132 3152 1196 fidem

694 1240 1171 1317 adducebant,
1219 1248 1288 1301 et
1339 1238 1427 1301 ad
1467 1239 1689 1301 vitam
1728 1237 1887 1300 fidei
1927 1254 2316 1300 consonam
2367 1237 2875 1301 traducendam
2917 1239 3148 1301 horta-

694 1350 970 1411 bantur.
1828 1346 1844 1355 “

808 1454 948 1518 344.
1035 1454 1227 1518 Idem
1265 1452 1340 1515 P.
1384 1453 1811 1516 Franciscus
1857 1454 1930 1514 in
1970 1461 2206 1515 tractu
2241 1451 2606 1517 Comurini
2634 1455 2749 1515 vel
2791 1452 3145 1529 Pescaria,

690 1572 758 1623 et
786 1561 860 1624 Ρ·.
895 1562 1231 1625 Nicolaus
1261 1561 1335 1623 in
1362 1560 1570 1634 lociS‚
1604 1560 1721 1622 ubi
1754 1559 2205 1637 versabatur,
2238 1558 2628 1638 faciebant3
2661 1571 2730 1622 et
2769 1560 3150 1640 aliquando

690 1679 833 1731 tres
865 1678 1158 1732 'menses
1208 1677 1278 1731 et
1326 1667 1626 1748 amplius
1682 1667 2230 1731 catechumenos
2286 1667 2713 1745 detinebant,
2767 1675 3145 1747 antequam

690 1793 896 1838 sacro
924 1775 1115 1838 fonte
1159 1775 1493 1854 baptismi
1531 1775 2003 1837 abluerentur.
2048 1774 2135 1837 Et
2172 1791 2336 1837 cum
2373 1774 2798 1852 interrogati
2831 1791 2957 1837 cur
2996 1773 3145 1836 fieri

696 1883 949 1945 vellent
982 1882 1379 1961 christiani,
1421 1882 1736 1945 dicerent
1766 1880 1954 1961 quod
1994 1881 2087 1945 ad
2115 1880 2563 1961 tyrannidem
2602 1897 2892 1945 suorum
2929 1880 3143 1944 domi-

689 2006 940 2053 norum
977 1989 1449 2065 evadendam,
1493 1990 1607 2051 vel
1644 1988 1732 2051 ob
1781 1995 2302 2068 paupertatem,
2355 1988 2469 2049 vel
2517 1985 2684 2067 quid
2721 1985 3140 2067 hujusmodi,

687 2095 1117 2159 docebantur
1166 2095 1332 2176 quid
1369 2103 1554 2158 esset
1596 2094 2055 2157 christianam
2105 2093 2312 2157 fidem
2361 2093 2677 2174 profiteri
2714 2104 2783 2157 et
2823 2111 2948 2157 cur
2989 2094 3143 2157 fieri

685 2202 1067 2265 Christiani
1096 2200 1461 2279 deberent;
1506 2211 1575 2265 et
1614 2202 1735 2281 qui
1775 2219 1924 2263 non
1964 2202 2149 2264 ovile
2186 2218 2314 2280 per
2352 2201 2608 2264 ostium
2648 2201 2912 2265 intrare
2955 2202 3140 2265 vole·

686 2311 875 2382 bant,
909 2326 1052 2371 non
1071 2308 1644 2375 admittebantur.
1672 2308 1999 2370 Nondum
2028 2318 2266 2371 tamen
2296 2308 2480 2371 ferre
2509 2326 2718 2393 posse
2737 2309 3142 2389 neophytos

683 2415 919 2481 omnia
950 2424 1327 2495 praecepta
1357 2415 1839 2481 ecclesiastica
1870 2432 1952 2477 eo
1986 2425 2303 2494 tempore
2332 2416 2506 2478 sat—is
2537 2415 2928 2479 constabat.

801 2521 940 2584 345.
1029 2522 1116 2585 Et
1145 2520 1219 2583 P.
1256 2521 1543 2600 quidem·
1571 2521 1905 2585 Nicolaus
1933 2522 2374 2585 Lancilottus
2401 2522 2648 2585 non-in
2675 2540 2757 2584 ea
2789 2523 3140 2585 sententia

682 2628 812 2691 fuit
842 2636 917 2690 ut
946 2636 1219 2691 tantum
1250 2622 1481 2691 virtus
1504 2628 1575 2690 in
1601 2628 1948 2709 operariis
1978 2628 2069 2691 ad
2091 2626 2363 2691 Indiam
2385 2628 2765 2707 mittendiS,
2800 2628 2860 2691 si
2883 2628 3136 2691 doctri-

681 2755 776 2798 na
802 2753 945 2798 non
975 2735 1287 2814 adesset,
1321 2735 1703 2812 sufficeret;
1731 2736 1945 2800 immo
1977 2735 2049 2798 in
2078 2735 2516 2799 naturalibus
2539 2736 2851 2798 scientiis
2874 2737 3138 2799 exerci-

684 2853 869 2905 tatos
898 2861 1019 2905 eos
1047 2860 1203 2924 esse
1227 2843 1480 2905 debere
1503 2842 1973 2918 existimabat,
2008 2851 2084 2904 ut
2111 2842 2502 2908 rationibus
2530 2843 2954 2908 convincere
2983 2861 3139 2923 pos·

683 2959 838 3013 sent
859 2967 1102 3016 eorum
1131 2966 1410 3012 errores
1438 2948 1477 3011 ¹.
1516 2949 1751 3029 Aliqui
1775 2949 1962 3012 enim
1985 2949 2167 3011 inter
2190 2948 2383 3028 ipsos
2404 2957 2643 3011 tenent
2666 2949 2860 3029 quod
2879 2967 3018 3012 non
3048 2950 3137 3012 sit

680 3056 905 3135 Deus,
933 3057 1048 3119 alii
1087 3057 1276 3137 quod
1322 3056 1523 3119 multi
1562 3056 1701 3119 sint
1734 3056 1889 3135 Dei,
1923 3056 2042 3118 alii
2071 3054 2256 3134 quod
2286 3065 2448 3118 sunt
2488 3055 2652 3120 boni
2695 3054 2836 3120 Dei
2860 3066 2929 3120 et
2972 3058 3137 3120 mali

678 3164 841 3242 Dei,
876 3172 947 3226 et
974 3164 1197 3227 bonos
1227 3164 1528 3226 adorant
1566 3172 1641 3225 ut
1684 3163 1857 3243 ipsis
1897 3163 2071 3228 bene
2113 3161 2412 3239 faciant,
2457 3171 2526 3225 et
2571 3165 2798 3227 malos
2839 3182 2928 3226 ne
2968 3165 3138 3244 ipsis

678 3281 1011 3351 noceant;
1039 3249 1159 3334 alii
1180 3271 1455 3333 animas
1476 3269 1835 3333 hominum
1853 3319 1867 3346 ,
1897 3269 2284 3334 bestiarum
2307 3278 2374 3332 et
2398 3271 2801 3349 plantarum
2823 3269 3136 3349 ejusdem

678 3378 973 3441 rationis
1002 3395 1157 3441 esse
1186 3377 1528 3454 sentiunt,
1574 3386 1642 3439 et
1672 3393 1833 3440 cum
1873 3376 2193 3442 homines
2231 3376 2653 3454 moriuntur,
2696 3395 2826 3457 pro
2865 3379 3136 3442 meritis

681 3485 987 3563 renasci,
1033 3484 1147 3548 vel
1189 3483 1569 3559 feliciores·‚
1606 3492 1681 3545 ut
1721 3482 1899 3546 filios
1939 3482 2237 3563 alicujus
2275 3484 2597 3563 reginae,
2630 3485 2744 3547 vel
2784 3484 3131 3562 dominae,

676 3593 788 3654 vel
820 3591 1074 3658 nobilis
1100 3589 1479 3667 foeminae,
1523 3590 1639 3652 vel
1684 3589 2139 3668 infelicioreS,
2185 3601 2258 3652 ut
2307 3591 2599 3669 bestiaS,
2648 3601 2768 3654 aut
2817 3592 3129 3668 arbores,

676 3708 797 3761 aut
835 3697 1157 3760 homines
1206 3696 1523 3762 miseros,
1588 3693 1915 3760 Adorant
1965 3697 2206 3762 omnia
2258 3697 2600 3760 elementa
2659 3708 2734 3762 ut
2790 3698 3129 3772 viventia,

674 3815 868 3872 astra
899 3813 969 3866 et
997 3803 1363 3880 animalia;
1390 3819 1573 3881 quae
1596 3801 1833 3866 omnia
1858 3813 1928 3864 et
1959 3803 2098 3866 alia
2121 3800 2522 3881 hujusmodi
2545 3805 2938 3868 rationibus
2967 3823 3131 3872 con-

677 3911 1021 3975 vincenda
1050 3919 1244 3988 sunt;
1270 3920 1339 3972 et
1372 3927 1456 3971 eo
1487 3908 1896 3984 diligentius
1926 3910 2113 3990 quod
2143 3909 2322 3974 inter
2351 3928 2472 3973 eos
2503 3911 2720 3991 aliqui
2746 3921 2929 3988 sunt,
2957 3929 3134 3991 quos

754 4187 769 4217 ¹
828 4185 995 4228 Cosmi
1033 4186 1209 4228 Aunes
1244 4185 1373 4238 Regi
1414 4183 1767 4237 Portugallise
1803 4185 1865 4226 de
1902 4186 2056 4228 rebus
2087 4186 2284 4237 indicis,
2321 4187 2556 4239 epistola,
2597 4187 2822 4240 Bazaini,
2844 4188 2898 4231 m
2919 4188 3134 4231 Novem-

673 4258 778 4302 bris
807 4256 1132 4301 lost-Nova
1162 4262 1281 4299 erat
1312 4257 1363 4299 in
1397 4256 1583 4300 mundo
1604 4253 1855 4307 SocietaS,
1878 4255 2085 4309 ignotae
2107 4255 2392 4310 Europaeis
2411 4257 2587 4302 Indiae
2621 4260 2860 4313 regiones
2880 4265 2933 4302 et
2953 4259 3004 4303 in
3024 4261 3133 4313 pl·-

669 4329 811 4374 ribus
843 4329 909 4371 ab
940 4327 1148 4382 Europa
1168 4326 1458 4374 dissimiles:
1482 4325 1612 4372 unde
1633 4325 1817 4372 mirum
1852 4337 1949 4370 non
1985 4337 2064 4370 est
2093 4333 2171 4371 tot
2205 4328 2255 4371 in
2291 4328 2392 4374 iuis
2420 4329 2581 4374 initiis
2602 4330 2664 4372 de
2693 4330 3129 4378 mittendorumin

668 4400 863 4443 Indiam
881 4398 1257 4443 conditionibus
1277 4410 1368 4442 seu
1388 4397 1725 4452 qualitatibus
1747 4403 1914 4440 motas
1934 4397 2089 4440 fuisse
2110 4400 2511 4450 controversias,
2530 4400 2682 4443 immo
2699 4413 2798 4445 non
2814 4412 2970 4444 unam
2993 4403 3126 4453 apud

664 4482 840 4518 omnes
861 4471 1013 4518 fuisse
1032 4470 1094 4514 de
1116 4469 1383 4515 Franclsci
1407 4468 1621 4514 Xaverii
1642 4475 1694 4511 et
1717 4470 1937 4514 aliorum
1966 4470 2016 4513 in
2036 4469 2182 4515 India
2211 4471 2398 4524 agendi
2432 4473 2634 4516 ratione
2665 4473 2967 4527 opinionem.
2992 4472 3129 4516 Cita—

664 4555 748 4593 ωε
768 4554 925 4598 supra
947 4542 1198 4596 epistolae
1219 4549 1404 4592 auctor
1424 4542 1554 4590 haee
1578 4542 1739 4586 verba
1764 4541 1989 4595 scripsit.
2011 4553 2142 4596 qnae
2178 4543 2391 4590 lusitani
2424 4544 2706 4598 scriptores
2739 4545 2928 4599 amque
2964 4543 3130 4589 Socie-

663 4616 762 4659 tati
782 4614 965 4659 infensi
986 4614 1051 4657 ad
1072 4625 1321 4658 nauseam
1340 4625 1498 4669 usque
1519 4619 1783 4667 repetunt:
1806 4615 1828 4634 ‘-
1845 4613 2042 4667 Perque
2065 4624 2121 4656 os
2144 4614 2338 4657 Padres
2358 4626 2455 4668 que
2477 4626 2539 4667 ca
2561 4615 2742 4659 vlerao
2764 4616 2831 4659 da
2854 4615 3044 4659 Ordem
3065 4617 3126 4659 de

660 4687 821 4738 jesus,
840 4684 1043 4729 tit-ando
1058 4683 1249 4732 uentre
1270 4683 1563 4737 Francisco,
1587 4683 1786 4728 todolos
1805 4687 2216 4733 outros.n29.sio
2236 4695 2608 4740 081111689οω
2626 4687 2774 4739 isso..
