3679 5414
758 441 862 501 194
1244 529 1249 534 „
1682 439 1937 500 Cimon.
1981 439 2132 499 Soc.
2175 440 2314 513 Jsss.

753 587 1230 650 hortarentur.
1264 586 1422 649 Viri
1451 604 1595 649 non
1633 595 1755 649 tan
1795 586 2199 667 frequenter
2239 586 2328 649 ad
2363 584 2882 648 confessionem
2922 594 2991 648 et
3032 604 3223 649 com-

752 695 1159 757 munionem
1189 692 1643 772 accedebant;
1676 694 1878 755 multi
1907 703 2145 756 tamen
2175 711 2264 755 ex
2292 692 2645 755 nobilibus
2673 701 2743 755 et
2775 693 3223 757 scholasticis

752 803 971 865 etiam
1000 803 1071 864 in
1098 802 1350 881 spiritu
1381 818 1466 863 ac
1496 801 1756 880 pietate
1784 800 2270 880 proficiebant.
2306 799 2612 878 Quidam
2640 800 2977 863 sacerdos
3005 801 3220 863 bono·-

750 908 1016 971 niensis
1054 908 1189 970 hoc
1230 925 1415 970 anno
1464 907 1538 969 in
1575 906 2003 970 Societatem
2045 907 2398 970 admissus
2449 914 2519 968 et
2568 906 2869 970 Romam
2919 907 3218 969 destina-

749 1024 865 1078 tus
892 1023 1000 1077 est
1034 1014 1073 1077 ¹.

867 1121 967 1184 65.
1054 1120 1453 1184 Recedente
1482 1121 1559 1184 P.
1591 1121 1981 1184 Paschasio
2012 1122 2446 1200 Ferrariam,
2481 1120 2557 1184 P.
2591 1121 2649 1183 F
2654 1122 3022 1184 ranciscus
3066 1119 3219 1183 Pal-

747 1229 931 1292 mius
952 1227 1267 1308 Collegio
1282 1246 1614 1308 praeesse
1639 1229 1893 1309 coepit;
1920 1229 2086 1308 quia
2108 1237 2347 1292 tamen
2369 1228 2668 1306 urgebat
2694 1226 3219 1290 confessionum

746 1335 1141 1414 multitudo,
1176 1336 1387 1399 alium
1430 1335 1744 1399 submitti
1782 1335 2228 1398 sacerdotem
2266 1335 2721 1416 peroptabat,
2765 1352 2927 1397 cum
2963 1335 3091 1397 vix
3127 1335 3224 1397 ad

746 1443 1169 1524 capiendum
1200 1443 1435 1505 cibum
1463 1451 1741 1523 tempus
1771 1443 1908 1523 ipsi
1938 1425 2361 1522 suppeteret;
2402 1443 2659 1504 bellum
2688 1442 2874 1504 enim
2903 1441 3218 1504 vicinum

745 1552 818 1613 in
856 1549 1360 1628 Longobardia
1402 1559 1471 1612 et
1510 1567 1836 1612 annonae
1877 1550 2145 1611 caritas
2183 1549 2443 1611 multos
2482 1549 2650 1611 dum
2688 1548 3082 1628 premebat,
3127 1547 3216 1611 ad

745 1656 978 1720 Deum
1009 1656 1349 1719 accedere
1380 1655 1848 1735 compellebat
1877 1653 1922 1718 ².

864 1763 966 1825 66.
1056 1764 1233 1826 Cum
1261 1763 1338 1826 P.
1373 1762 1654 1842 Simon,
1688 1781 1778 1825 ex
1807 1763 1999 1826 Urbe
2032 1763 2371 1826 recedens
2400 1762 2473 1825 in
2503 1761 3051 1841 Portugalliam,
3085 1759 3212 1823 Bo·

746 1871 1036 1933 noniam
1066 1871 1530 1949 pervenisset,
1567 1887 1651 1932 ac
1680 1879 2211 1949 procuratoreS,
2245 1869 2365 1949 qui
2392 1868 2664 1931 Romae
2691 1863 3001 1946 fuerant,
3035 1867 3213 1929 scili-

741 1987 878 2056 cet,
913 1976 1162 2039 Patres
1191 1976 1649 2039 Ambrosium
1680 1986 1748 2039 et
1777 1975 2065 2040 Petrum
2093 1973 2300 2055 Diaz,
2334 1993 2575 2039 secum
2607 1973 3014 2053 adduceret,
3046 1973 3214 2037 Am-

742 2085 1023 2147 brosius
1049 2084 1283 2164 Aprili
1311 2101 1555 2146 mense
1585 2084 1657 2146 in
1696 2084 2214 2163 aegritudinem
2251 2082 2609 2162 incidenS,
2654 2081 3014 2145 Bononiae
3052 2099 3213 2144 cum

743 2190 820 2253 P.
852 2190 1063 2253 Petro
1095 2191 1276 2254 Diaz
1307 2191 1617 2269 relictuS,
1653 2207 1814 2253 cum
1843 2208 2067 2271 usque
2097 2190 2189 2253 ad
2216 2189 2480 2272 Julium
2509 2206 2824 2252 mensem
2855 2188 3208 2251 conflicta-

741 2308 857 2361 tus
918 2316 1078 2361 cum
1118 2297 1364 2360 morbo
1425 2306 1640 2376 esset,
1697 2298 1980 2360 demum
2029 2305 2450 2377 recuperata
2499 2295 2835 2373 sanitate,
2891 2294 3209 2357 Bononia

748 2404 821 2467 13
847 2403 1012 2485 Julii
1041 2402 1366 2466 Genuam
1392 2421 1648 2466 versus
1674 2402 1975 2483 profecti
2006 2411 2190 2466 sunt.

857 2511 958 2573 67.
1048 2510 1391 2590 Quamvis
1433 2518 1711 2590 optaret
1752 2509 1828 2572 P.
1872 2510 2190 2588 Ignatius
2229 2509 2477 2589 augeri
2522 2525 2770 2571 eorum
2811 2525 3204 2586 numerum,

736 2618 856 2697 qui
886 2615 1227 2681 Societati
1254 2635 1331 2679 se
1370 2616 1919 2695 consecrabant,
1965 2617 2317 2679 delectum
2360 2625 2600 2679 tamen
2639 2616 2888 2679 haberi
2927 2615 3209 2678 volebat

735 2743 823 2788 ac
852 2726 1269 2806 praesertim
1301 2726 1373 2788 in
1401 2734 1665 2805 aetate,
1699 2734 1768 2788 et
1796 2743 2203 2788 mensuram
2231 2724 2700 2804 longitudinis
2733 2724 2824 2787 ad
2863 2723 3209 2787 Rectores
3281 2754 3282 2759 κ

735 2832 1212 2912 Collegiorum
1242 2832 1565 2910 miserat,
1599 2830 1688 2894 ad
1719 2849 1934 2912 quam
1964 2841 2239 2894 statura
2266 2848 2534 2909 eorum,
2569 2831 2689 2911 qui
2712 2831 2990 2894 admitti
3013 2839 3207 2910 opta·

737 2939 935 3015 bant,
969 2940 1405 3018 exigeretur;
1439 2947 1508 3001 et
1537 2940 1639 3001 ita
1680 2938 2056 3020 quemdam
2100 2936 2622 3000 adolescentem
2665 2938 2945 3001 admitti
2987 2937 3210 2999 voluit

735 3046 858 3127 qui
885 3047 1477 3125 ante-ingressum
1500 3055 1810 3124 nostrOS,
1846 3046 1964 3126 qui
1993 3045 2065 3108 in
2093 3045 2348 3125 plateis
2377 3045 2679 3125 publicis
2709 3045 3206 3123 abnegationis

740 3154 978 3230 gratia
1005 3153 1540 3216 exhortationes
1566 3153 1946 3231 habebant,
1981 3152 2309 3215 comitem
2339 3160 2410 3215 et
2440 3168 2583 3214 non
2612 3153 2841 3216 solum
2872 3153 2946 3215 in
2975 3152 3205 3215 dome·

735 3260 935 3322 sticis
990 3260 1116 3322 sed
1181 3260 1252 3322 in
1309 3260 1622 3322 externis
1674 3261 1889 3322 etiam
1948 3258 2578 3322 exercitationibus
2636 3259 3203 3322 mortificationis

733 3367 1007 3429 socium
1056 3383 1132 3428 se
1188 3365 1650 3446 adjungebat,
1704 3367 2033 3446 quamvis
2082 3364 2437 3428 defectum
2496 3366 2789 3428 haberet
2851 3367 2924 3428 in
2983 3367 3208 3429 altera

736 3490 970 3552 manu,
999 3474 1072 3535 in
1101 3490 1240 3553 qua
1268 3473 1407 3536 duo
1439 3474 1643 3552 digiti
1692 3474 1888 3551 igne,
1943 3490 2105 3535 cum
2135 3479 2321 3534 esset
2349 3489 2526 3551 puer
2546 3520 2560 3549 ,
2604 3472 2817 3535 valde
2855 3473 3034 3536 laesi
3062 3472 3205 3535 fue-

734 3589 917 3658 rant,
949 3589 1236 3661 propter
1265 3581 1550 3643 virtutis
1579 3590 1816 3643 tamen
1839 3580 2198 3659 specimen
2227 3579 2416 3642 hunc
2447 3578 2824 3659 defectum,
2853 3598 3060 3661 quem
3088 3582 3201 3643 ille

734 3687 997 3766 alioqui
1025 3688 1200 3749 satis
1222 3687 1731 3766 dissimulabat,
1763 3686 2044 3766 suplere
2075 3687 2304 3749 voluit
2335 3684 2379 3748 ³.

813 3964 831 3997 ¹
888 3963 1164 4016 Polancus,
1204 3974 1270 4006 ex
1308 3964 1710 4016 commissione,
1750 3962 2032 4007 Francisco
2071 3963 2268 4008 Palmio
2283 3998 2293 4017 ,
2337 3965 2399 4008 de
2444 3966 2698 4008 mittendo
2740 3965 2955 4008 Romam
2993 3965 3207 4008 Andrea

732 4032 1081 4077 Castrodardo
1096 4066 1107 4087 ,
1129 4034 1189 4076 de
1211 4033 1545 4077 admittendis
1566 4034 1631 4077 ad
1654 4033 1969 4078 Societatem
1998 4033 2192 4086 joanne
2215 4033 2495 4079 Francisco
2527 4042 2579 4079 et
2612 4035 2717 4079 alio
2731 4068 2742 4090 ,
2763 4035 2844 4079 cui
2868 4046 3050 4079 manns
3069 4034 3207 4079 infir-

731 4116 832 4159 ma,
852 4105 895 4148 si
918 4110 1093 4149 tamen
1113 4105 1157 4147 is
1177 4105 1241 4148 ad
1265 4105 1535 4159 legendum
1555 4105 1607 4149 in
1626 4105 1817 4149 scholis
1837 4106 1907 4150 sit
1929 4112 2097 4160 aptus,
2114 4106 2142 4149 9
2162 4105 2418 4161 Octobris,
2435 4108 2602 4151 eidem
2615 4107 2800 4160 Joanni
2822 4106 3118 4160 Francisco,
3141 4106 3202 4149 de

733 4177 841 4231 ejus
861 4175 1185 4229 admissione,
1208 4177 1529 4230 probatione,
1550 4176 1867 4230 valetudine,
1890 4183 2006 4231 etc.,
2032 4177 2085 4221 10
2104 4177 2362 4222 Octobris,

811 4250 835 4280 Ι
890 4248 1169 4302 Polancus,
1205 4259 1271 4291 cx
1299 4248 1701 4302 commissione,
1732 4249 1879 4293 Patri
1909 4248 2194 4293 Francisco
2215 4249 2429 4305 Palmio,
2452 4253 2499 4295 ei
2520 4251 2827 4306 promittens
2848 4252 3133 4306 adjutores,
3151 4250 3204 4293 15

733 4320 973 4375 Augusti;
996 4321 1176 4374 eidem,
1198 4320 1250 4363 in
1269 4330 1490 4365 mentem
1508 4321 1713 4375 Ignatio
1746 4321 1952 4365 venisse
1987 4321 2230 4366 Fulvium
2267 4322 2547 4367 Cardnlum
2579 4324 2645 4367 ad
2679 4335 2796 4368 eum
2817 4323 3053 4367 Venetiis
3084 4322 3202 4365 mit-

734 4399 863 4446 tere,
884 4391 925 4435 si
948 4397 1101 4445 aptus
1119 4391 1186 4434 ad
1209 4390 1567 4437 Sacerdotium
1586 4394 1884 4448 reperiatur
1905 4399 1956 4437 et
1978 4394 2058 4438 cui
2077 4395 2299 4438 aliorum
2329 4406 2455 4438 cura
2482 4396 2644 4449 possit
2675 4395 3003 4446 demandari.
3033 4394 3087 4437 26
3107 4393 3205 4437 De-

739 4463 979 4506 cembris.

802 4532 826 4564 ⁸
880 4532 1153 4588 Polaticus,
1175 4544 1241 4576 ex
1261 4534 1655 4599 commissione,
1688 4535 1835 4579 Patri
1872 4535 2156 4580 Paschaslo
2190 4536 2364 4592 Broet,
2402 4537 2464 4580 de
2499 4538 2836 4582 admittendis
2869 4543 2921 4581 et
2954 4549 3018 4581 ne
3050 4539 3201 4592 plura

723 4604 918 4663 ,cribat
936 4605 998 4648 de
1020 4616 1080 4648 eo
1101 4605 1185 4658 qui
1207 4610 1315 4648 tres
1335 4610 1540 4650 tantum
1560 4606 1753 4660 digitos
1774 4607 1825 4651 in
1847 4618 2002 4651 manu
2020 4618 2174 4652 sanos
2195 4609 2526 4663 integrosque
2548 4610 2708 4654 habet
2724 4643 2734 4662 ,
2760 4610 2809 4652 14
2840 4608 3045 4663 Martii;
3069 4610 3200 4653 idem

724 4675 784 4718 de
808 4676 983 4718 eodem
1006 4675 1151 4719 Patri
1170 4675 1351 4728 Joanni
1373 4676 1435 4719 de
1456 4675 1713 4729 Victoria,
1752 4679 1798 4720 ll
1839 4678 2060 4733 Api-{11³5
2096 4679 2280 4735 eidem,
2320 4681 2531 4725 mittens
2565 4691 2858 4725 mensnram
2895 4681 2962 4724 ab
2997 4680 3203 4735 ignatio
