3679 5414
1714 497 1841 555 ΑΝ.
1887 496 2025 554 1550
2987 494 3083 552 151

626 659 964 706 cenorum
986 643 1207 706 etiam
1220 642 1579 706 erroribus
1592 643 1829 706 infecti
1857 653 2080 721 erant,
2115 643 2320 705 sicuti
2339 653 2411 705 et
2431 642 2793 720 ruthenOS,
2819 642 3084 719 ungha-

631 763 770 829 ros,
796 759 874 813 et
902 749 1176 829 aliquos
1198 798 1213 829 ,
1252 749 1374 829 qui
1412 748 1619 812 fidem
1649 735 2214 828 abnegaverant,
2242 748 2596 829 Janiseros
2612 798 2626 827 ,
2671 764 2972 827 graecos
3002 765 3087 810 ac

629 857 859 935 1133105,
892 866 961 920 et
991 857 1292 919 aliarum
1322 856 1688 919 nationum
1715 854 2036 918 homines
2057 857 2395 918 reducere
2427 856 2516 918 ad
2538 855 2902 918 Ecclesiae
2929 871 3085 917 san-

629 972 786 1026 ctae
822 963 1176 1042 gremium
1212 962 1622 1026 conabatur.
1666 963 2156 1026 Provocarunt
2189 961 2207 992 ¹
2248 979 2405 1025 eum
2445 962 2768 1025 saraceni
2807 968 2884 1025 ut
2927 979 3088 1024 cum

631 1070 937 1150 quodam
975 1086 1105 1144 suo
1143 1069 1562 1151 philosopho
1606 1071 1677 1133 in
1721 1071 2026 1151 quadam
2074 1086 2247 1151 rupe
2298 1069 2546 1148 sterili,
2605 1078 2847 1149 utpote
2893 1070 3084 1145 salis

630 1177 782 1239 sine
822 1194 1008 1257 aqua
1046 1185 1167 1240 aut
1205 1194 1282 1241 re
1325 1178 1467 1240 ulla
1497 1177 1738 1256 viridi,
1779 1187 2128 1255 maneret,
2171 1195 2301 1239 nec
2349 1178 2531 1240 ullus
2567 1176 2928 1240 hominum
2966 1194 3089 1239 eos
3194 1169 3198 1173 ’

628 1283 879 1361 adiret3
913 1293 990 1347 ut
1014 1284 1133 1363 qui
1161 1283 1424 1347 diutius
1445 1284 1705 1347 famem
1735 1294 1803 1347 et
1829 1285 2023 1347 sitim
2052 1284 2520 1364 sustinuisset,
2546 1281 2698 1363 ejus
2721 1285 2835 1346 lex
2856 1284 3089 1363 potior

628 1389 1028 1453 haberetur.
1066 1390 1333 1470 Quibus
1362 1390 1726 1471 respondit
1756 1391 2038 1471 Gaspar
2061 1391 2292 1454 Deum
2321 1409 2463 1454 non
2492 1408 2649 1453 esse
2677 1389 3089 1453 tentandum
3153 1406 3155 1410 “

628 1505 697 1558 et
718 1513 846 1576 per
868 1497 1268 1559 doctrinam
1291 1498 1475 1560 hanc
1505 1497 1988 1577 quaestionem
2020 1498 2265 1561 melius
2295 1496 2523 1560 decidi
2550 1514 2781 1578 posse;
2814 1497 2998 1578 quod
3029 1498 3090 1559 si

627 1620 771 1665 non
800 1612 1040 1683 posset
1069 1606 1473 1667 elucescere
1502 1605 1638 1667 hoc
1666 1606 1874 1668 modo
1889 1605 2187 1683 veritaS‚
2222 1615 2390 1686 tunc
2413 1606 2483 1668 id
2504 1605 2689 1684 quod
2719 1605 2818 1667 illi
2840 1620 3087 1685 propo-

633 1710 894 1772 nebant
944 1711 1095 1773 fieri
1141 1728 1371 1792 posse.
1420 1711 1557 1775 Sed
1600 1712 1700 1774 illi
1748 1712 2296 1792 disputationem
2347 1712 2633 1774 omnino
2682 1711 3089 1775 reformida-

632 1817 802 1879 bant
830 1815 875 1878 ².

742 1923 884 1987 356.
975 1923 1156 1989 Cum
1182 1934 1423 1988 tamen
1451 1926 1684 1988 victus
1712 1935 1900 1989 esset
1930 1944 2116 1989 anno
2148 1927 2492 2007 superiori
2513 1927 2587 1989 in
2615 1927 3090 2006 disputatione

625 2031 874 2093 doctor
895 2030 1182 2110 quidam
1204 2048 1449 2095 eorum
1474 2033 1715 2111 magni
1736 2033 2064 2113 nominiS,
2087 2047 2156 2096 et
2177 2032 2326 2113 ejus
2340 2050 2523 2097 uxor
2536 2043 2606 2096 et
2616 2033 2800 2096 filiae
2826 2033 3089 2096 Christi

524 2137 536 2146 ‘
627 2137 834 2200 fidem
862 2138 1361 2219 suscepissent,
1398 2141 1725 2203 saraceni
1752 2142 1952 2203 multi
1983 2141 2075 2203 ad
2106 2141 2369 2204 Christi
2398 2141 2606 2204 fidem
2636 2141 2954 2204 animum·
2971 2141 3085 2202 ad·

619 2244 962 2324 Jecerunt;
996 2253 1065 2308 et
1094 2247 1283 2326 quod
1304 2247 1499 2326 prius
1524 2247 1955 2326 ignominiae
1979 2250 2135 2310 loco
2160 2249 2349 2328 apud
2371 2248 2563 2329 ipsos
2585 2257 2762 2327 erat,
2792 2247 3087 2324 scilicet,

625 2352 1089 2415 christianum
1114 2352 1287 2431 fieri,
1320 2352 1575 2416 honori
1606 2370 1762 2417 esse
1790 2354 2044 2434 coepit.
2085 2354 2286 2417 *Unde
2318 2354 2632 2434 quotidie
2670 2354 2886 2435 aliqui
2926 2372 3085 2416 con-

621 2459 1105 2522 vertebantur.
1140 2459 1378 2539 Aliqui
1407 2469 1646 2523 tamen
1674 2476 1837 2523 cum
1866 2460 1963 2523 illi
1995 2462 2463 2524 occurrebant
2502 2462 2574 2523 in
2613 2462 2733 2524 via
2780 2461 3086 2541 publica,

623 2566 821 2643 dum,
854 2564 1324 2629 tintinnabulo
1352 2568 1664 2646 pulsat0,
1699 2566 1790 2629 ad
1829 2567 2296 2630 christianam
2331 2567 2728 2631 doctrinam
2768 2569 3096 2631 homines

623 2672 1133 2752 congregabat,
1169 2690 1380 2737 aures
1409 2675 1856 2755 obturabant,
1890 2674 2055 2754 quia
2086 2692 2228 2738 non
2249 2676 2478 2739 solum
2501 2675 2575 2738 in
2595 2676 2818 2756 gestis
2841 2683 2911 2738 et
2933 2693 3088 2739 ver·

625 2779 755 2857 bis,
786 2780 913 2842 sed
942 2780 1161 2843 etiam
1190 2781 1261 2843 in
1291 2781 1550 2844 tinnitu
1578 2783 2045 2862 campanulae
2087 2784 2234 2845 vim
2265 2783 2766 2846 incantationis
2797 2801 2953 2846 esse
2993 2784 3090 2846 d-i-

622 2886 897 2965 cebant,
926 2904 1014 2950 ne
1041 2887 1225 2951 forte
1258 2888 1624 2952 audientes
1646 2899 1716 2951 et
1743 2890 1881 2969 ipsi
1904 2900 2512 2953 converterentur.
2542 2889 2720 2952 Tam
2744 2891 2883 2953 late
2906 2891 3091 2953 chri-

624 2993 856 3055 stiana
905 2992 1231 3057 doctrina
1284 2996 1601 3075 patebat,
1653 3003 1730 3057 ut
1776 2995 1997 3058 etiam
2049 2996 2376 3059 saraceni
2427 3012 2586 3059 eam
2645 2995 3094 3059 addiscentes

622 3108 1017 3162 cantarent.
1072 3100 1253 3166 Cum
1291 3110 1531 3164 autem
1568 3103 1941 3166 christiani
1971 3119 2235 3182 magno
2273 3103 2555 3166 fervore
2595 3103 3087 3183 processiones

627 3204 973 3285 facerent,
1008 3215 1077 3269 et
1106 3207 1394 3271 litanias
1426 3209 1839 3289 recitarent,
1876 3219 1945 3273 et
1975 3209 2565 3289 flagellationibus
2594 3217 2987 3287 uterentur,
3019 3219 3091 3272 et

631 3329 790 3374 cum
818 3314 924 3375 eis
953 3314 1363 3377 incedentes
1390 3317 1593 3395 pueri
1621 3315 2087 3380 christianam
2111 3317 2509 3379 doctrinam
2549 3325 2950 3394 cantarent,
2982 3333 3093 3379 sa-

630 3420 872 3482 raceni
903 3420 1234 3484 timentes
1263 3439 1351 3485 ne
1382 3423 1580 3486 multi
1610 3442 1701 3486 ex
1724 3423 1897 3503 ipsis
1919 3423 2011 3486 ad
2034 3422 2298 3487 Christi
2318 3422 2529 3486 fidem
2551 3423 2995 3502 accederent,
3022 3434 3093 3486 et

631 3526 766 3606 ipsi
815 3526 1076 3590 imitari
1113 3527 1606 3608 processiones
1644 3532 2024 3593 voluerunt
2054 3540 2123 3592 et
2162 3538 2482 3609 cantum,
2517 3529 2858 3592 dicentes:
2892 3529 3093 3592 Dm<

626 3639 736 3695 est
784 3651 979 3696 unus
1018 3634 1269 3712 solus;
1304 3641 1412 3698 est
1455 3636 1678 3699 Deus.
1721 3635 1955 3700 Semel
1993 3646 2230 3700 tamen
2268 3636 2527 3700 accidit
2562 3648 2640 3699 ut
2675 3654 2818 3700 non
2854 3637 3096 3699 verbis

629 3743 857 3804 solum
872 3741 998 3804 sed
1011 3742 1226 3805 etiam
1237 3742 1588 3824 lapidibus
1610 3744 2038 3806 christianos
2060 3743 2499 3823 impeterent,
2526 3744 2646 3823 qui
2670 3744 2743 3807 in
2763 3757 3092 3823 campum

627 3846 962 3926 fugiendo
990 3850 1264 3928 ¹egressi
1312 3859 1506 3930 sunt,
1559 3859 1769 3931 prout
1816 3849 2187 3912 catholicis
2224 3859 2542 3930 tempore
2583 3848 2828 3912 Sancti
2867 3850 3090 3930 Chry·

628 3955 926 4017 sostomi
964 3955 1248 4034 accidit,
1282 3973 1447 4018 cum
1474 3957 1563 4019 ab
1594 3957 1866 4020 arianis
1893 3958 2462 4038 persecutionem
2498 3965 2926 4036 paterentur.

746 4061 887 4124 357.
974 4062 1162 4125 Inter
1182 4063 1735 4143 disputationum
1748 4063 2023 4128 fructus
2038 4065 2151 4126 ille
2175 4064 2324 4142 fuit,
2344 4064 2530 4142 quod
2547 4063 2758 4143 j0gus
2777 4064 3086 4144 quidam,

624 4169 904 4248 magnis
933 4169 1397 4248 abstinentiis,
1432 4170 1780 4250 castitate,
1815 4178 1884 4233 et
1916 4179 2331 4251 paupertate
2361 4179 2431 4232 et
2452 4170 2702 4232 mortis
2722 4171 3086 4250 praedica—

633 4333 945 4355 ω*

709 4428 721 4457 ¹
785 4426 886 4470 Sed
920 4427 1063 4481 prius
1096 4425 1303 4481 Gaspar
1339 4425 1625 4471 Saracenos
1659 4428 1723 4471 ad
1763 4427 2165 4482 disputationem
2197 4412 2461 4469 nitebatur
2493 4425 2721 4469 allicere.
2756 4423 2873 4469 Vid.
2907 4424 3088 4477 Mau-⁸12..

626 4496 767 4542 Ἐπεί.
792 4497 933 4550 Μ,
952 4498 986 4540 1.
1011 4498 1062 4540 1⁴
1085 4498 1197 4550 (Sic
1214 4499 1277 4542 in
1296 4499 1580 4552 maram).

705 4571 727 4601 ¹
782 4568 924 4612 Haec
942 4569 1204 4624 pertinere
1225 4570 1468 4613 videntur
1488 4570 1553 4614 ad
1573 4581 1762 4613 annum
1782 4571 2098 4624 superiorem
2122 4568 2227 4622 (Ita
2250 4570 2307 4612 in
2322 4569 2606 4622 margine).
2628 4569 2893 4613 Per-tinent
2915 4577 3086 4614 autem

624 4650 729 4684 tum
747 4641 814 4685 ad
839 4641 1158 4694 superiorem
1185 4648 1293 4684 tum
1317 4641 1385 4684 ad
1406 4649 1731 4695 praesentem
1761 4653 1976 4694 annum;
1998 4652 2062 4683 ea
2081 4641 2216 4682 enim
2236 4641 2342 4683 suis
2362 4638 2567 4692 Gaspar
2592 4641 2642 4682 in
2664 4642 2855 4685 litteris
2874 4649 3086 4685 enarrat

622 4722 750 4765 quas
771 4712 913 4756 dedit
936 4723 1069 4756 anno
1087 4713 1156 4764 49,
1177 4723 1339 4766 eaque
1362 4713 1554 4769 repetit
1577 4713 1628 4755 in
1648 4713 1779 4755 binis
1799 4713 1896 4756 hoc
1917 4723 2051 4755 anno
2070 4711 2125 4753 50
2152 4711 2303 4754 datis.
