<?xml version="1.0" encoding="UTF-8"?>
<!DOCTYPE html PUBLIC "-//W3C//DTD XHTML 1.0 Transitional//EN"
    "http://www.w3.org/TR/xhtml1/DTD/xhtml1-transitional.dtd">
<html xmlns="http://www.w3.org/1999/xhtml" xml:lang="en" lang="en">
 <head>
  <title>
</title>
<meta http-equiv="Content-Type" content="text/html;charset=utf-8" />
  <meta name='ocr-system' content='tesseract 3.04.00' />
  <meta name='ocr-capabilities' content='ocr_page ocr_carea ocr_par ocr_line ocrx_word'/>
</head>
<body>
  <div class='ocr_page' id='page_1' title='image "./vitaignatiiloio03polagoog_0647.png"; bbox 0 0 3679 5414; ppageno 0'>
   <div class='ocr_carea' id='block_1_1' title="bbox 1569 494 2946 553">
    <p class='ocr_par' dir='ltr' id='par_1_1' title="bbox 1569 494 2946 553">
     <span class='ocr_line' id='line_1_1' title="bbox 1569 494 2946 553; baseline 0.001 -1"><span class='ocrx_word' id='word_1_1' title='bbox 1569 494 1695 552; x_wconf 74' lang='grc' dir='ltr'>ΑΝ.</span> <span class='ocrx_word' id='word_1_2' title='bbox 1741 494 1881 551; x_wconf 83' lang='grc'>1552</span> <span class='ocrx_word' id='word_1_3' title='bbox 2843 494 2946 553; x_wconf 80' lang='grc'>641</span> 
     </span>
    </p>
   </div>
   <div class='ocr_carea' id='block_1_2' title="bbox 421 638 2983 4366">
    <p class='ocr_par' dir='ltr' id='par_1_2' title="bbox 485 638 2945 827">
     <span class='ocr_line' id='line_1_2' title="bbox 485 638 2945 721; baseline 0 -18"><span class='ocrx_word' id='word_1_4' title='bbox 485 642 798 703; x_wconf 89' lang='lat' dir='ltr'>ctionem</span> <span class='ocrx_word' id='word_1_5' title='bbox 827 641 961 704; x_wconf 90' lang='lat' dir='ltr'>sibi</span> <span class='ocrx_word' id='word_1_6' title='bbox 991 641 1146 704; x_wconf 85' lang='lat' dir='ltr'>dari</span> <span class='ocrx_word' id='word_1_7' title='bbox 1178 649 1500 704; x_wconf 90' lang='lat' dir='ltr'>amanter</span> <span class='ocrx_word' id='word_1_8' title='bbox 1527 640 1962 720; x_wconf 82' lang='lat' dir='ltr'>postulabat3</span> <span class='ocrx_word' id='word_1_9' title='bbox 1997 656 2178 719; x_wconf 90' lang='lat' dir='ltr'>quae</span> <span class='ocrx_word' id='word_1_10' title='bbox 2207 641 2445 703; x_wconf 90' lang='lat' dir='ltr'>omnia</span> <span class='ocrx_word' id='word_1_11' title='bbox 2484 638 2560 702; x_wconf 92' lang='lat' dir='ltr'>P.</span> <span class='ocrx_word' id='word_1_12' title='bbox 2606 640 2945 721; x_wconf 82' lang='lat' dir='ltr'>IgnatiuS,</span> 
     </span>
     <span class='ocr_line' id='line_1_3' title="bbox 485 745 1876 827; baseline -0.001 -17"><span class='ocrx_word' id='word_1_13' title='bbox 485 748 551 810; x_wconf 90' lang='lat' dir='ltr'>ei</span> <span class='ocrx_word' id='word_1_14' title='bbox 583 757 907 811; x_wconf 88' lang='lat' dir='ltr'>amanter</span> <span class='ocrx_word' id='word_1_15' title='bbox 930 747 1411 827; x_wconf 90' lang='lat' dir='ltr'>rescribend0‚</span> <span class='ocrx_word' id='word_1_16' title='bbox 1448 747 1799 810; x_wconf 87' lang='lat' dir='ltr'>concessit</span> <span class='ocrx_word' id='word_1_17' title='bbox 1832 745 1876 808; x_wconf 87' lang='lat'>¹.</span> 
     </span>
    </p>

    <p class='ocr_par' dir='ltr' id='par_1_3' title="bbox 421 838 2983 2652">
     <span class='ocr_line' id='line_1_4' title="bbox 441 838 2950 935; baseline 0 -18"><span class='ocrx_word' id='word_1_18' title='bbox 441 842 452 853; x_wconf 83' lang='grc'><strong>’</strong></span> <span class='ocrx_word' id='word_1_19' title='bbox 602 854 744 918; x_wconf 88' lang='grc'>507.</span> <span class='ocrx_word' id='word_1_20' title='bbox 833 855 1024 919; x_wconf 89' lang='lat' dir='ltr'>Dum</span> <span class='ocrx_word' id='word_1_21' title='bbox 1052 872 1272 918; x_wconf 91' lang='lat' dir='ltr'>causa</span> <span class='ocrx_word' id='word_1_22' title='bbox 1295 838 1660 934; x_wconf 87' lang='lat' dir='ltr'>jamdicta</span> <span class='ocrx_word' id='word_1_23' title='bbox 1693 855 2063 935; x_wconf 85' lang='lat' dir='ltr'>agebatur,</span> <span class='ocrx_word' id='word_1_24' title='bbox 2099 863 2440 918; x_wconf 90' lang='lat' dir='ltr'>evocatus</span> <span class='ocrx_word' id='word_1_25' title='bbox 2469 854 2600 917; x_wconf 89' lang='lat' dir='ltr'>fuit</span> <span class='ocrx_word' id='word_1_26' title='bbox 2628 853 2704 917; x_wconf 93' lang='grc' dir='ltr'>Ρ.</span> <span class='ocrx_word' id='word_1_27' title='bbox 2732 854 2950 917; x_wconf 90' lang='lat' dir='ltr'>Villa·</span> 
     </span>
     <span class='ocr_line' id='line_1_5' title="bbox 484 962 2948 1043; baseline 0 -17"><span class='ocrx_word' id='word_1_28' title='bbox 484 980 672 1026; x_wconf 85' lang='lat' dir='ltr'>nova</span> <span class='ocrx_word' id='word_1_29' title='bbox 704 962 795 1025; x_wconf 91' lang='lat' dir='ltr'>ad</span> <span class='ocrx_word' id='word_1_30' title='bbox 823 964 1161 1043; x_wconf 91' lang='lat' dir='ltr'>populum</span> <span class='ocrx_word' id='word_1_31' title='bbox 1191 962 1568 1043; x_wconf 83' lang='lat' dir='ltr'>quemdam</span> <span class='ocrx_word' id='word_1_32' title='bbox 1596 962 1849 1025; x_wconf 90' lang='lat' dir='ltr'>Toleto</span> <span class='ocrx_word' id='word_1_33' title='bbox 1873 963 2190 1025; x_wconf 89' lang='lat' dir='ltr'>vicinum</span> <span class='ocrx_word' id='word_1_34' title='bbox 2219 980 2261 1024; x_wconf 95' lang='lat' dir='ltr'>a</span> <span class='ocrx_word' id='word_1_35' title='bbox 2291 963 2598 1042; x_wconf 89' lang='lat' dir='ltr'>quodam</span> <span class='ocrx_word' id='word_1_36' title='bbox 2636 962 2792 1025; x_wconf 91' lang='lat' dir='ltr'>viro</span> <span class='ocrx_word' id='word_1_37' title='bbox 2830 980 2948 1026; x_wconf 93' lang='lat' dir='ltr'>no-</span> 
     </span>
     <span class='ocr_line' id='line_1_6' title="bbox 481 1067 2949 1150; baseline -0.001 -16"><span class='ocrx_word' id='word_1_38' title='bbox 481 1071 603 1133; x_wconf 93' lang='lat' dir='ltr'>bili</span> <span class='ocrx_word' id='word_1_39' title='bbox 632 1071 1137 1145; x_wconf 87' lang='lat' dir='ltr'>ecclesiastico,</span> <span class='ocrx_word' id='word_1_40' title='bbox 1172 1068 1371 1149; x_wconf 89' lang='lat' dir='ltr'>cujus</span> <span class='ocrx_word' id='word_1_41' title='bbox 1396 1070 1784 1133; x_wconf 82' lang='lat' dir='ltr'>auctoritas</span> <span class='ocrx_word' id='word_1_42' title='bbox 1811 1080 2102 1149; x_wconf 90' lang='lat' dir='ltr'>propter</span> <span class='ocrx_word' id='word_1_43' title='bbox 2124 1067 2621 1148; x_wconf 88' lang='lat' dir='ltr'>eruditionem,</span> <span class='ocrx_word' id='word_1_44' title='bbox 2650 1070 2949 1150; x_wconf 88' lang='lat' dir='ltr'>pruden-</span> 
     </span>
     <span class='ocr_line' id='line_1_7' title="bbox 482 1176 2949 1257; baseline -0 -17"><span class='ocrx_word' id='word_1_45' title='bbox 482 1177 658 1241; x_wconf 84' lang='lat' dir='ltr'>tiam</span> <span class='ocrx_word' id='word_1_46' title='bbox 711 1196 797 1240; x_wconf 92' lang='lat' dir='ltr'>ac</span> <span class='ocrx_word' id='word_1_47' title='bbox 837 1177 1173 1257; x_wconf 90' lang='lat' dir='ltr'>pietatem</span> <span class='ocrx_word' id='word_1_48' title='bbox 1226 1194 1489 1256; x_wconf 83' lang='lat' dir='ltr'>magna</span> <span class='ocrx_word' id='word_1_49' title='bbox 1530 1176 1760 1240; x_wconf 88' lang='lat' dir='ltr'>fuerat</span> <span class='ocrx_word' id='word_1_50' title='bbox 1805 1176 1992 1257; x_wconf 93' lang='lat' dir='ltr'>apud</span> <span class='ocrx_word' id='word_1_51' title='bbox 2046 1176 2683 1257; x_wconf 83' lang='lat' dir='ltr'>Archiepiscopum</span> <span class='ocrx_word' id='word_1_52' title='bbox 2724 1176 2949 1240; x_wconf 91' lang='lat' dir='ltr'>Tave-</span> 
     </span>
     <span class='ocr_line' id='line_1_8' title="bbox 486 1283 2949 1365; baseline 0.001 -19"><span class='ocrx_word' id='word_1_53' title='bbox 486 1301 642 1347; x_wconf 90' lang='lat' dir='ltr'>ram</span> <span class='ocrx_word' id='word_1_54' title='bbox 690 1293 759 1347; x_wconf 95' lang='lat' dir='ltr'>et</span> <span class='ocrx_word' id='word_1_55' title='bbox 788 1285 983 1348; x_wconf 86' lang='lat' dir='ltr'>illum</span> <span class='ocrx_word' id='word_1_56' title='bbox 1013 1285 1250 1363; x_wconf 90' lang='lat' dir='ltr'>etiam,</span> <span class='ocrx_word' id='word_1_57' title='bbox 1284 1285 1403 1365; x_wconf 90' lang='lat' dir='ltr'>qui</span> <span class='ocrx_word' id='word_1_58' title='bbox 1433 1284 1879 1363; x_wconf 92' lang='lat' dir='ltr'>tragoediam</span> <span class='ocrx_word' id='word_1_59' title='bbox 1906 1283 2344 1363; x_wconf 83' lang='lat' dir='ltr'>praedictam</span> <span class='ocrx_word' id='word_1_60' title='bbox 2376 1285 2840 1347; x_wconf 87' lang='lat' dir='ltr'>excitaverat.</span> <span class='ocrx_word' id='word_1_61' title='bbox 2881 1285 2949 1348; x_wconf 91' lang='lat' dir='ltr'>Is</span> 
     </span>
     <span class='ocr_line' id='line_1_9' title="bbox 485 1391 2950 1472; baseline -0 -16"><span class='ocrx_word' id='word_1_62' title='bbox 485 1393 1074 1456; x_wconf 85' lang='lat' dir='ltr'>Bartholomaeus</span> <span class='ocrx_word' id='word_1_63' title='bbox 1101 1391 1561 1455; x_wconf 89' lang='lat' dir='ltr'>Bustamante</span> <span class='ocrx_word' id='word_1_64' title='bbox 1585 1392 1973 1469; x_wconf 87' lang='lat' dir='ltr'>dicebatur,</span> <span class='ocrx_word' id='word_1_65' title='bbox 2000 1391 2115 1453; x_wconf 92' lang='lat' dir='ltr'>cui</span> <span class='ocrx_word' id='word_1_66' title='bbox 2137 1408 2499 1472; x_wconf 89' lang='lat' dir='ltr'>nunquam</span> <span class='ocrx_word' id='word_1_67' title='bbox 2520 1392 2950 1471; x_wconf 90' lang='lat' dir='ltr'>persuadere</span> 
     </span>
     <span class='ocr_line' id='line_1_10' title="bbox 485 1497 2947 1580; baseline -0.001 -16"><span class='ocrx_word' id='word_1_68' title='bbox 485 1508 811 1580; x_wconf 88' lang='lat' dir='ltr'>potuerat</span> <span class='ocrx_word' id='word_1_69' title='bbox 859 1499 1465 1578; x_wconf 90' lang='lat' dir='ltr'>Archiepiscopus</span> <span class='ocrx_word' id='word_1_70' title='bbox 1501 1507 1578 1561; x_wconf 95' lang='lat' dir='ltr'>ut</span> <span class='ocrx_word' id='word_1_71' title='bbox 1619 1500 1994 1579; x_wconf 86' lang='lat' dir='ltr'>plusquam</span> <span class='ocrx_word' id='word_1_72' title='bbox 2037 1515 2255 1561; x_wconf 88' lang='lat' dir='ltr'>unum</span> <span class='ocrx_word' id='word_1_73' title='bbox 2302 1497 2716 1562; x_wconf 88' lang='lat' dir='ltr'>beneficium</span> <span class='ocrx_word' id='word_1_74' title='bbox 2768 1500 2947 1562; x_wconf 87' lang='lat' dir='ltr'>acci-</span> 
     </span>
     <span class='ocr_line' id='line_1_11' title="bbox 487 1605 2952 1686; baseline 0 -17"><span class='ocrx_word' id='word_1_75' title='bbox 487 1615 707 1686; x_wconf 88' lang='lat' dir='ltr'>peret,</span> <span class='ocrx_word' id='word_1_76' title='bbox 736 1607 949 1669; x_wconf 90' lang='lat' dir='ltr'>immo</span> <span class='ocrx_word' id='word_1_77' title='bbox 985 1615 1054 1670; x_wconf 86' lang='lat' dir='ltr'>et</span> <span class='ocrx_word' id='word_1_78' title='bbox 1084 1605 1254 1668; x_wconf 93' lang='lat' dir='ltr'>illud</span> <span class='ocrx_word' id='word_1_79' title='bbox 1285 1622 1501 1668; x_wconf 92' lang='lat' dir='ltr'>unum</span> <span class='ocrx_word' id='word_1_80' title='bbox 1539 1606 1921 1685; x_wconf 87' lang='lat' dir='ltr'>reliquerat</span> <span class='ocrx_word' id='word_1_81' title='bbox 1951 1605 2192 1683; x_wconf 91' lang='lat' dir='ltr'>libere,</span> <span class='ocrx_word' id='word_1_82' title='bbox 2226 1614 2294 1668; x_wconf 91' lang='lat' dir='ltr'>et</span> <span class='ocrx_word' id='word_1_83' title='bbox 2316 1615 2644 1684; x_wconf 89' lang='lat' dir='ltr'>praeerat</span> <span class='ocrx_word' id='word_1_84' title='bbox 2669 1606 2952 1669; x_wconf 90' lang='lat' dir='ltr'>cuidam</span> 
     </span>
     <span class='ocr_line' id='line_1_12' title="bbox 488 1710 2950 1793; baseline -0 -16"><span class='ocrx_word' id='word_1_85' title='bbox 488 1714 749 1793; x_wconf 87' lang='lat' dir='ltr'>insigni</span> <span class='ocrx_word' id='word_1_86' title='bbox 776 1713 1138 1793; x_wconf 89' lang='lat' dir='ltr'>hospitali,</span> <span class='ocrx_word' id='word_1_87' title='bbox 1176 1712 1365 1793; x_wconf 91' lang='lat' dir='ltr'>quod</span> <span class='ocrx_word' id='word_1_88' title='bbox 1395 1711 2002 1791; x_wconf 88' lang='lat' dir='ltr'>Archiepiscopus</span> <span class='ocrx_word' id='word_1_89' title='bbox 2029 1711 2312 1775; x_wconf 89' lang='lat' dir='ltr'>Tavera</span> <span class='ocrx_word' id='word_1_90' title='bbox 2336 1710 2487 1790; x_wconf 89' lang='lat' dir='ltr'>jam</span> <span class='ocrx_word' id='word_1_91' title='bbox 2529 1713 2760 1777; x_wconf 90' lang='lat' dir='ltr'>dictus</span> <span class='ocrx_word' id='word_1_92' title='bbox 2790 1731 2950 1777; x_wconf 91' lang='lat' dir='ltr'>con-</span> 
     </span>
     <span class='ocr_line' id='line_1_13' title="bbox 486 1802 2947 1900; baseline 0 -17"><span class='ocrx_word' id='word_1_93' title='bbox 486 1829 865 1884; x_wconf 85' lang='lat' dir='ltr'>struxerat.</span> <span class='ocrx_word' id='word_1_94' title='bbox 917 1820 1043 1883; x_wconf 87' lang='lat' dir='ltr'>Vir</span> <span class='ocrx_word' id='word_1_95' title='bbox 1092 1821 1239 1898; x_wconf 91' lang='lat' dir='ltr'>hic,</span> <span class='ocrx_word' id='word_1_96' title='bbox 1286 1802 1612 1899; x_wconf 83' lang='lat' dir='ltr'>quamvis</span> <span class='ocrx_word' id='word_1_97' title='bbox 1657 1819 1743 1882; x_wconf 91' lang='lat' dir='ltr'>de</span> <span class='ocrx_word' id='word_1_98' title='bbox 1795 1817 2148 1882; x_wconf 86' lang='lat' dir='ltr'>Societate</span> <span class='ocrx_word' id='word_1_99' title='bbox 2196 1819 2372 1882; x_wconf 91' lang='lat' dir='ltr'>nihil</span> <span class='ocrx_word' id='word_1_100' title='bbox 2422 1820 2588 1882; x_wconf 89' lang='lat' dir='ltr'>mali</span> <span class='ocrx_word' id='word_1_101' title='bbox 2637 1821 2947 1900; x_wconf 83' lang='lat' dir='ltr'>loquere-</span> 
     </span>
     <span class='ocr_line' id='line_1_14' title="bbox 484 1912 2983 2007; baseline -0.002 -17"><span class='ocrx_word' id='word_1_102' title='bbox 484 1937 620 2006; x_wconf 92' lang='lat' dir='ltr'>tur,</span> <span class='ocrx_word' id='word_1_103' title='bbox 653 1937 730 1991; x_wconf 89' lang='lat' dir='ltr'>ut</span> <span class='ocrx_word' id='word_1_104' title='bbox 759 1927 1069 2007; x_wconf 87' lang='lat' dir='ltr'>prudens</span> <span class='ocrx_word' id='word_1_105' title='bbox 1099 1928 1367 2006; x_wconf 91' lang='lat' dir='ltr'>aliquot</span> <span class='ocrx_word' id='word_1_106' title='bbox 1395 1944 1622 1990; x_wconf 92' lang='lat' dir='ltr'>annos</span> <span class='ocrx_word' id='word_1_107' title='bbox 1652 1927 2084 1989; x_wconf 90' lang='lat' dir='ltr'>observabat</span> <span class='ocrx_word' id='word_1_108' title='bbox 2112 1928 2467 2006; x_wconf 91' lang='lat' dir='ltr'>quomodo</span> <span class='ocrx_word' id='word_1_109' title='bbox 2505 1927 2947 2007; x_wconf 87' lang='lat' dir='ltr'>procederet;</span> <span class='ocrx_word' id='word_1_110' title='bbox 2976 1912 2983 1985; x_wconf 71' lang='grc' dir='ltr'>ζ</span> 
     </span>
     <span class='ocr_line' id='line_1_15' title="bbox 484 2033 2950 2114; baseline 0.001 -17"><span class='ocrx_word' id='word_1_111' title='bbox 484 2035 609 2098; x_wconf 91' lang='lat' dir='ltr'>sed</span> <span class='ocrx_word' id='word_1_112' title='bbox 637 2035 1076 2114; x_wconf 87' lang='lat' dir='ltr'>tempestatis</span> <span class='ocrx_word' id='word_1_113' title='bbox 1098 2034 1243 2114; x_wconf 87' lang='lat' dir='ltr'>jam</span> <span class='ocrx_word' id='word_1_114' title='bbox 1275 2033 1507 2097; x_wconf 88' lang='lat' dir='ltr'>dictae</span> <span class='ocrx_word' id='word_1_115' title='bbox 1538 2044 1855 2113; x_wconf 88' lang='lat' dir='ltr'>tempore</span> <span class='ocrx_word' id='word_1_116' title='bbox 1885 2035 2131 2097; x_wconf 91' lang='lat' dir='ltr'>oculos</span> <span class='ocrx_word' id='word_1_117' title='bbox 2160 2034 2225 2096; x_wconf 89' lang='lat' dir='ltr'>ei</span> <span class='ocrx_word' id='word_1_118' title='bbox 2265 2035 2541 2097; x_wconf 86' lang='lat' dir='ltr'>clarius·</span> <span class='ocrx_word' id='word_1_119' title='bbox 2568 2035 2950 2099; x_wconf 90' lang='lat' dir='ltr'>illustravit</span> 
     </span>
     <span class='ocr_line' id='line_1_16' title="bbox 482 2139 2951 2235; baseline 0 -30"><span class='ocrx_word' id='word_1_120' title='bbox 482 2142 855 2235; x_wconf 73' lang='lat' dir='ltr'>DominuS,</span> <span class='ocrx_word' id='word_1_121' title='bbox 891 2150 960 2204; x_wconf 92' lang='lat' dir='ltr'>et</span> <span class='ocrx_word' id='word_1_122' title='bbox 988 2159 1147 2204; x_wconf 88' lang='lat' dir='ltr'>eam</span> <span class='ocrx_word' id='word_1_123' title='bbox 1175 2139 1477 2220; x_wconf 85' lang='lat' dir='ltr'>ingredi,</span> <span class='ocrx_word' id='word_1_124' title='bbox 1512 2141 1835 2204; x_wconf 90' lang='lat' dir='ltr'>omnibus</span> <span class='ocrx_word' id='word_1_125' title='bbox 1857 2141 2199 2204; x_wconf 89' lang='lat' dir='ltr'>reditibus</span> <span class='ocrx_word' id='word_1_126' title='bbox 2223 2141 2440 2204; x_wconf 90' lang='lat' dir='ltr'>etiam</span> <span class='ocrx_word' id='word_1_127' title='bbox 2464 2142 2951 2206; x_wconf 86' lang='lat' dir='ltr'>saecularibus</span> 
     </span>
     <span class='ocr_line' id='line_1_17' title="bbox 483 2246 2949 2328; baseline 0 -17"><span class='ocrx_word' id='word_1_128' title='bbox 483 2249 784 2327; x_wconf 80' lang='lat' dir='ltr'>relictiS,</span> <span class='ocrx_word' id='word_1_129' title='bbox 830 2248 1184 2328; x_wconf 87' lang='lat' dir='ltr'>decrevit;</span> <span class='ocrx_word' id='word_1_130' title='bbox 1227 2256 1296 2311; x_wconf 93' lang='lat' dir='ltr'>et</span> <span class='ocrx_word' id='word_1_131' title='bbox 1336 2248 1427 2311; x_wconf 92' lang='lat' dir='ltr'>ad</span> <span class='ocrx_word' id='word_1_132' title='bbox 1473 2247 1881 2327; x_wconf 88' lang='lat' dir='ltr'>Ognatense</span> <span class='ocrx_word' id='word_1_133' title='bbox 1924 2246 2318 2327; x_wconf 85' lang='lat' dir='ltr'>Collegium</span> <span class='ocrx_word' id='word_1_134' title='bbox 2361 2250 2447 2311; x_wconf 90' lang='lat' dir='ltr'>de</span> <span class='ocrx_word' id='word_1_135' title='bbox 2491 2250 2784 2313; x_wconf 89' lang='lat' dir='ltr'>consilio</span> <span class='ocrx_word' id='word_1_136' title='bbox 2823 2248 2949 2312; x_wconf 93' lang='lat' dir='ltr'>Pa·</span> 
     </span>
     <span class='ocr_line' id='line_1_18' title="bbox 484 2355 2949 2436; baseline 0 -17"><span class='ocrx_word' id='word_1_137' title='bbox 484 2357 624 2420; x_wconf 89' lang='lat' dir='ltr'>tris·</span> <span class='ocrx_word' id='word_1_138' title='bbox 642 2356 1068 2419; x_wconf 85' lang='lat' dir='ltr'>Villanovae</span> <span class='ocrx_word' id='word_1_139' title='bbox 1098 2356 1357 2419; x_wconf 87' lang='lat' dir='ltr'>missus</span> <span class='ocrx_word' id='word_1_140' title='bbox 1386 2364 1522 2433; x_wconf 92' lang='lat' dir='ltr'>est,</span> <span class='ocrx_word' id='word_1_141' title='bbox 1558 2355 1884 2436; x_wconf 83' lang='lat' dir='ltr'>quamvis</span> <span class='ocrx_word' id='word_1_142' title='bbox 1916 2355 2066 2435; x_wconf 75' lang='lat' dir='ltr'>eJus</span> <span class='ocrx_word' id='word_1_143' title='bbox 2094 2357 2501 2434; x_wconf 89' lang='lat' dir='ltr'>praesentia</span> <span class='ocrx_word' id='word_1_144' title='bbox 2532 2357 2602 2419; x_wconf 93' lang='lat' dir='ltr'>in</span> <span class='ocrx_word' id='word_1_145' title='bbox 2633 2357 2949 2436; x_wconf 88' lang='lat' dir='ltr'>Collegio</span> 
     </span>
     <span class='ocr_line' id='line_1_19' title="bbox 421 2462 2948 2543; baseline 0 -16"><span class='ocrx_word' id='word_1_146' title='bbox 421 2508 427 2515; x_wconf 77' lang='lat'><strong>·</strong></span> <span class='ocrx_word' id='word_1_147' title='bbox 484 2463 969 2543; x_wconf 90' lang='lat' dir='ltr'>Complutensi</span> <span class='ocrx_word' id='word_1_148' title='bbox 1026 2465 1325 2526; x_wconf 91' lang='lat' dir='ltr'>multum</span> <span class='ocrx_word' id='word_1_149' title='bbox 1374 2463 1822 2525; x_wconf 91' lang='lat' dir='ltr'>auctoritatis</span> <span class='ocrx_word' id='word_1_150' title='bbox 1875 2462 2339 2526; x_wconf 89' lang='lat' dir='ltr'>conciliatura</span> <span class='ocrx_word' id='word_1_151' title='bbox 2389 2464 2461 2526; x_wconf 92' lang='lat' dir='ltr'>in</span> <span class='ocrx_word' id='word_1_152' title='bbox 2502 2473 2650 2527; x_wconf 92' lang='lat' dir='ltr'>toto</span> <span class='ocrx_word' id='word_1_153' title='bbox 2700 2464 2948 2527; x_wconf 91' lang='lat' dir='ltr'>Archi·</span> 
     </span>
     <span class='ocr_line' id='line_1_20' title="bbox 487 2570 1983 2652; baseline -0.003 -18"><span class='ocrx_word' id='word_1_154' title='bbox 487 2572 901 2652; x_wconf 90' lang='lat' dir='ltr'>episcopatu</span> <span class='ocrx_word' id='word_1_155' title='bbox 931 2570 1275 2633; x_wconf 92' lang='lat' dir='ltr'>Toletano</span> <span class='ocrx_word' id='word_1_156' title='bbox 1298 2571 1562 2633; x_wconf 91' lang='lat' dir='ltr'>nostris</span> <span class='ocrx_word' id='word_1_157' title='bbox 1584 2571 1983 2633; x_wconf 88' lang='lat' dir='ltr'>videbatur.</span> 
     </span>
    </p>

    <p class='ocr_par' dir='ltr' id='par_1_4' title="bbox 487 2677 2967 4366">
     <span class='ocr_line' id='line_1_21' title="bbox 605 2677 2953 2759; baseline 0 -18"><span class='ocrx_word' id='word_1_158' title='bbox 605 2677 747 2741; x_wconf 78' lang='lat'><strong>508.</strong></span> <span class='ocrx_word' id='word_1_159' title='bbox 833 2678 1005 2759; x_wconf 89' lang='lat' dir='ltr'>Ejus</span> <span class='ocrx_word' id='word_1_160' title='bbox 1043 2688 1278 2741; x_wconf 91' lang='lat' dir='ltr'>autem</span> <span class='ocrx_word' id='word_1_161' title='bbox 1327 2678 1694 2758; x_wconf 89' lang='lat' dir='ltr'>ingressus</span> <span class='ocrx_word' id='word_1_162' title='bbox 1733 2678 1929 2741; x_wconf 89' lang='lat' dir='ltr'>viros</span> <span class='ocrx_word' id='word_1_163' title='bbox 1972 2678 2149 2741; x_wconf 94' lang='lat' dir='ltr'>alios</span> <span class='ocrx_word' id='word_1_164' title='bbox 2188 2694 2451 2759; x_wconf 90' lang='lat' dir='ltr'>graves</span> <span class='ocrx_word' id='word_1_165' title='bbox 2493 2696 2636 2743; x_wconf 91' lang='lat' dir='ltr'>non</span> <span class='ocrx_word' id='word_1_166' title='bbox 2682 2696 2953 2759; x_wconf 90' lang='lat' dir='ltr'>paucos</span> 
     </span>
     <span class='ocr_line' id='line_1_22' title="bbox 487 2784 2953 2866; baseline 0.001 -18"><span class='ocrx_word' id='word_1_167' title='bbox 487 2786 744 2862; x_wconf 87' lang='lat' dir='ltr'>movit,</span> <span class='ocrx_word' id='word_1_168' title='bbox 777 2796 855 2849; x_wconf 89' lang='lat' dir='ltr'>ut</span> <span class='ocrx_word' id='word_1_169' title='bbox 884 2785 1019 2849; x_wconf 90' lang='lat' dir='ltr'>Dei</span> <span class='ocrx_word' id='word_1_170' title='bbox 1051 2786 1387 2866; x_wconf 91' lang='lat' dir='ltr'>obsequio</span> <span class='ocrx_word' id='word_1_171' title='bbox 1419 2803 1494 2848; x_wconf 86' lang='lat' dir='ltr'>se</span> <span class='ocrx_word' id='word_1_172' title='bbox 1524 2785 1710 2847; x_wconf 91' lang='lat' dir='ltr'>serio</span> <span class='ocrx_word' id='word_1_173' title='bbox 1740 2784 2077 2849; x_wconf 88' lang='lat' dir='ltr'>dederent</span> <span class='ocrx_word' id='word_1_174' title='bbox 2117 2794 2186 2848; x_wconf 91' lang='lat' dir='ltr'>et</span> <span class='ocrx_word' id='word_1_175' title='bbox 2225 2784 2564 2850; x_wconf 88' lang='lat' dir='ltr'>Societati</span> <span class='ocrx_word' id='word_1_176' title='bbox 2594 2788 2953 2850; x_wconf 90' lang='lat' dir='ltr'>consuetis</span> 
     </span>
     <span class='ocr_line' id='line_1_23' title="bbox 489 2892 2951 2974; baseline 0 -19"><span class='ocrx_word' id='word_1_177' title='bbox 489 2893 850 2956; x_wconf 87' lang='lat' dir='ltr'>exercitiis</span> <span class='ocrx_word' id='word_1_178' title='bbox 879 2893 1224 2974; x_wconf 88' lang='lat' dir='ltr'>proficere</span> <span class='ocrx_word' id='word_1_179' title='bbox 1256 2893 1650 2970; x_wconf 87' lang='lat' dir='ltr'>studerent;</span> <span class='ocrx_word' id='word_1_180' title='bbox 1685 2901 1754 2955; x_wconf 89' lang='lat' dir='ltr'>et</span> <span class='ocrx_word' id='word_1_181' title='bbox 1782 2893 1965 2955; x_wconf 91' lang='lat' dir='ltr'>inter</span> <span class='ocrx_word' id='word_1_182' title='bbox 1995 2892 2126 2955; x_wconf 90' lang='lat' dir='ltr'>hos</span> <span class='ocrx_word' id='word_1_183' title='bbox 2156 2892 2356 2955; x_wconf 91' lang='lat' dir='ltr'>multi</span> <span class='ocrx_word' id='word_1_184' title='bbox 2394 2912 2485 2956; x_wconf 88' lang='lat' dir='ltr'>ex</span> <span class='ocrx_word' id='word_1_185' title='bbox 2524 2894 2678 2973; x_wconf 90' lang='lat' dir='ltr'>ipsa</span> <span class='ocrx_word' id='word_1_186' title='bbox 2718 2894 2951 2956; x_wconf 90' lang='lat' dir='ltr'>cathe-</span> 
     </span>
     <span class='ocr_line' id='line_1_24' title="bbox 487 2999 2953 3080; baseline 0.001 -19"><span class='ocrx_word' id='word_1_187' title='bbox 487 2999 671 3062; x_wconf 85' lang='lat' dir='ltr'>drali</span> <span class='ocrx_word' id='word_1_188' title='bbox 700 3000 1003 3063; x_wconf 89' lang='lat' dir='ltr'>ecclesia</span> <span class='ocrx_word' id='word_1_189' title='bbox 1032 3000 1378 3063; x_wconf 91' lang='lat' dir='ltr'>Toletana</span> <span class='ocrx_word' id='word_1_190' title='bbox 1409 2999 1857 3079; x_wconf 89' lang='lat' dir='ltr'>Complutum</span> <span class='ocrx_word' id='word_1_191' title='bbox 1899 3000 1990 3063; x_wconf 89' lang='lat' dir='ltr'>ad</span> <span class='ocrx_word' id='word_1_192' title='bbox 2026 3000 2164 3062; x_wconf 91' lang='lat' dir='ltr'>hoc</span> <span class='ocrx_word' id='word_1_193' title='bbox 2203 3000 2434 3080; x_wconf 90' lang='lat' dir='ltr'>ipsum</span> <span class='ocrx_word' id='word_1_194' title='bbox 2464 3008 2830 3063; x_wconf 83' lang='lat' dir='ltr'>venerunt.</span> <span class='ocrx_word' id='word_1_195' title='bbox 2866 3000 2953 3064; x_wconf 91' lang='lat' dir='ltr'>Et</span> 
     </span>
     <span class='ocr_line' id='line_1_25' title="bbox 490 3105 2954 3187; baseline 0 -18"><span class='ocrx_word' id='word_1_196' title='bbox 490 3107 776 3169; x_wconf 90' lang='lat' dir='ltr'>omnino</span> <span class='ocrx_word' id='word_1_197' title='bbox 827 3108 1284 3170; x_wconf 90' lang='lat' dir='ltr'>observatum</span> <span class='ocrx_word' id='word_1_198' title='bbox 1335 3116 1477 3184; x_wconf 92' lang='lat' dir='ltr'>est,</span> <span class='ocrx_word' id='word_1_199' title='bbox 1533 3106 1718 3186; x_wconf 95' lang='lat' dir='ltr'>quod</span> <span class='ocrx_word' id='word_1_200' title='bbox 1770 3123 2109 3186; x_wconf 87' lang='lat' dir='ltr'>prospere</span> <span class='ocrx_word' id='word_1_201' title='bbox 2159 3105 2535 3169; x_wconf 90' lang='lat' dir='ltr'>admodum</span> <span class='ocrx_word' id='word_1_202' title='bbox 2589 3107 2954 3187; x_wconf 86' lang='lat' dir='ltr'>spirituale</span> 
     </span>
     <span class='ocr_line' id='line_1_26' title="bbox 489 3199 2953 3294; baseline 0 -17"><span class='ocrx_word' id='word_1_203' title='bbox 489 3208 850 3294; x_wconf 86' lang='lat' dir='ltr'>negotium</span> <span class='ocrx_word' id='word_1_204' title='bbox 901 3224 1060 3292; x_wconf 91' lang='lat' dir='ltr'>post</span> <span class='ocrx_word' id='word_1_205' title='bbox 1109 3215 1289 3277; x_wconf 90' lang='lat' dir='ltr'>haec</span> <span class='ocrx_word' id='word_1_206' title='bbox 1332 3199 1652 3292; x_wconf 82' lang='lat' dir='ltr'>tempora</span> <span class='ocrx_word' id='word_1_207' title='bbox 1702 3213 2052 3294; x_wconf 89' lang='lat' dir='ltr'>Compluti</span> <span class='ocrx_word' id='word_1_208' title='bbox 2095 3214 2474 3293; x_wconf 90' lang='lat' dir='ltr'>processit,</span> <span class='ocrx_word' id='word_1_209' title='bbox 2518 3223 2587 3276; x_wconf 94' lang='lat' dir='ltr'>et</span> <span class='ocrx_word' id='word_1_210' title='bbox 2624 3214 2953 3294; x_wconf 87' lang='lat' dir='ltr'>plurimo·</span> 
     </span>
     <span class='ocr_line' id='line_1_27' title="bbox 490 3319 2958 3402; baseline 0 -18"><span class='ocrx_word' id='word_1_211' title='bbox 490 3339 649 3385; x_wconf 97' lang='lat' dir='ltr'>rum</span> <span class='ocrx_word' id='word_1_212' title='bbox 671 3322 891 3385; x_wconf 90' lang='lat' dir='ltr'>corda</span> <span class='ocrx_word' id='word_1_213' title='bbox 922 3321 1360 3385; x_wconf 90' lang='lat' dir='ltr'>inflammata</span> <span class='ocrx_word' id='word_1_214' title='bbox 1386 3320 1671 3384; x_wconf 86' lang='lat' dir='ltr'>fuerunt</span> <span class='ocrx_word' id='word_1_215' title='bbox 1704 3321 1795 3383; x_wconf 89' lang='lat' dir='ltr'>ad</span> <span class='ocrx_word' id='word_1_216' title='bbox 1825 3319 2253 3383; x_wconf 89' lang='lat' dir='ltr'>Societatem</span> <span class='ocrx_word' id='word_1_217' title='bbox 2275 3321 2657 3384; x_wconf 90' lang='lat' dir='ltr'>amandam</span> <span class='ocrx_word' id='word_1_218' title='bbox 2673 3371 2687 3400; x_wconf 91' lang='lat'>‚</span> <span class='ocrx_word' id='word_1_219' title='bbox 2714 3332 2783 3385; x_wconf 92' lang='lat' dir='ltr'>et</span> <span class='ocrx_word' id='word_1_220' title='bbox 2805 3321 2958 3402; x_wconf 89' lang='lat' dir='ltr'>ejus</span> 
     </span>
     <span class='ocr_line' id='line_1_28' title="bbox 490 3427 2958 3509; baseline 0 -17"><span class='ocrx_word' id='word_1_221' title='bbox 490 3429 902 3492; x_wconf 91' lang='lat' dir='ltr'>ministeriis</span> <span class='ocrx_word' id='word_1_222' title='bbox 945 3429 1184 3509; x_wconf 84' lang='lat' dir='ltr'>J&#39;uvari</span> <span class='ocrx_word' id='word_1_223' title='bbox 1232 3428 1305 3490; x_wconf 92' lang='lat' dir='ltr'>in</span> <span class='ocrx_word' id='word_1_224' title='bbox 1349 3429 1512 3491; x_wconf 90' lang='lat' dir='ltr'>dies·</span> <span class='ocrx_word' id='word_1_225' title='bbox 1552 3428 1784 3506; x_wconf 88' lang='lat' dir='ltr'>magis</span> <span class='ocrx_word' id='word_1_226' title='bbox 1834 3427 2240 3507; x_wconf 89' lang='lat' dir='ltr'>cupiebant;</span> <span class='ocrx_word' id='word_1_227' title='bbox 2289 3437 2359 3490; x_wconf 92' lang='lat' dir='ltr'>et</span> <span class='ocrx_word' id='word_1_228' title='bbox 2401 3437 2546 3491; x_wconf 91' lang='lat' dir='ltr'>tam</span> <span class='ocrx_word' id='word_1_229' title='bbox 2599 3430 2797 3491; x_wconf 91' lang='lat' dir='ltr'>multi</span> <span class='ocrx_word' id='word_1_230' title='bbox 2844 3431 2958 3492; x_wconf 91' lang='lat' dir='ltr'>vel</span> 
     </span>
     <span class='ocr_line' id='line_1_29' title="bbox 493 3530 2960 3615; baseline 0 -17"><span class='ocrx_word' id='word_1_231' title='bbox 493 3530 1017 3599; x_wconf 87' lang='lat' dir='ltr'>confessionum</span> <span class='ocrx_word' id='word_1_232' title='bbox 1060 3536 1294 3615; x_wconf 90' lang='lat' dir='ltr'>gratia</span> <span class='ocrx_word' id='word_1_233' title='bbox 1342 3537 1455 3598; x_wconf 91' lang='lat' dir='ltr'>vel</span> <span class='ocrx_word' id='word_1_234' title='bbox 1501 3535 1592 3597; x_wconf 92' lang='lat' dir='ltr'>ad</span> <span class='ocrx_word' id='word_1_235' title='bbox 1633 3535 2029 3614; x_wconf 86' lang='lat' dir='ltr'>spiritualia</span> <span class='ocrx_word' id='word_1_236' title='bbox 2079 3536 2423 3598; x_wconf 87' lang='lat' dir='ltr'>exercitia</span> <span class='ocrx_word' id='word_1_237' title='bbox 2473 3535 2824 3599; x_wconf 90' lang='lat' dir='ltr'>confluere</span> <span class='ocrx_word' id='word_1_238' title='bbox 2868 3537 2960 3600; x_wconf 92' lang='lat' dir='ltr'>ad</span> 
     </span>
     <span class='ocr_line' id='line_1_30' title="bbox 498 3643 2961 3721; baseline 0 -15"><span class='ocrx_word' id='word_1_239' title='bbox 498 3643 1001 3721; x_wconf 89' lang='lat' dir='ltr'>Complutense</span> <span class='ocrx_word' id='word_1_240' title='bbox 1057 3643 1453 3721; x_wconf 90' lang='lat' dir='ltr'>Collegium</span> <span class='ocrx_word' id='word_1_241' title='bbox 1517 3651 1942 3721; x_wconf 89' lang='lat' dir='ltr'>coeperunt,</span> <span class='ocrx_word' id='word_1_242' title='bbox 2004 3651 2081 3704; x_wconf 96' lang='lat' dir='ltr'>ut</span> <span class='ocrx_word' id='word_1_243' title='bbox 2136 3643 2343 3705; x_wconf 89' lang='lat' dir='ltr'>annis</span> <span class='ocrx_word' id='word_1_244' title='bbox 2398 3644 2802 3721; x_wconf 89' lang='lat' dir='ltr'>praeteritis</span> <span class='ocrx_word' id='word_1_245' title='bbox 2857 3652 2961 3707; x_wconf 92' lang='lat' dir='ltr'>tot</span> 
     </span>
     <span class='ocr_line' id='line_1_31' title="bbox 497 3749 2963 3830; baseline 0 -18"><span class='ocrx_word' id='word_1_246' title='bbox 497 3759 816 3830; x_wconf 91' lang='lat' dir='ltr'>tempore</span> <span class='ocrx_word' id='word_1_247' title='bbox 868 3749 1454 3830; x_wconf 85' lang='lat' dir='ltr'>quadragesimae</span> <span class='ocrx_word' id='word_1_248' title='bbox 1503 3766 1645 3811; x_wconf 93' lang='lat' dir='ltr'>non</span> <span class='ocrx_word' id='word_1_249' title='bbox 1692 3749 2020 3811; x_wconf 84' lang='lat' dir='ltr'>venirent</span> <span class='ocrx_word' id='word_1_250' title='bbox 2066 3758 2236 3828; x_wconf 89' lang='lat' dir='ltr'>quot</span> <span class='ocrx_word' id='word_1_251' title='bbox 2285 3758 2453 3812; x_wconf 91' lang='lat' dir='ltr'>tunc</span> <span class='ocrx_word' id='word_1_252' title='bbox 2504 3767 2588 3812; x_wconf 91' lang='lat' dir='ltr'>eo</span> <span class='ocrx_word' id='word_1_253' title='bbox 2648 3758 2963 3829; x_wconf 89' lang='lat' dir='ltr'>tempore</span> 
     </span>
     <span class='ocr_line' id='line_1_32' title="bbox 498 3855 2964 3938; baseline 0 -18"><span class='ocrx_word' id='word_1_254' title='bbox 498 3857 686 3937; x_wconf 94' lang='lat' dir='ltr'>quod</span> <span class='ocrx_word' id='word_1_255' title='bbox 744 3857 1365 3938; x_wconf 87' lang='lat' dir='ltr'>quadragesimam</span> <span class='ocrx_word' id='word_1_256' title='bbox 1416 3855 1808 3935; x_wconf 89' lang='lat' dir='ltr'>praecedit,</span> <span class='ocrx_word' id='word_1_257' title='bbox 1863 3874 2003 3936; x_wconf 93' lang='lat' dir='ltr'>quo</span> <span class='ocrx_word' id='word_1_258' title='bbox 2050 3858 2278 3919; x_wconf 91' lang='lat' dir='ltr'>solent</span> <span class='ocrx_word' id='word_1_259' title='bbox 2305 3857 2628 3920; x_wconf 89' lang='lat' dir='ltr'>homines</span> <span class='ocrx_word' id='word_1_260' title='bbox 2655 3857 2964 3921; x_wconf 87' lang='lat' dir='ltr'>libertati</span> 
     </span>
     <span class='ocr_line' id='line_1_33' title="bbox 497 3963 2965 4045; baseline 0 -17"><span class='ocrx_word' id='word_1_261' title='bbox 497 3964 736 4028; x_wconf 91' lang='lat' dir='ltr'>carnis</span> <span class='ocrx_word' id='word_1_262' title='bbox 784 3965 1017 4044; x_wconf 91' lang='lat' dir='ltr'>magis</span> <span class='ocrx_word' id='word_1_263' title='bbox 1066 3982 1277 4045; x_wconf 90' lang='lat' dir='ltr'>quam</span> <span class='ocrx_word' id='word_1_264' title='bbox 1330 3963 1469 4026; x_wconf 91' lang='lat' dir='ltr'>alio</span> <span class='ocrx_word' id='word_1_265' title='bbox 1526 3974 1841 4043; x_wconf 90' lang='lat' dir='ltr'>tempore</span> <span class='ocrx_word' id='word_1_266' title='bbox 1897 3963 2295 4043; x_wconf 80' lang='lat' dir='ltr'>indulgere3</span> <span class='ocrx_word' id='word_1_267' title='bbox 2349 3972 2509 4043; x_wconf 91' lang='lat' dir='ltr'>post</span> <span class='ocrx_word' id='word_1_268' title='bbox 2558 3964 2965 4028; x_wconf 89' lang='lat' dir='ltr'>inchoatam</span> 
     </span>
     <span class='ocr_line' id='line_1_34' title="bbox 497 4071 2965 4153; baseline -0 -18"><span class='ocrx_word' id='word_1_269' title='bbox 497 4081 736 4136; x_wconf 89' lang='lat' dir='ltr'>autem</span> <span class='ocrx_word' id='word_1_270' title='bbox 778 4072 1400 4153; x_wconf 89' lang='lat' dir='ltr'>quadragesimam</span> <span class='ocrx_word' id='word_1_271' title='bbox 1446 4089 1574 4151; x_wconf 94' lang='lat' dir='ltr'>pro</span> <span class='ocrx_word' id='word_1_272' title='bbox 1614 4071 1957 4151; x_wconf 90' lang='lat' dir='ltr'>peculiari</span> <span class='ocrx_word' id='word_1_273' title='bbox 1993 4071 2373 4150; x_wconf 87' lang='lat' dir='ltr'>privilegio</span> <span class='ocrx_word' id='word_1_274' title='bbox 2410 4071 2805 4134; x_wconf 91' lang='lat' dir='ltr'>habebatur</span> <span class='ocrx_word' id='word_1_275' title='bbox 2850 4073 2965 4135; x_wconf 88' lang='lat' dir='ltr'>vel</span> 
     </span>
     <span class='ocr_line' id='line_1_35' title="bbox 499 4178 2966 4258; baseline -0 -17"><span class='ocrx_word' id='word_1_276' title='bbox 499 4197 710 4258; x_wconf 90' lang='lat' dir='ltr'>posse</span> <span class='ocrx_word' id='word_1_277' title='bbox 753 4179 1075 4243; x_wconf 88' lang='lat' dir='ltr'>confiteri</span> <span class='ocrx_word' id='word_1_278' title='bbox 1121 4178 1312 4242; x_wconf 91' lang='lat' dir='ltr'>domi</span> <span class='ocrx_word' id='word_1_279' title='bbox 1360 4188 1648 4241; x_wconf 86' lang='lat' dir='ltr'>nostrae</span> <span class='ocrx_word' id='word_1_280' title='bbox 1695 4179 1811 4241; x_wconf 90' lang='lat' dir='ltr'>vel</span> <span class='ocrx_word' id='word_1_281' title='bbox 1863 4178 2345 4257; x_wconf 91' lang='lat' dir='ltr'>spiritualibus</span> <span class='ocrx_word' id='word_1_282' title='bbox 2393 4179 2966 4242; x_wconf 90' lang='lat' dir='ltr'>meditationibus</span> 
     </span>
     <span class='ocr_line' id='line_1_36' title="bbox 500 4285 2967 4366; baseline 0 -19"><span class='ocrx_word' id='word_1_283' title='bbox 500 4287 850 4363; x_wconf 86' lang='lat' dir='ltr'>exerceri;</span> <span class='ocrx_word' id='word_1_284' title='bbox 904 4295 974 4349; x_wconf 92' lang='lat' dir='ltr'>et</span> <span class='ocrx_word' id='word_1_285' title='bbox 1027 4287 1382 4364; x_wconf 90' lang='lat' dir='ltr'>cubicula,</span> <span class='ocrx_word' id='word_1_286' title='bbox 1437 4303 1618 4365; x_wconf 92' lang='lat' dir='ltr'>quae</span> <span class='ocrx_word' id='word_1_287' title='bbox 1672 4286 1790 4364; x_wconf 85' lang='lat' dir='ltr'>iis,</span> <span class='ocrx_word' id='word_1_288' title='bbox 1845 4286 1961 4365; x_wconf 91' lang='lat' dir='ltr'>qui</span> <span class='ocrx_word' id='word_1_289' title='bbox 2013 4303 2090 4348; x_wconf 89' lang='lat' dir='ltr'>se</span> <span class='ocrx_word' id='word_1_290' title='bbox 2140 4286 2588 4365; x_wconf 87' lang='lat' dir='ltr'>exercebant,</span> <span class='ocrx_word' id='word_1_291' title='bbox 2625 4285 2967 4366; x_wconf 78' lang='lat' dir='ltr'>applicari</span> 
     </span>
    </p>
   </div>
   <div class='ocr_carea' id='block_1_3' title="bbox 502 4523 2969 4652">
    <p class='ocr_par' dir='ltr' id='par_1_5' title="bbox 502 4523 2969 4652">
     <span class='ocr_line' id='line_1_37' title="bbox 588 4523 2965 4581; baseline 0.001 -14"><span class='ocrx_word' id='word_1_292' title='bbox 588 4525 604 4556; x_wconf 89' lang='lat'>¹</span> <span class='ocrx_word' id='word_1_293' title='bbox 661 4523 853 4578; x_wconf 75' lang='lat' dir='ltr'>Ignatii</span> <span class='ocrx_word' id='word_1_294' title='bbox 872 4529 1114 4578; x_wconf 77' lang='lat' dir='ltr'>patentes</span> <span class='ocrx_word' id='word_1_295' title='bbox 1135 4525 1365 4578; x_wconf 78' lang='lat' dir='ltr'>litterae,</span> <span class='ocrx_word' id='word_1_296' title='bbox 1387 4526 1574 4580; x_wconf 83' lang='lat' dir='ltr'>qulbus</span> <span class='ocrx_word' id='word_1_297' title='bbox 1595 4524 1846 4570; x_wconf 85' lang='lat' dir='ltr'>Comitem</span> <span class='ocrx_word' id='word_1_298' title='bbox 1870 4531 1923 4569; x_wconf 90' lang='lat' dir='ltr'>et</span> <span class='ocrx_word' id='word_1_299' title='bbox 1945 4525 2276 4569; x_wconf 73' lang='lat' dir='ltr'>comitissam</span> <span class='ocrx_word' id='word_1_300' title='bbox 2295 4526 2358 4569; x_wconf 83' lang='lat' dir='ltr'>de</span> <span class='ocrx_word' id='word_1_301' title='bbox 2379 4524 2555 4570; x_wconf 78' lang='lat' dir='ltr'>Melite</span> <span class='ocrx_word' id='word_1_302' title='bbox 2586 4529 2832 4570; x_wconf 84' lang='lat' dir='ltr'>bonorum</span> <span class='ocrx_word' id='word_1_303' title='bbox 2851 4538 2965 4581; x_wconf 87' lang='lat' dir='ltr'>ope·</span> 
     </span>
     <span class='ocr_line' id='line_1_38' title="bbox 502 4594 2969 4652; baseline 0.001 -13"><span class='ocrx_word' id='word_1_304' title='bbox 502 4607 615 4639; x_wconf 86' lang='lat' dir='ltr'>rum</span> <span class='ocrx_word' id='word_1_305' title='bbox 647 4594 927 4639; x_wconf 77' lang='lat' dir='ltr'>Societatls</span> <span class='ocrx_word' id='word_1_306' title='bbox 946 4597 1230 4651; x_wconf 78' lang='lat' dir='ltr'>participes</span> <span class='ocrx_word' id='word_1_307' title='bbox 1252 4598 1403 4651; x_wconf 82' lang='lat' dir='ltr'>facit,</span> <span class='ocrx_word' id='word_1_308' title='bbox 1425 4597 1452 4639; x_wconf 77' lang='grc'>4</span> <span class='ocrx_word' id='word_1_309' title='bbox 1471 4597 1623 4650; x_wconf 81' lang='lat' dir='ltr'>Junii.</span> <span class='ocrx_word' id='word_1_310' title='bbox 1637 4597 1837 4641; x_wconf 76' lang='lat' dir='ltr'>—Mislt</span> <span class='ocrx_word' id='word_1_311' title='bbox 1857 4598 2033 4640; x_wconf 84' lang='lat' dir='ltr'>eodem</span> <span class='ocrx_word' id='word_1_312' title='bbox 2055 4605 2287 4651; x_wconf 86' lang='lat' dir='ltr'>tempore</span> <span class='ocrx_word' id='word_1_313' title='bbox 2308 4598 2625 4652; x_wconf 81' lang='lat' dir='ltr'>exemplaria</span> <span class='ocrx_word' id='word_1_314' title='bbox 2644 4599 2744 4642; x_wconf 87' lang='lat' dir='ltr'>duo</span> <span class='ocrx_word' id='word_1_315' title='bbox 2773 4599 2969 4643; x_wconf 82' lang='lat' dir='ltr'>exerci-</span> 
     </span>
    </p>
   </div>
   <div class='ocr_carea' id='block_1_4' title="bbox 503 4665 2971 4791">
    <p class='ocr_par' dir='ltr' id='par_1_6' title="bbox 503 4665 2971 4791">
     <span class='ocr_line' id='line_1_39' title="bbox 503 4665 2971 4724; baseline 0.002 -15"><span class='ocrx_word' id='word_1_316' title='bbox 503 4667 694 4710; x_wconf 86' lang='lat' dir='ltr'>tiorum</span> <span class='ocrx_word' id='word_1_317' title='bbox 715 4666 856 4722; x_wconf 70' lang='lat' dir='ltr'>typis</span> <span class='ocrx_word' id='word_1_318' title='bbox 869 4665 1157 4720; x_wconf 77' lang='lat' dir='ltr'>editorum,</span> <span class='ocrx_word' id='word_1_319' title='bbox 1178 4678 1395 4721; x_wconf 83' lang='lat' dir='ltr'>quorum</span> <span class='ocrx_word' id='word_1_320' title='bbox 1413 4678 1569 4711; x_wconf 84' lang='lat' dir='ltr'>unum</span> <span class='ocrx_word' id='word_1_321' title='bbox 1599 4667 1967 4724; x_wconf 46' lang='lat' dir='ltr'>&amp;spaniarum</span> <span class='ocrx_word' id='word_1_322' title='bbox 2001 4667 2226 4722; x_wconf 74' lang='lat' dir='ltr'>principi</span> <span class='ocrx_word' id='word_1_323' title='bbox 2261 4679 2291 4712; x_wconf 81' lang='lat' dir='ltr'>a</span> <span class='ocrx_word' id='word_1_324' title='bbox 2322 4666 2519 4712; x_wconf 79' lang='lat' dir='ltr'>comite</span> <span class='ocrx_word' id='word_1_325' title='bbox 2548 4668 2610 4712; x_wconf 85' lang='lat' dir='ltr'>de</span> <span class='ocrx_word' id='word_1_326' title='bbox 2645 4667 2820 4713; x_wconf 86' lang='lat' dir='ltr'>Melito</span> <span class='ocrx_word' id='word_1_327' title='bbox 2854 4675 2971 4713; x_wconf 80' lang='lat' dir='ltr'>erat</span> 
     </span>
     <span class='ocr_line' id='line_1_40' title="bbox 503 4737 1278 4791; baseline 0.003 -11"><span class='ocrx_word' id='word_1_328' title='bbox 503 4737 698 4791; x_wconf 76' lang='lat' dir='ltr'>Ignatii</span> <span class='ocrx_word' id='word_1_329' title='bbox 719 4737 920 4781; x_wconf 84' lang='lat' dir='ltr'>nomine</span> <span class='ocrx_word' id='word_1_330' title='bbox 941 4738 1278 4782; x_wconf 78' lang='lat' dir='ltr'>offerendum.</span> 
     </span>
    </p>
   </div>
   <div class='ocr_carea' id='block_1_5' title="bbox 2609 4848 2672 4900">
    <p class='ocr_par' dir='ltr' id='par_1_7' title="bbox 2609 4848 2672 4900">
     <span class='ocr_line' id='line_1_41' title="bbox 2609 4848 2672 4900; baseline 0 -15"><span class='ocrx_word' id='word_1_331' title='bbox 2609 4848 2672 4900; x_wconf 83' lang='lat'>4¹</span> 
     </span>
    </p>
   </div>
  </div>
 </body>
</html>
