3679 5414
621 477 698 537 28
1547 473 1799 534 CHRox.
1842 471 1998 533 Soc.
2040 474 2180 547 Jsss.

617 623 847 685 stolae
871 620 961 683 ad
986 620 1346 683 Romanos
1377 637 1537 682 cum
1561 619 1910 698 frequenti
1932 619 2312 682 admodum
2337 620 2690 684 auditorio
2717 631 2784 683 et
2810 638 2878 682 m
2904 620 3096 682 mini-

623 729 856 791 steriis
877 726 1215 790 Societati
1245 727 1601 789 consuetis
1631 726 1900 806 aliquot
1929 743 2210 789 menses
2241 743 2502 810 magno
2538 744 2701 789 cum
2724 727 3097 789 fructuex-

627 836 887 916 pendit.
918 835 1237 897 Difficilis
1266 852 1348 897 ea
1379 833 1747 913 provincia
1778 833 1871 896 ad
1891 833 2429 915 gubernandum
2461 842 2636 911 erat,
2665 833 2853 913 quod
2882 833 3095 896 homi-

626 961 753 1007 nes
803 942 1228 1005 factionibus
1284 951 1353 1004 et
1408 941 1821 1004 tumultibus
1874 939 2089 1004 dediti
2140 950 2409 1019 essent,
2465 940 2650 1003 unde
2704 940 3099 1004 Cardinalis

626 1049 900 1114 Veralli
925 1048 1142 1111 frater
1166 1066 1337 1111 suae
1368 1047 1579 1110 saluti
1610 1048 1981 1129 consulere
2013 1047 2344 1110 Rossano
2381 1047 2806 1110 discedendo
2837 1048 3095 1124 debuit,

626 1167 697 1220 et
727 1156 942 1235 aliqui
986 1156 1200 1217 etiam
1247 1155 1583 1217 officiales
1625 1154 1978 1218 interfecti
2016 1154 2335 1232 fuerant;
2386 1155 2510 1217 sed
2540 1154 2865 1234 quamvis
2899 1153 3098 1216 labor

619 1264 791 1327 hinc
843 1271 1224 1341 augeretur
1262 1272 1331 1324 et
1381 1261 1805 1341 periculum,
1839 1279 1984 1323 non
2030 1271 2267 1324 tamen
2313 1261 2389 1323 P.
2435 1260 2794 1324 Bobadilla
2846 1260 3099 1323 minori

629 1371 866 1434 animo
897 1388 982 1431 ac
1013 1370 1381 1431 voluntate
1412 1368 1664 1429 duram
1694 1367 1880 1429 hanc
1904 1368 2352 1447 provinciam
2376 1367 2802 1447 suscipiebat
2828 1365 2866 1428 ¹.

744 1477 847 1539 53.
944 1475 1329 1539 Melitensis
1386 1474 1783 1553 Episcopus
1812 1523 1825 1553 ,
1891 1475 2010 1554 qui
2076 1475 2332 1536 nobilis
2399 1491 2738 1540 romanus
2793 1482 2944 1536 erat
2974 1522 2987 1551 ,
3056 1492 3098 1535 a

622 1585 696 1647 S.
723 1583 1000 1663 Ignatio
1025 1582 1515 1661 postulaverat
1545 1589 1620 1643 ut
1651 1578 1724 1642 P.
1764 1581 2128 1643 Bobadilla
2161 1581 2252 1642 ad
2284 1579 2718 1683 visitandum
2741 1581 3097 1661 episcopa·
3194 1657 3204 1667 ο

629 1702 781 1753 tum
810 1689 1032 1770 ipsius
1063 1705 1138 1750 se
1171 1687 1543 1750 conferret.
1581 1687 1721 1749 Res
1752 1687 1845 1749 ad
1877 1687 2109 1766 ipsum
2139 1687 2365 1749 relata
2394 1697 2534 1763 est,
2573 1705 2658 1749 ac
2691 1687 2911 1766 ipsius
2940 1704 3096 1767 pru·

613 1791 911 1860 'dentiae
962 1813 1047 1857 ac
1100 1794 1431 1857 charitati
1482 1793 1762 1869 relicta,
1822 1803 1933 1873 ut,
1990 1794 2050 1855 si
2096 1803 2370 1873 posset,
2413 1794 2853 1859 Melitensem
2892 1794 3105 1856 etiam

627 1904 1118 1983 episcopatum
1161 1901 1459 1982 juvandi
1512 1918 1758 1964 curam
1812 1901 2239 1979 susciperet;
2285 1902 2614 1981 quamvis
2651 1902 2713 1963 si
2750 1900 3108 1964 Cardinali

630 2011 921 2074 Verallo
959 2009 1149 2072 aliud
1188 2009 1421 2071 visum
1458 2018 1671 2085 esset,
1704 2008 2063 2070 rationem
2109 2008 2506 2071 habendam
2538 2009 2759 2088 ipsius
2795 2008 3109 2086 Ignatius

622 2118 1010 2199 judicabat.
1044 2117 1241 2179 Licet
1255 2124 1494 2178 autem
1515 2123 1683 2177 tunc
1708 2114 1777 2177 id
1793 2131 1939 2176 non
1950 2114 2390 2194 praestiterit
2414 2114 2488 2178 P.
2518 2115 2901 2192 Bobadilla,
2921 2114 3107 2195 quod

632 2225 1019 2289 Melitensis
1049 2223 1369 2302 optabat,
1404 2233 1563 2302 post
1602 2206 2097 2283 Rossanenses
2141 2222 2457 2302 laboreS,
2499 2223 2657 2285 illos
2693 2222 2905 2284 etiam
2947 2239 3107 2284 cum

638 2324 871 2395 fructu
901 2322 1213 2408 sus'cepit
1243 2329 1286 2391 ².

751 2438 853 2500 54.
941 2436 1084 2500 Sub
1121 2445 1534 2498 autumnum
1556 2424 1772 2516 'hujus
1803 2438 1972 2500 anni
2001 2436 2090 2499 D.
2118 2436 2672 2515 Christophorus
2695 2435 3103 2512 Madriclius,

631 2545 776 2625 qui,
810 2543 1137 2625 quamvis
1167 2543 1382 2606 etiam
1410 2552 1576 2605 tunc
1606 2543 1680 2605 in
1710 2543 1920 2607 domo
1952 2543 2354 2607 Cardinalis
2383 2544 2768 2607 Tranensis
2791 2559 3107 2606 versare-

639 2661 773 2731 tur,
808 2651 1044 2714 animo
1073 2658 1315 2713 tamen
1343 2648 1681 2714 Societati
1710 2650 1996 2713 omnino
2026 2650 2556 2731 conglutinatus
2598 2658 2783 2730 erat,
2827 2649 2914 2712 ab
2953 2648 3107 2729 ipso

634 2758 998 2823 Cardinali
1012 2756 1359 2820 Visitator
1381 2757 1455 2819 in
1477 2756 1914 2820 Tranensem
1938 2757 2317 2820 dioecesim
2338 2758 2595 2820 missus
2619 2766 2748 2834 est;
2774 2766 2842 2820 et
2865 2756 3109 2837 primis

635 2873 801 2928 octo
830 2864 1075 2927 diebus
1107 2880 1269 2926 cum
1299 2871 1574 2927 tantum
1603 2880 1819 2925 unam
1849 2864 1965 2927 vel
1996 2865 2293 2926 alteram
2325 2864 2894 2928 exhortationem
2923 2862 3108 2943 apud

638 2957 937 3044 clericos
966 2970 1329 3033 habuisset
1362 2970 1433 3031 in
1464 2969 1779 3049 capitulo
1811 2979 1881 3033 et
1903 2972 2250 3054 quaedam
2275 2972 2556 3050 privata
2580 2971 2928 3051 colloquia
2950 2985 3112 3046 cum

631 3078 1079 3160 quibusdam,
1112 3076 1444 3140 undecim
1475 3077 1884 3140 sacerdotes
1918 3079 2355 3141 concubinas
2379 3079 2834 3158 reliquerunt,
2862 3077 3112 3157 quibus

638 3187 848 3250 etiam
874 3184 1176 3265 inJ'unxit
1197 3200 1324 3263 per
1348 3194 1809 3263 praeceptum
1832 3201 2276 3264 expressum,
2302 3202 2391 3248 ne
2416 3184 2506 3247 ad
2528 3185 2844 3264 ipsorum
2866 3183 3115 3246 domos

637 3293 1082 3371 accederent,
1104 3300 1173 3354 et
1195 3307 1460 3370 magna
1478 3308 1639 3353 cum
1652 3291 1872 3354 totius
1894 3291 2209 3355 civitatis
2228 3291 2717 3354 aedificatione
2743 3291 3107 3371 parebant.

639 3400 820 3464 Cum
850 3408 1086 3462 autem
1114 3398 1377 3461 vestitu
1405 3397 1691 3460 militari
1722 3398 1956 3478 potius
1990 3416 2204 3477 quam
2242 3398 2674 3461 sacerdotali
2716 3406 3105 3475 uterentur,

648 3506 739 3569 ad
789 3506 1153 3569 decentem
1193 3505 1459 3568 cultum
1498 3504 1821 3585 corporis
1865 3513 1935 3567 et
1974 3513 2342 3568 tonsuram
2383 3523 2506 3568 eos
2543 3505 2748 3567 facile
2795 3504 3108 3566 adduxit.

643 3611 1147 3676 Saecularibus
1196 3612 1410 3675 etiam
1459 3620 1535 3673 ut
1577 3610 2015 3674 concubinas
2054 3612 2530 3691 relinquerent
2571 3612 2756 3673 serio
2787 3610 3109 3691 injunxit,

726 3853 743 3885 ¹
801 3851 1074 3905 Polancus,
1094 3863 1158 3895 ex
1180 3843 1572 3905 commissione,
1592 3851 1801 3895 Doctori
1824 3851 2052 3895 ‘rhomae
2090 3852 2279 3895 Gomez
2299 3886 2309 3905 ,
2341 3851 2625 3906 Neapolim,
2657 3864 2758 3896 non
2789 3864 2936 3907 posse
2968 3852 3116 3907 Igna-

642 3924 771 3968 tium
786 3924 941 3979 Juxta
962 3922 1237 3967 Societatis
1259 3924 1547 3967 institutum
1581 3923 1644 3967 iis
1678 3923 1988 3976 incumbere,
2021 3935 2154 3977 quae
2174 3923 2370 3967 Doctor
2400 3925 2597 3978 expetit
2631 3930 2687 3968 ut
2708 3935 2740 3968 a
2763 3924 3032 3968 Bobadilla
3062 3930 3113 3967 et

644 3996 760 4040 aliis
780 4001 1022 4049 agantur,
1045 3996 1064 4037 l
1088 3994 1377 4038 Februarii.
1399 3994 1541 4038 Idem
1564 3994 1706 4038 Patri
1731 3994 1943 4038 Nicolao
1961 3994 2247 4048 Bobadilla,
2266 3994 2617 4049 Bisignanum,
2636 3997 2699 4039 de
2721 3995 2920 4048 iisdem,
2936 3996 3116 4040 eadem

644 4067 742 4110 die.
764 4067 947 4111 Eidem
966 4066 1028 4110 de
1049 4072 1277 4120 tempore
1299 4077 1414 4120 quo,
1441 4067 1592 4121 Juxta
1626 4065 1919 4109 cardinalis
1941 4065 2143 4110 Veralli
2178 4067 2575 4120 beneplacitum,
2607 4068 2651 4110 ei
2689 4066 2908 4111 Rossani
2926 4068 2993 4111 sit
3015 4078 3118 4110 ma-

642 4139 879 4190 nendum,
919 4139 938 4180 l
976 4144 1027 4181 et
1061 4138 1115 4180 29
1147 4136 1336 4181 Martii.
1374 4137 1513 4180 Idem
1548 4137 1765 4181 Domino
1800 4136 2067 4181 Ludovico
2101 4138 2162 4181 de
2198 4137 2460 4190 Mendoza,
2483 4140 2544 4182 de
2568 4138 2794 4192 negotiis
2817 4138 3118 4182 vicariatus

644 4210 1001 4260 RossanensiS,
1021 4215 1078 4253 ut
1100 4220 1216 4253 cum
1239 4209 1293 4251 P.
1316 4208 1588 4253 Bobadilla
1611 4214 1753 4263 agat,
1777 4209 1831 4252 26
1850 4209 2065 4263 Aprilis.
2097 4209 2239 4253 Idem
2269 4210 2451 4254 eadem
2482 4210 2564 4253 die
2599 4209 2745 4253 Patri
2769 4210 3038 4254 Bobadilla
3060 4217 3116 4254 ut

637 4281 708 4325 ad
730 4280 1035 4324 veniendum
1067 4291 1240 4323 mense
1276 4278 1567 4334 Septembri
1603 4278 1819 4323 Romam
1854 4291 1910 4323 se
1943 4286 2243 4334 praeparet,
2281 4287 2332 4324 et
2365 4281 2428 4323 de
2463 4280 2733 4324 Ludovico
2765 4281 2825 4324 de
2858 4269 3117 4324 Mendoza.

643 4353 783 4398 Idem
806 4353 986 4403 eidem,
1010 4350 1340 4395 cardinalem
1359 4351 1634 4394 Massaeum
1656 4352 1790 4395 velle
1810 4357 1868 4395 ut
1887 4353 2064 4395 urbem
2096 4350 2220 4394 Leti
2235 4351 2414 4396 visitet
2446 4353 2616 4406 ibique
2637 4363 2731 4407 per
2764 4353 2890 4396 duos
2919 4363 3119 4396 menses

646 4425 911 4476 consistat,
937 4424 980 4466 11
1012 4422 1149 4466 Maii.
1171 4422 1313 4466 Idem
1341 4423 1520 4474 eidem,
1542 4423 1570 4465 6
1590 4429 1641 4466 et
1661 4422 1717 4466 20
1737 4422 2075 4477 Septembris.
2097 4423 2296 4476 Eidem,
2318 4429 2374 4466 ut
2408 4423 2624 4468 Romam
2657 4436 2711 4467 se
2742 4435 2914 4468 meuse
2933 4426 3119 4468 saltem

645 4495 915 4539 Decembri
936 4494 1141 4538 ineunte
1162 4495 1410 4548 conferat,
1432 4494 1460 4536 8
1476 4493 1519 4537 N
1522 4494 2099 4539 ovembris.-Litterae
2123 4495 2297 4538 Patris
2315 4494 2587 4538 Bobadilla
2610 4496 2676 4539 ad
2702 4495 2978 4550 Ignatium.

727 4567 751 4598 ²
803 4565 1070 4618 Polaticus,
1102 4576 1168 4609 ex
1203 4566 1605 4614 commissione,
1638 4564 1783 4609 Patri
1812 4565 2027 4610 Nicolao
2067 4566 2127 4608 de
2162 4566 2457 4618 Bobadilla,
2478 4567 2602 4620 quid
2625 4567 3032 4621 respondendum
3051 4565 3118 4611 sit

648 4634 959 4689 Monsignori
979 4635 1040 4678 de
1064 4634 1301 4688 Rusticis,
1324 4634 1577 4678 Melitensi
1593 4634 1865 4690 Episcopo,
1887 4637 1933 4678 11
1952 4635 2203 4687 januarii.
2222 4634 2364 4679 Idem
2382 4636 2565 4679 eadem
2581 4636 2662 4679 dle
2682 4637 2886 4680 cuidam
2901 4636 3123 4680 Domino

649 4707 916 4758 Roderico,
940 4705 984 4749 N
989 4705 1225 4761 capolim,
1248 4707 1295 4749 ei
1318 4706 1680 4749 commendans
1701 4706 1908 4750 litteras
1933 4706 2149 4750 Nicolao
2173 4705 2443 4750 Bobadilla
2460 4707 2904 4752 transmittendas„
