3679 5414
1621 451 1749 509 ΑΝ.
1796 448 1929 508 1551
2894 448 3003 506 407

657 598 798 663 489.
887 598 1063 661 Cum
1103 597 1174 660 in
1215 597 1467 678 peritia
1508 598 1792 676 linguae
1839 595 2292 676 proficerent,
2343 611 2523 675 quae
2575 594 3002 675 perdifficilis

529 714 668 784 est,
696 705 1110 769 catechismi
1130 704 1676 783 explicationem
1699 703 1770 765 in
1795 703 1987 766 illam
2012 721 2435 766 conversam
2460 703 2754 765 subinde
2770 720 3000 765 emen·

531 813 776 888 daban
811 829 976 874 nam
1006 828 1284 874 errores
1313 829 1404 873 ex
1433 810 1712 873 defectu
1741 810 2166 889 cognitionis
2203 810 2486 889 linguae
2517 819 2664 872 tam
2694 809 3000 890 peregri-

539 938 674 982 nae
706 919 906 982 multi
937 918 1388 997 irrepserant.
1428 917 1724 980 Curavit
1762 926 1998 980 autem
2044 916 2462 997 mysterium
2499 914 3002 979 Sanctissimae

530 1027 907 1091 Trinitatis
957 1036 1025 1088 et
1075 1025 1592 1088 incarnationis
1642 1033 1710 1087 et
1758 1041 2076 1102 causam,
2124 1033 2413 1104 propter
2457 1041 2671 1103 quam
2719 1040 3003 1086 crucem

541 1132 950 1210 adoramuS,
988 1132 1308 1194 homines
1350 1132 1505 1193 illos
1543 1132 1615 1194 in
1657 1131 2045 1193 vernacula
2085 1131 2401 1211 ipsorum
2441 1130 2682 1209 lingua
2722 1131 2999 1209 docere,

539 1240 927 1304 admonens
959 1237 1143 1319 quod
1174 1238 1643 1311 rationemab
1673 1238 1776 1300 eis
1808 1247 2192 1301 exacturus
2224 1246 2430 1316 esset;
2459 1246 2527 1300 et
2554 1254 2815 1317 magna
2842 1254 3005 1300 cum

534 1347 1028 1410 consolatione
1059 1354 1393 1426 expertus
1424 1354 1531 1407 est
1557 1345 1745 1425 quod
1774 1345 1874 1407 illi
1898 1354 1967 1407 et
1990 1345 2168 1408 bene
2191 1344 2675 1425 percipiebant
2700 1353 2845 1406 tam
2867 1344 3005 1406 viri

536 1471 753 1534 quam
804 1452 1153 1515 foeminae
1208 1463 1277 1514 et
1318 1452 1582 1514 bonam
1623 1451 1990 1514 doctrinae
2033 1452 2428 1531 explicatae
2465 1451 2814 1513 rationem
2850 1450 3002 1514 red-

535 1560 823 1638 debant3
857 1569 925 1622 et
957 1560 1075 1623 diu
1105 1568 1457 1640 noctuque
1488 1576 1750 1637 magno
1781 1577 1943 1622 cum
1974 1558 2205 1621 studio
2237 1559 2333 1621 illi
2363 1558 2683 1621 homines
2714 1558 2803 1620 ad
2829 1559 3006 1621 haec

541 1667 884 1731 discenda
914 1667 1432 1730 incumbebant.

662 1773 800 1837 490.
892 1773 1538 1836 Commendaverat
1561 1773 1829 1835 nostris
1850 1770 1927 1835 P.
1955 1772 2382 1836 Franciscus
2403 1772 2674 1836 Xavier
2698 1781 2765 1834 et
2796 1780 3004 1835 testa-

540 1891 690 1945 tum
717 1882 791 1944 in
820 1881 1072 1944 litteris
1100 1881 1481 1960 reliquerat
1510 1892 1586 1943 ut
1619 1890 1955 1944 curarent
1984 1898 2228 1943 eorum
2249 1880 2817 1943 benevolentiam
2841 1897 3001 1942 con-

537 1989 807 2067 ciliare,
842 1988 929 2050 de
957 1988 1207 2068 quibus
1235 1987 1672 2051 benemereri
1702 1987 2101 2068 cupiebant3
2135 1988 2236 2050 sic
2266 1987 2454 2050 enim
2482 1986 2788 2050 fructum
2816 1988 3001 2049 labo·
3089 2016 3096 2021 ·

544 2096 643 2159 ris
717 2104 1176 2176 percepturos
1241 2095 1656 2158 affirmabat.
1729 2095 1805 2158 Id
1865 2096 2144 2158 curavit
2201 2104 2565 2176 praestare
2631 2095 3005 2173 diligenter

544 2202 621 2265 P.
667 2202 1020 2265 Henricus
1060 2220 1223 2264 cum
1264 2202 1509 2281 sociis,
1552 2210 1621 2263 et
1661 2202 1760 2264 ita
1792 2202 2162 2282 neophyti,
2197 2212 2274 2264 ut
2304 2219 2566 2285 magno
2594 2218 2717 2263 eos
2759 2218 3004 2263 amore

541 2310 1212 2389 complectebantur,
1250 2310 1348 2371 ita
1378 2318 1447 2372 et
1478 2327 1727 2372 eorum
1756 2309 1995 2372 verbis
2025 2309 2407 2372 credebant
2446 2317 2514 2371 et
2555 2308 3000 2384 obediebant;

546 2416 759 2479 immo
790 2425 859 2479 et
888 2417 1188 2495 gentiles
1217 2426 1287 2478 et
1317 2416 1672 2495 saraceni,
1706 2434 1885 2497 quos
1913 2433 2127 2497 saepe
2164 2435 2207 2478 a
2246 2415 2582 2478 molestiis
2622 2424 2692 2478 et
2733 2414 3006 2494 injuriis

545 2525 843 2587 militum
869 2524 1360 2603 defendebant,
1396 2533 1679 2587 nostros
1710 2524 2068 2586 amabant.
2098 2523 2232 2586 Hic
2263 2541 2462 2586 amor
2489 2523 3009 2603 neophytorum

536 2648 627 2693 eo
658 2630 1120 2711 perveniebat
1148 2638 1224 2692 ut
1253 2630 1468 2692 etiam
1500 2629 1591 2693 ad
1620 2630 2058 2711 punitionem
2090 2646 2317 2711 aequo
2361 2630 2597 2692 animo
2642 2629 3007 2692 ferendam

545 2738 864 2801 sufficere
895 2738 1278 2801 videretur.
1312 2737 1709 2818 Injunctum
1748 2747 1855 2801 est
1895 2738 2217 2801 omnibus
2247 2739 2609 2819 utriusque
2643 2755 2858 2801 sexus
2888 2738 3004 2800 ho-

543 2845 848 2907 minibus
877 2845 1347 2924 provectioris
1386 2845 1640 2907 aetatis
1668 2855 1746 2908 ut
1778 2845 2172 2908 orationem
2202 2844 2627 2909 dominicam
2658 2854 2727 2908 et
2750 2846 3005 2908 saluta-

547 2952 817 3015 tionem
840 2952 1241 3030 angelicam
1266 2961 1384 3014 aut
1409 2951 1628 3014 latina
1654 2959 1775 3014 aut
1796 2953 2185 3014 vernacula
2210 2970 2341 3014 sua
2364 2952 2605 3031 lingua
2629 2952 3005 3030 discerent;

544 3067 836 3139 propter
868 3057 1249 3121 ruditatem
1278 3058 1466 3121 enim
1495 3067 1565 3120 et
1595 3059 1761 3139 quia
1788 3068 1963 3121 natu
1992 3060 2413 3138 grandiores
2444 3059 2534 3122 ad
2563 3059 2770 3122 fidem
2799 3076 3007 3122 vene-

544 3175 730 3244 rant,
764 3183 907 3228 non
937 3165 1116 3227 haec
1147 3164 1542 3228 didicerant
1572 3166 2005 3244 memoriter,
2032 3175 2315 3247 praeter
2344 3183 2613 3246 paucos
2638 3166 3003 3246 quosdam;

540 3281 789 3351 postea
818 3284 895 3334 ut
924 3281 993 3335 et
1024 3273 1431 3352 symbolum
1461 3272 1815 3335 discerent
1847 3273 1919 3335 in
1950 3274 2336 3336 vernacula
2365 3274 2610 3352 lingua
2640 3272 3009 3353 injungere

545 3380 851 3443 volebat.

665 3487 806 3549 491.
894 3487 1204 3567 Lingua,
1243 3488 1314 3550 in
1345 3506 1485 3568 qua
1513 3489 1737 3551 nostri
1775 3488 2255 3568 profecerant,
2300 3487 2687 3551 malavaris
2727 3488 3005 3565 dicitur;

542 3593 667 3656 sed
699 3594 838 3657 alia
869 3595 1083 3657 etiam
1111 3612 1290 3674 quae
1315 3595 1658 3658 maleame
1683 3595 2071 3672 dicebatur,
2099 3596 2454 3658 malavari·
2471 3596 2732 3674 vicina,
2760 3594 3009 3657 eodem

545 3699 692 3764 fere
723 3702 962 3781 mod0‚
999 3719 1138 3781 quo
1170 3702 1728 3781 portugallensis
1765 3703 2010 3782 lingua
2059 3702 2149 3765 ad
2189 3702 2667 3767 Castellanam
2707 3701 3004 3782 accedit,

546 3808 968 3887 quibusdam
999 3810 1070 3871 in
1101 3809 1276 3872 Iocis
1307 3809 1378 3872 in
1407 3827 1539 3873 usu
1571 3818 1745 3872 erat.
1780 3811 1861 3873 In
1889 3811 2007 3872 illa
2032 3827 2205 3890 ergo
2228 3809 2304 3873 P.
2333 3810 2683 3873 Henricus
2713 3828 2789 3872 se
2812 3827 3006 3872 exer-

545 3932 743 3994 cenS,
816 3914 1354 3996 conjugationes
1413 3915 1562 3996 ejus
1612 3925 1680 3979 et
1729 3915 2238 4004 declinationes
2288 3917 2360 3979 in
2410 3925 2636 3979 artem
2685 3915 3007 3995 redigere

545 4032 876 4102 coeperat
905 4031 973 4085 et
1002 4024 1075 4085 in
1104 4024 1447 4102 eamdem,
1483 4023 1688 4086 sicuti
1720 4032 1789 4086 et
1813 4024 1885 4085 in
1908 4025 2368 4101 malavarem,
2398 4041 2577 4104 quae
2602 4024 3009 4086 necessaria

541 4136 749 4190 erant
800 4128 890 4192 ad
940 4129 1183 4209 fidem,
1240 4130 1591 4193 convertit
1624 4179 1637 4209 ,
1692 4139 1760 4193 et
1812 4131 1904 4193 ad
1954 4130 2299 4210 quosdam
2360 4128 2673 4209 ejusdem
2721 4130 3010 4209 linguae

543 4234 972 4315 sacerdoteS,
1007 4237 1125 4316 qui
1156 4236 1604 4317 Cranganori
1628 4238 2121 4315 versabantur,
2149 4237 2533 4300 videndum
2562 4236 2750 4317 quod
2780 4248 3007 4300 verte·

544 4350 656 4404 rat
684 4342 893 4406 misit.

660 4449 800 4513 492.
888 4450 1025 4514 Per
1053 4451 1183 4515 hos
1214 4453 1639 4516 christianos
1668 4461 1997 4533 paravas
2026 4462 2328 4516 vocatos
2352 4453 2647 4516 adduxit
2678 4452 2770 4516 ad
2801 4451 3008 4515 fidem

537 4557 903 4621 dominum
932 4558 1301 4638 cujusdam
1345 4559 1758 4639 provinciae
1800 4578 1983 4641 quae
2023 4560 2569 4624 Trichlinamale
2602 4537 2886 4639 dicitur,
2935 4560 3007 4622 in

542 4663 778 4728 Insula
809 4665 1076 4729 Ceilan.
1109 4667 1242 4730 Hic
1274 4676 1435 4730 octo
1466 4685 1692 4730 annos
1719 4677 1932 4731 natus
1961 4677 2136 4747 erat,
2170 4668 2321 4731 acri
2351 4677 2420 4731 et
2450 4676 2659 4730 acuto
2691 4667 3004 4746 ingenio.
