3679 5414
1662 436 1789 494 AN.
1833 434 1976 494 1552
2948 434 3060 494 583

590 585 787 648 sibus
837 580 1047 661 hujus
1102 582 1269 643 anni
1324 581 1861 660 quatuordecim
1912 581 2103 643 domi
2139 579 2438 661 juvenes
2488 580 2580 643 ad
2628 579 3054 644 Societatem

590 691 1038 771 adspirantes
1087 689 1426 767 habebat,
1475 706 1566 751 ex
1605 688 1856 766 quibus
1894 703 2159 766 magna
2201 705 2370 768 pars
2412 696 2583 750 voto
2627 704 2703 750 se
2747 685 3053 750 Domino

590 805 1172 874 consecraverat;
1208 796 1327 858 alii
1357 796 1570 858 etiam
1600 795 1893 857 subinde
1923 803 1998 857 ut
2038 795 2577 858 admitterentur
2626 795 2698 857 in
2742 792 3053 857 Societa-

590 916 734 968 tem
776 904 1161 983 urgebant;
1203 903 1401 965 multi
1440 901 1884 981 sacerdoteS,
1929 901 2250 964 canonici
2305 911 2373 965 et
2423 901 2723 964 studiosi
2765 902 2858 964 ad
2906 899 3054 981 ejus

589 1012 802 1075 aedes
835 1005 1241 1091 frequenter
1271 1009 1728 1087 accedebant3
1761 1008 1945 1071 inter
1968 1009 2147 1071 alios
2176 1008 2510 1071 Decanus
2532 1008 3052 1087 Noviomagen·

590 1119 690 1181 sis
718 1127 867 1181 toto
899 1117 1113 1181 corde
1153 1116 1244 1179 ad
1272 1117 1497 1179 vitam
1535 1115 2031 1196 perfectiorem
2064 1116 2464 1192 anhelabat,
2509 1126 2578 1179 et
2618 1115 2708 1178 ad
2738 1116 2809 1178 id
2857 1116 3054 1196 spiri·

591 1226 809 1288 tualia
841 1225 1183 1290 exercitia
1213 1223 1347 1286 sibi
1374 1223 1674 1304 proponi
1702 1223 2035 1302 instabat,
2069 1240 2253 1302 quae
2284 1223 2535 1286 eodem
2562 1223 2709 1286 fere
2739 1232 3056 1303 tempore

588 1350 731 1395 non
752 1332 1000 1413 paucis
1029 1348 1191 1395 cum
1217 1331 1509 1411 copioso
1538 1330 1772 1393 fructu
1800 1330 2165 1410 proposita
2194 1329 2477 1393 fuerunt
2509 1329 2549 1392 ¹.

708 1438 849 1502 390.
936 1438 1356 1517 Augebatur
1384 1438 1597 1500 etiam
1627 1437 1699 1500 in
1730 1436 1880 1499 dies
1911 1437 2389 1500 confitentium
2419 1454 2756 1500 numerus
2795 1450 2865 1501 et
2895 1456 3056 1501 cum

589 1546 664 1612 P.
699 1545 1062 1609 Arnoldus
1084 1546 1386 1624 Hezeus,
1413 1545 1553 1607 hoc
1578 1563 1765 1626 anno
1790 1544 1882 1607 ad
1906 1546 2382 1608 sacerdotium
2404 1556 2791 1626 promotuS,
2819 1546 3053 1626 primi-

591 1655 727 1717 tias
756 1670 925 1716 suas
955 1653 1365 1729 celebraret,
1400 1653 1527 1714 vix
1563 1653 1908 1732 explicari
1945 1661 2207 1731 posset,
2243 1670 2404 1716 cum
2443 1663 2709 1732 quanta
2751 1669 3053 1716 commo·

586 1762 777 1823 tione
808 1760 1235 1838 auditorum,
1271 1758 1594 1839 suspiriis
1624 1768 1693 1821 et
1730 1759 2106 1839 lacrymiS,
2149 1777 2332 1839 quae
2367 1778 2485 1822 res
2526 1760 2801 1822 insueta
2846 1760 3055 1823 valde

588 1869 842 1931 eratin
885 1886 970 1930 eo
1011 1868 1303 1948 popu10‚
1347 1884 1507 1929 eum
1550 1866 1986 1945 audiverint,
2028 1867 2334 1946 plurima
2374 1867 2657 1929 interim
2685 1884 2815 1947 pro
2860 1884 3056 1930 more

589 1975 984 2054 offerenteS,
1018 1992 1201 2054 quae
1231 1984 1471 2037 tamen
1502 1992 1543 2036 a
1565 1975 1839 2056 'nostris
1884 1992 2027 2037 non
2068 1974 2380 2038 admissa
2424 1984 2620 2052 sunt,
2654 1975 2778 2037 sed
2819 1975 3055 2038 omnia

588 2083 858 2163 pastori
887 2082 1154 2145 relicta.
1191 2081 1532 2164 Magnum
1570 2081 1787 2143 etiam
1828 2081 2075 2144 habuit
2105 2081 2292 2145 idem
2323 2081 2535 2144 Pater
2562 2082 2634 2144 in
2665 2099 2795 2150 sua
2824 2083 3053 2162 prima

587 2189 804 2252 Missa
834 2189 1314 2252 studiosorum
1346 2188 2025 2251 communicantium
2053 2206 2445 2252 numerum.
2490 2188 2739 2269 Coepit
2769 2198 2836 2251 et
2866 2188 3052 2251 idem

585 2315 817 2360 novus
847 2295 1183 2360 sacerdos
1214 2295 1777 2359 confessionibus
1808 2295 2182 2358 audiendis
2220 2296 2614 2376 perutiliter
2655 2313 2951 2372 vacare,
2985 2307 3054 2358 et

586 2405 845 2468 accidit
877 2405 939 2467 ei
968 2403 1350 2483 aliquando
1381 2413 1458 2466 ut
1488 2421 1709 2484 usque
1742 2404 1832 2466 ad
1878 2401 2185 2467 mediam
2222 2412 2505 2466 noctem
2546 2421 2621 2466 se
2662 2405 2970 2466 avellere
3010 2422 3053 2465 a

583 2511 1103 2592 poenitentibus
1133 2529 1275 2574 non
1304 2520 1563 2591 posset.
1600 2511 1710 2574 Ex
1738 2512 2261 2591 poenitentibus
2300 2520 2537 2574 autem
2575 2520 2723 2573 tres
2766 2509 2855 2573 ad
2898 2511 3052 2573 reli-

584 2620 868 2698 gionem
917 2618 1005 2681 D.
1069 2618 1127 2680 F
1129 2618 1438 2681 rancisci
1502 2629 1977 2681 accesserunt.
2046 2616 2209 2681 Suis
2273 2619 2488 2681 etiam
2548 2619 2916 2698 colloquiis
2965 2618 3053 2681 de

586 2727 824 2790 multis
852 2726 1328 2790 benemeritus
1358 2734 1489 2788 est.
2598 2715 2614 2736 ⁰

699 2834 841 2896 391.
929 2834 1209 2913 Rogatu
1263 2833 1586 2896 Rectoris
1629 2833 1898 2896 Bursae
1946 2833 2330 2896 Luchanae
2382 2843 2449 2896 et
2501 2833 2719 2914 ipsius
2771 2835 2927 2897 loco
2979 2834 3050 2896 in

582 2942 841 3021 templo
871 2941 1179 3021 quodam
1208 2941 1672 3004 concionatus
1716 2949 1823 3002 est
1855 2938 1931 3002 P.
1975 2940 2387 3003 Leonardus
2430 2958 2573 3002 non
2613 2941 2881 3019 absque
2918 2939 3051 3003 fre-

581 3048 867 3128 quentia
891 3058 960 3111 et
989 3048 1247 3111 fructu.
1281 3046 1466 3110 Aliis
1497 3048 1711 3111 etiam
1738 3048 1812 3110 in
1853 3047 2029 3110 locis
2060 3056 2181 3110 aut
2226 3048 2608 3110 conciones
2639 3056 2759 3109 aut
2799 3046 3047 3109 exhor·

581 3156 887 3219 tationes
918 3155 1179 3218 habere
1209 3153 1472 3217 debuit.
1507 3154 1830 3232 Rogatus
1862 3162 2099 3216 autem
2122 3163 2198 3216 ut
2227 3154 2319 3216 ad
2340 3154 2677 3233 populum
2708 3153 3042 3231 vicinum,

575 3262 727 3343 ejus
745 3281 964 3343 opera
985 3279 1421 3342 magnopere
1451 3261 1911 3340 indigentem,
1946 3279 2023 3323 se
2045 3261 2418 3337 conferret,
2439 3261 2722 3323 nomine
2738 3259 2834 3322 ΑΙ
2828 3259 3047 3339 plzen,

575 3370 1146 3433 exhortationem
1175 3368 1525 3448 frequenti
1557 3368 1813 3448 populo
1845 3367 2122 3445 habuit;
2157 3377 2226 3430 et
2257 3385 2419 3430 cum
2448 3384 2595 3446 eos,
2630 3367 2720 3429 ad
2750 3384 3047 3447 quorum

575 3476 1049 3540 conscientias
1066 3475 1423 3555 Juvandas
1446 3492 1531 3537 eo
1555 3484 1875 3550 venerat,
1900 3473 2153 3553 juvare
2177 3475 2586 3549 studuisset,
2612 3475 2794 3537 inter
2821 3483 3044 3537 caete-

572 3601 693 3646 ros
722 3584 952 3664 ipsum
980 3592 1342 3664 pastorem
1372 3583 1557 3645 illius
1586 3583 1850 3663 populi,
1887 3599 2047 3644 cum
2070 3599 2208 3661 quo
2236 3582 2515 3662 publice
2538 3581 2759 3661 ipsius
2789 3598 3044 3644 concu-

571 3691 737 3753 bina
760 3690 1115 3768 manebat,
1143 3689 1234 3752 ad
1259 3689 1615 3752 saniorem
1636 3698 1944 3752 mentem
1966 3689 2304 3752 reducere
2329 3688 2632 3766 curavit,
2661 3689 2803 3767 qui,
2830 3688 3039 3750 liben-

574 3809 682 3860 ter
720 3798 1036 3876 audienS,
1091 3796 1654 3860 emendationem
1700 3797 1771 3858 in
1819 3796 2144 3859 omnibus
2189 3796 2531 3875 promisit.
2577 3794 2756 3858 Cum
2805 3804 3040 3858 autem

573 3906 772 3969 multi
819 3914 1139 3985 peterent
1191 3914 1267 3967 ut
1318 3921 1489 3967 suos
1527 3903 1707 3965 filios
1750 3902 2181 3981 admitteret,
2228 3903 2451 3966 tribus
2493 3912 2768 3966 tantum
2809 3902 3035 3965 adole·

571 4013 929 4077 scentibus
973 4011 1381 4074 facultatem
1426 4011 1516 4073 ad
1560 4028 1636 4073 se
1679 4010 2010 4073 veniendi
2052 4010 2420 4074 Coloniam
2464 4010 2675 4073 dedit.
2722 4009 3039 4088 Pergens

572 4120 732 4182 inde
760 4119 832 4181 in
864 4117 1230 4180 civitatem
1259 4119 1441 4181 Tielt
1471 4118 1493 4147 ²
1517 4128 1586 4181 et
1614 4117 2168 4196 Noviomagum,
2202 4118 2321 4181 ubi
2350 4120 2732 4181 multorum
2762 4117 3037 4180 animos

571 4225 662 4287 ad
691 4224 1120 4289 Societatem
1159 4242 1376 4305 penes
1417 4242 1493 4287 se
1543 4225 1943 4288 habendam
1980 4242 2375 4303 propensos
2414 4225 2713 4302 invenit,
2758 4224 3034 4304 quibus·

569 4332 736 4395 dam
762 4333 1047 4413 pietatis
1077 4332 1408 4412 operibus
1436 4332 1870 4412 perfunctuS,
1905 4331 2277 4394 Coloniam
2306 4332 2531 4395 rediit.
2578 4332 2677 4395 Ibi
2709 4331 3034 4410 magistri

650 4536 666 4569 ¹
725 4535 979 4580 Polancus
993 4569 1004 4591 ,
1025 4548 1091 4580 ex
1111 4548 1240 4581 com.
1256 4570 1273 4590 ,
1294 4537 1440 4581 Patri
1461 4536 1733 4580 Leonardo
1769 4535 1949 4579 Kessel
1967 4568 1978 4589 ,
2013 4535 2073 4579 de
2110 4535 2334 4579 admisso
2369 4536 2418 4579 ln
2454 4534 2767 4579 Societatem
2798 4535 3035 4578 Gerardo

576 4608 732 4652 Cools
751 4608 1048 4662 (Brassica),
1071 4616 1126 4652 ut
1147 4621 1262 4653 eum
1279 4610 1572 4663 theologiae
1592 4608 1933 4653 addiscendae
1955 4608 2180 4663 applicet
2197 4640 2207 4660 ,
2224 4608 2250 4650 -1
2270 4606 2524 4652 Octobris.

653 4681 677 4712 ²
733 4679 844 4733 Sic;
866 4682 1182 4735 probabilius
1202 4681 1376 4724 Niehl.
