3679 5414
738 508 813 566 68
1648 504 1904 566 Canon.
1948 503 2102 564 Soc.
2146 505 2284 577 Jsss.

740 652 959 715 traria
991 668 1147 713 esse
1194 650 1472 713 veritati
1500 651 1785 713 tandem
1837 650 2298 713 intellexisset
2339 650 2504 730 (qua
2542 650 2612 711 in
2658 666 2731 711 re
2771 648 3197 712 Aistetensis

738 758 1132 839 Episcopus
1180 755 1471 836 egregio
1523 756 1893 819 charitatis
1943 755 2171 819 officio
2209 755 2490 818 functus
2527 756 2666 831 est)
2707 754 2792 817 de
2833 755 3194 819 fundando

738 865 1053 944 Collegio
1083 865 1397 928 Treviris
1427 864 1712 926 omnino
1743 863 1933 944 apud
1956 881 2032 925 se
2058 863 2440 926 constituit.
2468 862 2969 941 Moguntinum
2984 864 3195 926 etiam

736 973 1129 1036 Electorem
1160 971 1490 1049 tentavit,
1526 980 1594 1033 et
1625 969 1711 1033 de
1752 969 2126 1034 Societatis
2157 970 2474 1032 instituto
2514 987 2675 1032 eum
2714 970 3028 1047 edocuit,
3072 970 3192 1033 sed

732 1080 882 1144 sine
913 1080 1025 1142 sui
1047 1078 1351 1158 Capituli
1378 1095 1733 1141 consensu
1763 1076 1846 1139 id·
1864 1095 2073 1158 posse
2103 1077 2255 1139 fieri
2284 1077 2600 1156 negavit.

858 1184 989 1248 148.
1079 1185 1447 1264 Augustae
1478 1185 1820 1247 voluisset
1851 1183 2135 1264 quidem
2177 1182 2574 1246 Cardinalis
2613 1184 3063 1263 (Collegium)
3097 1187 3191 1248 in-

725 1293 1046 1371 stituere,
1083 1291 1206 1355 sed
1237 1293 1429 1354 vires
1458 1291 1754 1354 deerant
1777 1292 2006 1353 bonae
2037 1290 2260 1370 ipsius
2286 1291 2634 1353 voluntati
2667 1290 2706 1353 ¹.

855 1399 984 1461 149.
1072 1400 1167 1463 Ut
1198 1398 1498 1461 Lovanii
1528 1397 1920 1476 Collegium
1949 1397 2432 1460 institueretur
2473 1408 2804 1478 coeperat
2834 1399 3048 1462 etiam
3079 1419 3189 1462 co-

721 1507 985 1585 gitare3
1017 1523 1148 1569 nec
1180 1506 1367 1567 enim
1405 1505 1628 1568 nostri
1665 1505 1781 1568 vel
1823 1504 2110 1566 domum
2149 1505 2264 1567 vel
2300 1504 2480 1566 ullos
2511 1504 2780 1569 reditus
2810 1506 3186 1583 habebant,

722 1614 936 1675 immo
965 1630 1096 1675 nec
1125 1611 1444 1675 Societas
1467 1611 1892 1674 auctoritate
1921 1610 2259 1691 principis
2282 1611 2353 1673 in
2383 1611 2683 1674 ditiones
2714 1611 2871 1674 illas
2903 1614 3190 1693 Belgiae

721 1719 1034 1782 admissa
1065 1727 1250 1791 erat;
1283 1718 1406 1780 sed
1431 1735 1594 1780 cum
1617 1714 1765 1796 jam
1796 1717 2379 1797 supplicationem
2411 1728 2942 1801 praeparasset,
2977 1738 3188 1800 quam

723 1844 849 1906 per
892 1824 1342 1889 Cardinalem
1393 1823 1893 1904 Augustanum
1961 1825 2073 1887 vel
2139 1821 2616 1888 Secretarium
2672 1826 3004 1903 Erasum‚
3071 1829 3185 1907 qui

719 1932 1026 1996 officiose
1057 1949 1259 1995 suam
1297 1948 1586 2012 operam
1626 1932 1715 1994 ad
1746 1931 1814 1993 id
1857 1931 2236 2009 obtulerat,
2285 1931 2701 2012 Imperatori
2743 1950 2903 1996 eam
2930 1934 3186 1997 offerre

720 2042 962 2118 vellet,
994 2039 1340 2103 intellexit
1369 2039 1505 2101 hoc
1536 2039 1765 2118 ipsum
1790 2038 2153 2116 negotium
2181 2037 2482 2102 Lovanii
2503 2057 2631 2119 per
2662 2040 3025 2103 ministros
3059 2041 3185 2104 Re-

715 2146 927 2225 ginae
974 2146 1240 2208 Mariae
1278 2145 1605 2227 tra00tari3
1661 2144 1846 2207 unde
1876 2145 2149 2223 Legato
2189 2145 2603 2226 Apostolico
2633 2145 2949 2226 Peghino
2988 2147 3033 2219 ²,
3070 2149 3188 2227 qui

719 2262 965 2333 postea
999 2252 1395 2315 Cardinalis
1422 2251 1653 2313 factus
1683 2260 1821 2329 est,
1858 2251 2090 2314 visum
2118 2261 2224 2315 est
2253 2253 2427 2316 nihil
2455 2270 2612 2316 esse
2642 2270 2726 2316 eo
2771 2254 2856 2317 de
2897 2256 3188 2332 negotio

720 2361 1140 2424 tentandum
1198 2359 1568 2438 Augustae
1628 2375 1791 2422 cum
1844 2359 2305 2439 Imperatore,
2358 2359 2581 2422 donec
2633 2378 2842 2441 quem
2899 2363 3188 2425 haberet

722 2484 1134 2529 successum
1184 2467 1514 2529 tractatio
1567 2466 1685 2528 illa
1723 2483 1851 2546 per
1891 2466 2252 2529 ministros
2295 2465 2609 2545 Reginae
2654 2468 3182 2547 intelligeretur.

726 2573 813 2637 Et
844 2591 1004 2636 cum
1048 2573 1478 2654 Episcopum
1518 2571 2062 2635 Atrebatensem
2099 2572 2685 2653 Granvellanum,
2731 2575 2849 2655 qui
2888 2576 3068 2655 patri
3105 2566 3186 2638 'in

722 2680 947 2746 officio
980 2680 1360 2745 Secretarii
1389 2680 1576 2761 apud
1604 2679 1940 2766 Carolum
1961 2679 2030 2743 V
2054 2690 2529 2758 successerat,
2562 2698 2812 2763 parum
2852 2680 3186 2747 Societati

719 2790 1141 2852 benevolum
1177 2787 1494 2850 futurum
1544 2788 2049 2867 suspicaretur,
2095 2786 2181 2849 ad
2224 2786 2423 2866 cujus
2464 2806 2713 2852 manus
2764 2791 3183 2870 supplicatio

717 2906 1021 2959 ventura
1051 2905 1233 2975 erat,
1277 2913 1360 2958 eo
1400 2891 1629 2974 magis
1668 2894 1806 2956 alia
1850 2894 1968 2956 via
2007 2910 2158 2957 rem
2196 2910 2353 2956 esse
2395 2896 2840 2958 tractandam
2884 2898 3176 2960 censuit.

719 3002 874 3066 Non
927 3003 1248 3066 omittam
1299 3001 1485 3082 quod
1526 3001 1599 3064 P.
1643 3000 1980 3064 Claudius
2019 3001 2411 3080 admonuit,
2457 3003 2517 3064 si
2544 3004 2672 3082 qui
2713 3022 2802 3066 ex
2831 3002 3181 3068 Societate

717 3110 1133 3173 doctoratus
1154 3109 1457 3188 gradum
1478 3117 1713 3171 essent
1734 3107 2117 3187 accepturi,
2146 3115 2219 3169 ut
2244 3107 2675 3188 theologiam
2698 3110 2770 3172 in
2794 3111 3181 3174 Germania

715 3217 1232 3297 profiterentur,
1267 3215 1609 3295 majorem
1636 3213 2136 3280 auctoritatem
2164 3231 2320 3276 esse
2349 3215 2736 3297 habiturOS,
2765 3217 2822 3279 si
2847 3217 3174 3297 inaliqua

712 3324 1193 3388 Universitate
1223 3340 1436 3402 quam
1463 3322 1522 3383 si
1553 3321 1800 3399 vigore
1829 3319 2183 3399 privilegii
2217 3320 2609 3401 Apostolici
2640 3324 2973 3402 privatim
3004 3342 3159 3404 pro-

715 3438 1171 3493 moverentur
1202 3427 1245 3491 ³.

837 3537 969 3599 150.
1063 3539 1140 3600 In
1170 3544 1438 3599 aestate
1470 3533 1675 3614 hujus
1706 3535 1929 3613 ipsius
1959 3537 2126 3599 anni
2165 3554 2326 3599 cum
2351 3536 2687 3617 Aloysius
2716 3538 3170 3616 LipomanuS,

711 3641 1155 3706 Veronensis
1178 3644 1588 3724 Episcopus,
1624 3661 1667 3704 a
1688 3640 1980 3705 Summo
2003 3642 2341 3707 Pontifice
2365 3644 2580 3707 etiam
2604 3645 3070 3723 impetrasset,
3098 3652 3172 3706 ut

713 3750 788 3813 P.
824 3750 1232 3830 Alphonsus
1261 3748 1662 3828 Salmeron,
1695 3748 1982 3812 Verona
2014 3750 2360 3814 abductus
2400 3751 2746 3832 superiori
2785 3767 3003 3826 ann0,
3039 3751 3170 3814 sibi

709 3857 1221 3935 restitueretur,
1256 3855 1329 3918 P.
1364 3856 1639 3934 Ignatio
1667 3873 1809 3918 non
1839 3865 2304 3936 repugnante,
2340 3857 2552 3920 immo
2585 3858 2721 3920 hoc
2752 3857 2979 3937 ipsum
3013 3876 3170 3932 sug·

788 4101 806 4132 ¹
863 4098 1133 4151 Polancus,
1152 4107 1218 4140 ex
1239 4096 1630 4148 commissione,
1651 4094 1868 4140 Claudio
1888 4095 2003 4148 Jaio
2019 4129 2030 4150 ,
2053 4097 2114 4140 de
2137 4097 2366 4152 Collegio
2399 4097 2678 4143 societatis
2709 4100 2978 4154 Augustae
3003 4102 3172 4154 potius

709 4183 862 4226 quam
883 4170 1121 4223 Dilingae
1156 4168 1416 4221 erigendo,
1451 4168 1503 4210 16
1541 4168 1782 4221 Angusta
1818 4166 2002 4220 eidem,
2038 4169 2098 4211 de
2131 4168 2393 4214 cardinali
2429 4172 2753 4226 Augustano,
2775 4179 2827 4215 et
2860 4172 2920 4215 de
2943 4171 3173 4226 Colle-gio

708 4243 979 4296 Augustae
999 4238 1256 4293 erigend0,
1283 4238 1332 4280 16
1352 4238 1696 4292 Septembris3
1728 4239 1895 4282 eidem
1914 4238 1976 4281 de
2001 4237 2245 4293 Collegiis
2266 4239 2515 4293 Viennae,
2553 4242 2785 4286 Treviris
2817 4248 2870 4286 et
2901 4243 3170 4296 Augustae

707 4312 980 4367 erigendis,
999 4317 1051 4354 et
1071 4320 1247 4353 eorum
1276 4307 1541 4362 reditibus,
1565 4320 1736 4353 mense
1759 4309 1995 4362 Octobri;
2018 4311 2079 4353 de
2103 4310 2332 4366 Collegio
2355 4312 2630 4357 Viennensi
2652 4347 2663 4365 ,
2685 4315 2765 4358 cui
2784 4315 3039 4368 applicari
3061 4326 3173 4368 pos·

706 4392 785 4428 set
806 4382 1067 4427 Pontificls
1088 4386 1139 4425 et
1160 4380 1317 4434 Regis
1339 4382 1651 4428 auctoritate
1685 4383 2054 4426 monasterium
2082 4394 2240 4437 prope
2278 4382 2532 4429 Viennam
2567 4386 2831 4429 monachis
2860 4386 3166 4429 destitutum

709 4455 918 4509 ejusque
940 4453 1101 4506 aliqui
1126 4451 1339 4504 reditus,
1359 4452 1387 4493 6
1407 4450 1725 4495 Decembris.

785 4526 810 4557 Ξ
866 4524 950 4568 Sic
971 4534 1064 4578 pro
1088 4522 1321 4576 pignum,
1345 4521 1673 4570 Sebastiano.

708 4599 715 4606 '
786 4598 809 4629 ³
863 4597 1142 4643 Polancus.
1176 4605 1240 4637 ex
1274 4595 1663 4647 commissione,
1704 4595 1920 4641 claudio
1942 4599 2073 4651 Jaio,
2096 4599 2158 4642 de
2179 4600 2506 4653 procuranda
2528 4611 2619 4652 per
2640 4600 2967 4643 Cardinalcm
3000 4601 3172 4651 Augu·

705 4676 910 4713 starium
930 4667 1262 4721 Imperatoris
1282 4668 1434 4711 venia
1454 4673 1509 4710 ut
1529 4668 1659 4721 erigi
1679 4667 1900 4714 Lovnnii
1918 4669 2190 4714 Societatis
2214 4670 2490 4724 Collegium
2524 4672 2666 4725 eique
2696 4672 2888 4716 reditus
2920 4671 3172 4725 applicari

707 4743 919 4796 possint,
950 4742 1001 4784 ¹6
1023 4739 1340 4793 Septembris
1360 4744 1411 4782 et
1433 4740 1461 4781 6
1482 4739 1795 4785 Decembris.
