3679 5414
648 348 761 407 728
1572 349 1825 410 Cimon.
1868 349 2023 410 Soc.
2064 351 2204 424 JES.

638 495 981 572 dicenteS,
1010 495 1079 556 in
1114 511 1254 573 qua
1287 494 1636 557 viverent.
1671 494 1850 559 Cum
1881 504 2117 558 autem
2147 496 2262 559 ille
2289 494 2564 558 videret
2593 505 2932 576 quantum
2953 496 3113 561 fidei

648 601 993 664 haberent
1032 600 1326 679 nostriS,
1373 601 1653 665 dicebat
1691 620 1768 666 se
1810 603 2424 682 consanguineum
2467 621 2713 666 eorum
2755 621 2942 684 esse,
2999 605 3115 686 qui

641 726 814 770 vera
845 708 1127 788 quidem
1162 707 1512 787 dicebant,
1539 710 1666 771 sed
1695 727 1772 772 se
1800 709 1937 772 hoc
1966 709 2125 790 plus
2154 710 2291 773 illis
2314 710 2576 774 habere
2599 711 2809 791 quod,
2842 729 3003 775 cum
3025 730 3116 775 ex

639 814 789 878 vita
817 815 1265 893 recessisset,
1310 815 1542 878 denuo
1584 817 1978 895 revixerat,
2023 816 2204 880 sicut
2243 817 2340 879 illi
2379 815 3116 883 Patresresurrectio·

583 933 589 939 ·
641 939 802 984 nem
824 921 1355 1001 praedicabant,
1384 930 1454 983 et
1471 921 1629 985 ideo
1653 922 1788 986 sibi
1810 922 2239 986 credendum
2257 941 2412 986 esse
2434 923 2852 1004 affirmabat;
2870 935 2939 989 et
2954 944 3116 990 cum

640 1028 995 1109 simplices
1017 1028 1340 1092 homines
1371 1029 1506 1092 hoc
1531 1030 2021 1109 credidissent,
2066 1046 2236 1093 suas
2275 1032 2488 1094 etiam
2523 1031 2736 1108 filiaS,
2785 1050 2961 1113 quas
3002 1034 3118 1098 ille

641 1136 944 1216 petebat,
973 1137 1037 1198 ei
1060 1154 1205 1200 non
1226 1138 1611 1217 negabant.
1638 1137 1861 1200 Paulo
1885 1146 2048 1218 post
2071 1137 2286 1217 aliqui
2308 1156 2399 1200 ex
2421 1139 2683 1202 nostris
2704 1157 2831 1219 per
2851 1157 3115 1221 pagum

643 1243 836 1306 illum
860 1243 1089 1306 denuo
1113 1261 1274 1307 cum
1299 1244 1685 1307 transirent
1709 1253 1779 1307 et
1802 1244 1983 1307 haec
2007 1261 2164 1307 esse
2189 1245 2561 1308 mendacia
2577 1255 2647 1309 et
2668 1246 3133 1327 deceptiones.

642 1350 731 1413 ab
772 1350 877 1412 eis
919 1350 1351 1431 didicissent,
1391 1351 1496 1415 sic
1526 1360 1951 1414 exarserunt
1984 1351 2471 1431 indignatione
2503 1354 2990 1417 catechumeni
3019 1355 3129 1418 illi

641 1465 718 1519 ut
746 1458 1083 1520 miserum
1113 1474 1199 1521 ac
1228 1458 1800 1538 superstitiosum
1831 1458 2285 1538 deceptorem
2316 1459 2556 1522 statim
2586 1460 3011 1524 occiderent.

761 1563 901 1627 668.
989 1564 1166 1627 Cum
1196 1565 1268 1626 in
1302 1565 1722 1644 quibusdam
1756 1566 1936 1628 locis
1977 1566 2197 1628 tussis
2227 1567 2611 1656 vehemens
2648 1576 2718 1630 et
2747 1547 3140 1632 universass

640 1671 727 1733 lis
756 1672 1014 1734 multos
1043 1647 1362 1750 vexaret,
1404 1690 1492 1735 ex
1520 1689 1660 1752 qua
1690 1673 1910 1736 etiam
1939 1689 2085 1735 non
2114 1673 2324 1752 pauci
2365 1673 2868 1753 moriebantur,
2904 1675 3110 1738 adve-

641 1778 995 1841 nientibus
1041 1796 1126 1841 eo
1171 1779 1435 1842 nostris
1474 1780 1684 1843 simul
1733 1797 1896 1842 cum
1945 1780 2183 1860 pueris
2233 1780 2304 1842 in
2355 1781 2743 1843 christiana
2794 1781 3118 1845 doctrina

643 1884 1010 1963 institutiS‚
1038 1886 1280 1949 statim
1308 1886 1369 1949 is
1410 1887 1697 1949 morbus
1737 1887 2087 1966 cessavit,
2120 1887 2309 1966 quod
2347 1889 2645 1951 multum
2687 1887 2987 1968 profecit
3024 1890 3118 1952 ad

643 2008 959 2055 errorem
1002 1992 1195 2056 illum
1237 1993 1801 2056 convincendum
1850 1993 1968 2074 qui
2013 1995 2272 2057 multos
2320 2012 2364 2056 a
2414 1994 2677 2057 nostris
2720 1995 3113 2073 avertebat,

642 2099 831 2179 quod
862 2108 1167 2162 mortem
1196 2100 1287 2162 ad
1316 2099 1509 2180 ipsos
1547 2100 1900 2163 adducere
1931 2100 2278 2163 timerent.
2315 2100 2810 2180 Compluribus
2840 2101 2913 2164 in
2940 2102 3117 2166 locis

650 2207 898 2269 variae
943 2224 1195 2270 cruces
1236 2206 1511 2287 positae
1547 2206 1863 2286 suerunt,
1918 2223 2098 2288 quas
2136 2223 2399 2286 magna
2451 2224 2611 2269 cum
2658 2208 3136 2270 veneratione

643 2314 1108 2377 brasilienses
1138 2313 1463 2376 adorant.
2853 2397 2857 2402 ἢ

768 2419 911 2481 669.
997 2420 1133 2483 Per
1165 2419 1592 2483 sententiam
1620 2419 1760 2482 duo
1783 2420 2085 2499 gentiles
2109 2420 2200 2483 ad
2223 2429 2521 2483 mortem
2544 2420 2885 2498 damnati,
2918 2438 3131 2484 cura·-

644 2536 795 2590 tum
823 2535 929 2589 est
968 2536 1043 2590 ut
1090 2525 1182 2589 ad
1222 2525 1487 2590 Christi
1525 2525 1734 2589 fidem
1774 2526 2316 2606 adducerentur,
2366 2536 2434 2590 et
2472 2527 2571 2590 ita
2620 2527 2869 2591 eadem
2913 2528 3113 2606 hora,

644 2650 786 2714 qua
835 2633 1280 2696 moriendum
1332 2634 1436 2695 eis
1475 2642 1661 2712 erat,
1709 2633 2049 2714 baptizati
2078 2632 2384 2715 suerunt,
2428 2642 2497 2696 et
2525 2635 2708 2697 inter
2738 2643 3131 2713 tormenta,

645 2758 868 2822 usque
899 2741 990 2804 ad
1021 2750 1349 2818 mortem,
1383 2758 1667 2822 semper
1694 2758 1951 2804 nomen
1979 2740 2149 2822 Jesu
2180 2742 2250 2803 in
2281 2759 2404 2804 ore
2434 2741 2813 2805 habebant.

763 2848 904 2912 670.
994 2848 1189 2911 Idem
1235 2848 1687 2912 Gubernator
1736 2857 1985 2911 narrat
2023 2850 2210 2927 quod
2252 2865 2413 2912 cum
2460 2850 2683 2911 nostri
2723 2849 3011 2912 domum
3049 2851 3121 2912 in

650 2956 911 3036 oppido
951 2955 1207 3018 Portus
1249 2954 1501 3018 Securi
1538 2955 1898 3034 erigerent
1936 2964 2006 3018 et
2046 2964 2284 3018 tamen
2314 2972 2572 3034 aquam
2612 2955 2703 3018 ad
2742 2956 3133 3018 bibendum

647 3062 908 3126 bonam
936 3079 1079 3124 non
1110 3062 1483 3141 haberent,
1517 3062 1788 3142 placuit
1819 3060 1975 3125 Deo
2005 3071 2081 3125 ut
2107 3062 2353 3125 eodem
2379 3070 2694 3141 tempore
2716 3080 2884 3143 pars
2908 3080 3124 3143 quae-

648 3168 812 3231 dam
851 3169 1114 3232 montis
1155 3168 1373 3231 vicini
1416 3176 1685 3247 rueret,
1734 3177 1803 3231 et
1857 3169 1930 3231 in
1971 3168 2168 3232 hiatu
2208 3178 2440 3231 terrae
2478 3167 2638 3232 sons
2676 3169 3008 3250 limpidus
3050 3183 3123 3233 et

649 3293 875 3356 aquae
898 3274 1405 3354 frigidissimae
1429 3292 1601 3354 prae
1625 3275 1928 3338 caeteris
1952 3273 2103 3355 ejus
2124 3276 2536 3355 provinciae
2559 3276 2877 3340 detectus
2901 3287 3027 3356 est3
3052 3290 3124 3340 et

648 3383 815 3462 quia
854 3383 1137 3462 domuS,
1186 3401 1366 3463 quae
1409 3383 1842 3463 erigebatur,
1894 3383 1973 3446 B.
2015 3383 2301 3462 Virgini
2351 3383 2679 3447 dedicata
2725 3394 2913 3463 erat,
2963 3385 3137 3449 fons.

651 3490 802 3569 ipse
833 3489 909 3552 B.
947 3489 1272 3568 Virginis
1299 3498 1602 3553 vocatus
1631 3499 1739 3553 est
1764 3488 1808 3549 ¹.

732 3696 750 3727 ¹
806 3694 884 3738 De
930 3694 1185 3739 Brasiliae
1222 3696 1393 3749 rebus,
1427 3705 1558 3749 quas
1601 3695 1686 3739 hic
1716 3695 1988 3739 enarravit
2024 3695 2294 3749 Polancus,
2328 3696 2448 3739 vide
2486 3696 2837 3741 Emmanuelis
2866 3697 3139 3751 Nobregn„

650 3766 910 3810 Leonardi
929 3767 1104 3810 Nussez
1138 3774 1190 3810 et
1221 3766 1435 3818 Joannis
1464 3766 1773 3821 Azpilcneta
1794 3767 2003 3811 litteras
2039 3772 2148 3810 toto
2178 3767 2275 3810 hoc
2310 3778 2443 3817 anno
2466 3769 2572 3811 1552
2599 3769 2751 3812 datas
2771 3768 3137 3822 Pernambnci,

653 3837 703 3880 in
724 3838 939 3882 civitate
961 3837 1255 3882 salvatoris
1277 3844 1328 3882 et
1354 3838 1406 3880 in
1429 3837 1589 3882 Portu
1612 3837 1790 3882 Sancti
1812 3838 2102 3891 vincentii,
2128 3843 2235 3882 tum
2267 3839 2332 3882 ad
2354 3838 2611 3893 Ignatium
2625 3871 2636 3891 ,
2656 3845 2765 3884 tum
2785 3841 2850 3883 ad
2872 3840 3126 3884 Simonem

652 3908 1000 3965 Rodericium,
1024 3917 1131 3953 tum
1150 3908 1312 3954 etiam
1331 3910 1399 3953 ad
1429 3910 1598 3953 socios
1621 3908 2067 3954 conimbricehses
2088 3916 2139 3953 et
2162 3909 2444 3954 Doctorem
2474 3910 2757 3956 Martinam
2776 3912 2837 3955 de
2860 3912 3144 3965 Azpsscuem

653 3986 726 4025 ta.
758 3980 838 4025 Ex
872 3983 951 4025 his
986 3980 1176 4025 litteris
1211 3988 1460 4035 excerpta
1496 3981 1750 4036 quaedam
1784 3982 1948 4025 habes
1980 3981 2031 4025 in
2069 3992 2224 4035 opere
2253 3982 2364 4036 jam
2396 3984 2603 4037 saepius
2624 3984 2887 4027 nominato
2909 3982 3139 4027 Diversi

658 4053 807 4096 avisi
823 4054 1150 4107 particolari
1170 4052 1298 4095 dall·
1319 4052 1475 4096 Indie
1497 4053 1556 4096 di
1578 4051 1895 4106 Portogatlo.
