3679 5414
1589 455 1715 514 Ax.
1761 454 1901 515 1550
2594 476 2598 481 ·
2898 454 2974 511 43

497 605 732 684 qualis
752 612 969 683 esset,
1003 603 1287 666 aliunde
1312 620 1387 666 se
1411 601 1983 665 informationem
2002 618 2147 663 non
2176 601 2461 680 habere,
2487 600 2967 663 existimatum

498 722 607 775 est
646 729 788 775 non
838 728 994 774 esse
1035 711 1318 791 quidem
1369 710 1660 773 oblitum
1698 709 2241 788 Imperatorem,
2295 708 2422 771 sed
2462 726 2505 771 a
2547 708 2969 787 quibusdam

497 818 650 900 ejus
699 819 1073 898 ministriS,
1126 818 1277 897 qui,
1331 834 1493 880 cum
1548 825 1735 879 esset
1784 816 1858 878 in
1906 814 2323 895 Germania,
2386 833 2529 879 non
2588 815 2970 878 admodum

499 945 764 1007 aequos
792 943 869 989 se
896 926 1369 1007 praebuerant
1398 924 1473 987 P.
1508 922 1804 987 Nicolao
1833 922 2230 1002 Bobadilla,
2266 939 2425 985 eam
2463 922 2972 986 dubitationem

498 1035 895 1116 profectam
934 1050 1124 1113 esse;
1160 1041 1228 1096 et
1267 1041 1517 1112 sponte
1556 1049 1687 1095 sua
1727 1032 2025 1096 Pro-rex
2055 1031 2234 1093 dixit
2263 1032 2445 1094 velle
2476 1048 2551 1093 se
2590 1029 2967 1110 Imperato-

499 1160 651 1205 rem
687 1142 963 1222 plenius
1001 1141 1088 1204 de
1127 1139 1501 1204 Societatis
1539 1150 1826 1203 nostrae
1865 1140 2077 1203 rebus
2117 1138 2542 1217 informare;
2585 1137 2771 1200 unde
2810 1155 2969 1200 con—

503 1248 971 1312 firmationem
1010 1245 1390 1309 Societatis
1430 1247 1912 1310 authenticam
1953 1246 2045 1309 ad
2082 1246 2589 1326 Imperatorem
2629 1244 2851 1324 misit,
2887 1262 2973 1307 ac

501 1355 931 1436 supplicavit
958 1364 1035 1417 ut
1064 1372 1107 1416 a
1138 1354 1425 1418 Summo
1455 1352 1793 1417 Pontifice
1832 1363 1901 1416 et
1932 1352 2297 1417 Cardinali
2335 1352 2714 1431 Burgensi,
2750 1350 2977 1414 Ducis

503 1462 765 1525 Albani
794 1462 1045 1541 fratre,
1079 1471 1150 1525 et
1178 1480 1220 1524 a
1248 1461 1446 1540 Rege
1476 1461 1959 1523 Romanorum
1986 1460 2044 1523 F
2047 1460 2440 1523 erdinando
2471 1467 2541 1522 et
2573 1478 2615 1521 a
2644 1458 2970 1539 Principe

506 1569 848 1648 philippe,
882 1568 1024 1631 filio
1054 1586 1204 1647 suo,
1240 1568 1808 1631 informationem
1833 1574 2142 1647 peteret;
2177 1575 2246 1629 et
2277 1583 2490 1646 quam
2519 1566 2710 1628 utilis
2740 1564 2974 1629 Socie-

503 1687 615 1739 tas
643 1676 878 1738 futura
903 1685 1120 1753 esset,
1149 1693 1292 1738 non
1316 1676 1544 1738 solum
1565 1675 1637 1738 in
1661 1692 1885 1754 regno
1908 1673 2221 1751 Siciliae,
2250 1674 2373 1738 sed
2397 1674 2611 1737 etiam
2633 1674 2704 1736 in
2728 1672 2970 1736 Africa

502 1793 572 1846 et
603 1783 780 1846 Asia
819 1791 888 1845 et
927 1782 1183 1863 ubique
1221 1782 1542 1861 gentium
1581 1781 2042 1861 significavit;
2086 1782 2271 1843 unde
2311 1781 2502 1861 quod
2545 1781 2847 1845 daemon
2885 1779 2975 1842 ad

504 1890 1059 1966 imminuendum
1081 1889 1457 1953 Societatis
1478 1906 1941 1969 progressum
1964 1896 2390 1966 tentaverat,
2418 1888 2508 1950 ad
2522 1906 2683 1950 eum
2700 1904 2974 1968 promo·

500 1997 812 2061 vendum
852 2006 1270 2061 convertere
1294 1996 1592 2060 Pro-rex
1623 1996 1914 2059 adnisus
1943 2004 2071 2058 est.

623 2103 724 2166 89.
813 2103 1342 2168 Conversarum
1363 2103 1782 2166 coenobium
1804 2096 2122 2185 egestate
2146 2102 2618 2182 premebatur,
2647 2110 2716 2164 et
2737 2102 2830 2164 ad
2852 2120 2977 2164 eas

509 2211 985 2275 sublevandas
1015 2222 1084 2274 et
1113 2210 1601 2273 meretricibus
1630 2209 1823 2271 viam
1855 2207 1944 2271 ad
1968 2210 2269 2272 salutem
2298 2208 2775 2288 aperiendam,
2800 2210 2977 2271 haec

507 2318 689 2382 ratio
723 2318 897 2381 inita
937 2327 1066 2381 est.
1111 2318 1400 2381 Publico
1439 2317 1671 2380 edicto
1711 2316 1845 2379 hoc
1891 2332 2117 2395 genus
2155 2315 2621 2378 foeminarum
2659 2316 2975 2395 prohibe·

507 2425 715 2488 batur
767 2443 857 2489 ne
904 2425 1119 2505 pallia
1168 2425 1340 2504 (quo
1383 2441 1645 2503 genere
1695 2423 1996 2485 amictus
2036 2422 2385 2485 foeminae
2435 2422 2537 2484 uti
2578 2423 2805 2485 solent
2851 2421 2980 2484 Pa-

508 2532 775 2610 normi)
814 2539 1211 2611 gestarent,
1268 2531 1559 2609 scilicet,
1602 2539 1678 2593 ut
1716 2548 1800 2593 ea
1841 2529 2118 2592 ratione
2158 2530 2247 2592 ab
2297 2528 2613 2591 honestis
2654 2528 2980 2592 foeminis

512 2647 1074 2705 secernerentur.
1129 2638 1296 2700 Illae
1348 2649 1585 2701 autem
1622 2637 1773 2699 sine
1822 2636 2036 2717 pallio
2086 2636 2412 2698 incedere
2461 2635 2980 2715 erubescenteS,

507 2765 639 2810 nec
665 2747 740 2810 in
769 2747 1127 2827 publicum
1159 2746 1260 2808 ire
1289 2746 1641 2823 volenteS,
1674 2763 1805 2808 nec
1829 2744 2442 2807 communionibus
2463 2761 2595 2807 nec
2625 2744 2850 2807 sacris
2881 2744 2977 2807 in·

508 2863 842 2918 tererant.
900 2852 1306 2916 Accedebat
1345 2853 1560 2916 etiam
1609 2852 1801 2916 aliud
1828 2851 2407 2929 incommodum,
2450 2851 2636 2932 quod
2683 2868 2978 2931 pauper-

507 2962 737 3039 culae,
773 2960 936 3023 licet
968 2959 1329 3038 honestae,
1366 2959 1718 3038 muliereS‚
1746 2974 1908 3021 cum
1936 2976 2078 3022 non
2106 2957 2448 3020 haberent
2473 2957 2657 3020 unde
2680 2958 2813 3021 sibi
2836 2961 2977 3038 pal·

509 3068 601 3130 lia
639 3075 1168 3147 compararent,
1213 3067 1623 3130 meretrices
1663 3084 1706 3128 a
1743 3065 1985 3128 multis
2025 3064 2496 3144 habebantur;
2551 3073 2626 3127 ut
2665 3065 2982 3144 utrisque

511 3191 684 3253 ergo
716 3193 802 3237 ac
832 3174 1040 3237 simul
1079 3174 1510 3237 monasterio
1548 3190 2063 3236 conversarum
2101 3173 2610 3250 consuleretur,
2656 3180 2980 3234 curatum

510 3289 616 3344 est
651 3290 729 3343 ut
776 3281 917 3343 alio
967 3280 1201 3344 edicto
1247 3279 1529 3360 publico
1579 3280 2156 3360 promulgaretur
2195 3288 2270 3341 ut
2329 3278 2740 3341 meretrices
2791 3278 2977 3357 illae,

507 3405 690 3466 quae
722 3396 1060 3468 cuperent
1090 3386 1225 3449 sibi
1253 3404 1458 3449 usum
1487 3386 1681 3466 pallii
1727 3385 2059 3464 concedi,
2104 3402 2259 3448 sese
2299 3385 2529 3465 primo
2560 3385 2673 3448 die
2706 3385 2984 3448 sabbati

509 3493 874 3573 cujuslibet
905 3493 1167 3556 mensis
1206 3493 1297 3556 ad
1327 3495 1663 3573 templum
1695 3493 2053 3573 quoddam
2084 3491 2488 3555 conferrent
2508 3541 2522 3570 ,
2556 3492 2671 3554 ubi
2701 3493 2981 3555 concio·

508 3618 670 3663 nem
711 3601 802 3663 ad
840 3600 1384 3663 conversionem
1423 3617 1669 3663 earum
1710 3600 2142 3680 applicatam
2182 3599 2539 3678 audirent,
2583 3608 2652 3662 et
2692 3600 2979 3663 nomina

508 3725 635 3770 sua
665 3707 997 3771 adnotari
1023 3716 1386 3785 curarent,
1420 3715 1490 3769 et
1519 3706 1842 3786 singulae
1873 3706 2051 3769 duos
2079 3706 2361 3785 regales
2390 3706 2688 3785 singulis
2728 3707 2953 3769 mensi

513 3815 643 3877 bus
670 3815 742 3877 in
779 3815 1303 3894 eleemosynam
1348 3830 1859 3877 conversarum
1897 3823 2298 3892 erogarent.
2341 3811 2579 3876 Primo
2623 3829 2796 3892 ergo
2827 3814 2983 3876 sab·

508 3922 673 3984 bato
721 3921 894 3984 Maii
942 3931 1247 4000 quatuor
1295 3929 1666 3983 matronae
1716 3919 2099 3999 primariae
2148 3918 2494 3998 civitatiS,
2542 3929 2612 3982 et
2664 3937 2825 3982 cum
2874 3920 2978 3983 eis

510 4028 583 4091 P.
615 4027 927 4109 Jacobus
954 4027 1243 4109 Laynez
1283 4036 1353 4090 et
1393 4027 1875 4107 Hieronymus
1914 4025 2359 4104 Domenech,
2410 4025 2725 4089 adhibito
2764 4027 2980 4089 eccle·

509 4135 656 4198 siae
696 4135 1068 4199 sacerdote
1107 4143 1175 4197 et
1215 4134 1518 4212 notari0,
1573 4141 2082 4196 convenerunt.
2133 4131 2526 4196 Accessere
2579 4133 2831 4197 eodem
2869 4134 2982 4196 die

508 4243 961 4322 septuaginta
1003 4240 1410 4304 meretrices
1461 4249 1530 4303 et
1582 4257 1845 4319 magno
1885 4257 2048 4302 cum
2092 4240 2371 4302 silentio
2422 4248 2491 4302 et
2531 4241 2767 4303 multis
2820 4258 2983 4304 cum

509 4348 847 4429 lacrymis
908 4347 1326 4410 concionem
1375 4347 1694 4425 audiere,
1759 4355 1828 4409 et
1878 4363 2044 4408 suas
2098 4347 2586 4426 eleemosynas
2642 4347 2977 4411 obtulere.

506 4454 806 4535 Aliquae
828 4463 1067 4517 autem
1087 4471 1179 4517 ex
1200 4453 1303 4516 eis
1325 4453 1637 4533 quotidie
1666 4471 1710 4515 a
1739 4452 2173 4532 turpitudine
2199 4453 2390 4516 vitae
2423 4470 2593 4516 suae
2622 4453 2869 4517 reduci
2891 4455 2982 4517 ad

507 4562 949 4625 honestatem
985 4567 1391 4640 coeperunt.
1436 4559 1583 4623 Nec
1625 4561 1854 4623 solum
1892 4559 1983 4621 ad
2024 4576 2533 4623 conversarum
2571 4577 2810 4641 usum,
2857 4563 2979 4625 sed

502 4670 723 4732 etiam
762 4669 853 4733 ad
891 4669 1481 4748 paupercularum
1511 4685 1601 4731 ex
1631 4668 1733 4731 eis
1762 4668 2032 4744 dotem,
2066 4677 2143 4730 ut
2167 4667 2614 4732 matrimonio
2645 4669 2981 4749 conjungi
