3679 5414
672 490 781 549 240
1599 486 1854 545 Cimon.
1897 486 2048 542 Soc,
2097 485 2234 557 JEs.

804 635 938 696 167.
1024 634 1224 697 Bona
1246 632 1650 695 valetudine
1674 637 1801 711 per
1822 631 1959 694 Dei
1979 631 2288 710 gratiam
2311 632 2383 693 in
2414 629 2726 693 aestibus
2754 627 3045 691 Africae
3073 637 3144 689 et
3183 618 3192 627 ’

677 742 1041 806 laboribus
1070 739 1349 818 magnis
1388 756 1557 802 usus
1596 747 1733 817 est;
1775 747 1847 801 et
1890 737 1982 801 ad
2024 737 2348 818 captivos
2375 736 2823 800 redimendos
2850 737 3142 800 eleemo-

677 866 933 930 synam
982 867 1024 910 a
1078 846 1451 925 militibuS,
1501 863 1664 908 cum
1712 845 2062 926 stipendia
2112 845 2250 908 illis
2297 845 2776 924 solverentur,
2829 845 3146 908 obtinere

678 956 975 1035 studuit,
1037 965 1105 1017 et
1163 965 1344 1034 quae
1393 953 1783 1034 promissae
1833 966 2067 1031 erant,
2124 971 2287 1016 cum
2343 952 2748 1015 Messanam
2804 952 3139 1030 venisset,

681 1063 1152 1144 recuperavit.
1200 1061 1463 1140 Magno
1502 1061 1652 1122 zelo
1696 1069 1799 1124 tot
1844 1060 2119 1151 animas
2160 1059 2234 1123 in
2259 1059 2524 1123 Africa
2567 1058 2893 1121 daemoni
2930 1058 3142 1121 inser·

681 1171 832 1234 vire
861 1170 1178 1247 dolebat;
1212 1177 1280 1231 et
1309 1185 1455 1231 non
1485 1166 1790 1246 difficile,
1834 1167 1896 1230 si
1934 1185 2076 1247 pax
2116 1167 2296 1230 inter
2339 1167 2694 1248 prinoipes
2721 1166 3147 1229 christianos

681 1277 1137 1354 retineretur,
1185 1273 1435 1354 subjici
1474 1292 1683 1356 posse
1723 1275 2132 1354 provincias
2172 1274 2330 1337 illas
2379 1282 2449 1337 et
2498 1274 2588 1337 ad
2639 1273 2896 1338 Christi
2939 1273 3146 1337 fidem

681 1382 937 1447 adduci
975 1383 1329 1464 sperabat.
1373 1382 1551 1445 Tam
1588 1381 1751 1444 forti
1800 1382 2036 1444 animo
2080 1381 2383 1461 praediti
2424 1390 2627 1444 erant
2667 1381 2923 1443 milites
2964 1382 3147 1444 illius

681 1491 1018 1571 praesidii
1058 1499 1132 1552 ut
1172 1499 1497 1570 optarent
1535 1491 1835 1552 classem
1877 1498 2242 1552 turcarum
2280 1488 2372 1551 ad
2419 1506 2498 1552 se
2545 1488 2819 1567 venire,
2861 1506 2949 1550 ne
2989 1488 3147 1550 aliis

682 1598 1236 1660 christianorum
1283 1597 1691 1676 regionibus
1728 1604 2052 1675 noceret,
2093 1613 2257 1659 cum
2294 1595 2392 1658 illi
2442 1613 2518 1658 se
2567 1612 2779 1675 posse
2815 1595 3147 1657 resistere

683 1704 1136 1768 confiderent.
1184 1697 1465 1784 Optime
1505 1712 1740 1767 autem
1778 1721 1856 1766 se
1897 1704 2120 1782 gessit
2148 1703 2497 1767 Dominus
2534 1703 2591 1765 F
2595 1702 3023 1765 erdinandus
3061 1702 3147 1763 de

687 1813 922 1892 Vega,
987 1813 1107 1892 qui
1164 1812 1419 1875 summi
1470 1812 1669 1876 ducis
1721 1811 1949 1873 officio
2000 1811 2284 1873 functus
2332 1818 2472 1889 est,
2527 1810 2750 1872 donec
2799 1809 3149 1872 Dominus

684 1918 1017 1982 Sanctius
1045 1919 1131 1981 de
1160 1918 1384 1982 Leiva
1416 1919 1505 1981 ab
1535 1919 1969 1998 Imperatore
1999 1936 2084 1980 eo
2114 1935 2277 1980 cum
2314 1916 2543 1980 officio
2582 1918 2652 1979 in
2693 1916 3016 1979 Africam
3043 1926 3149 1979 est

686 2026 964 2090 missus

815 2132 948 2196 168.
1036 2133 1195 2196 Non
1251 2133 1619 2195 omittebat
1685 2131 2229 2196 sollicitudinem
2295 2131 2771 2210 Collegiorum
2839 2128 3144 2209 Siciliae,

687 2242 903 2305 etiam
931 2258 1092 2303 cum
1121 2241 1194 2303 in
1235 2239 1479 2303 Africa
1521 2247 1738 2318 esset;
1779 2256 1947 2302 nam
1983 2255 2164 2318 quae
2203 2239 2296 2301 ad
2336 2238 2620 2301 scholas
2658 2238 3149 2302 Messanenses

688 2348 1134 2428 pertinebant
1159 2347 1231 2409 in
1254 2347 1648 2409 studiorum
1678 2347 2165 2425 renovatione,
2193 2363 2355 2408 cum
2377 2354 2565 2408 esset
2593 2345 2955 2424 Asrodisii,
2988 2363 3148 2409 con·

687 2455 930 2518 stituit.
966 2453 1315 2534 Quamvis
1346 2463 1585 2516 autem
1607 2453 1972 2516 dicebatur
2001 2452 2343 2533 Tripolim
2365 2454 2791 2533 applicuisse
2822 2455 3146 2533 classem,

688 2561 875 2624 unde
924 2561 1129 2625 brevi
1177 2569 1552 2623 venturam
1604 2559 2042 2622 Asrodisium
2086 2560 2536 2639 credebatur,
2589 2578 2730 2623 non
2780 2569 3019 2624 tamen
3066 2579 3150 2624 eo

688 2668 1021 2747 accessit;
1064 2667 1300 2747 itaque
1338 2675 1407 2730 et
1446 2666 1905 2730 concionibus
1944 2682 2206 2745 magna
2250 2684 2412 2730 cum
2447 2666 2840 2747 frequentia
2882 2677 2953 2732 et
2996 2667 3153 2732 aliis

688 2775 825 2855 piis
868 2774 1199 2855 operibus
1237 2775 1632 2854 expeditius
1669 2780 1933 2838 vacare
1970 2774 2230 2854 potuit;
2283 2782 2352 2837 et
2401 2776 2726 2853 quamvis
2776 2776 3151 2840 multorum

684 2882 985 2946 audierit
1023 2882 1539 2960 confessioneS,
1582 2882 1819 2961 plures
1861 2891 2098 2944 tamen
2148 2882 2239 2944 ad
2282 2881 2667 2945 adventum
2703 2884 2954 2946 classis
3004 2901 3154 2947 rem

600 3016 613 3029 ·
693 2988 1134 3052 differebant.

814 3096 945 3159 169.
1037 3095 1217 3159 Cum
1247 3095 1619 3158 undecima
1649 3096 1761 3158 die
1791 3094 2218 3158 Novembris
2255 3113 2344 3157 ex
2382 3094 2630 3158 Africa
2668 3097 3149 3175 recessissent,

691 3204 1012 3267 triremes
1061 3202 1613 3266 christianorum
1662 3202 2091 3265 Panormum
2139 3212 2647 3281 pervenerunt;
2701 3203 2821 3266 ubi
2861 3204 3155 3267 libenter

687 3309 762 3374 P.
798 3310 1078 3373 Natalis
1118 3310 1387 3388 aliquot
1425 3309 1576 3372 dies
1614 3308 2073 3387 substitisset;
2115 3308 2243 3371 sed
2280 3307 2626 3372 Dominus
2663 3309 2720 3371 F
2726 3310 3155 3376 erdinandus

689 3419 776 3481 de
803 3416 1018 3496 Vega
1048 3417 1333 3480 omnino
1352 3435 1409 3479 a
1438 3434 1514 3478 se
1544 3433 1703 3479 eum
1733 3416 2065 3479 recedere
2102 3433 2357 3496 passus
2398 3423 2545 3480 non
2580 3425 2707 3480 est.
2751 3417 3151 3481 Messanam

689 3526 906 3604 igitur
937 3541 1102 3587 cum
1130 3543 1214 3587 eo
1245 3523 1648 3604 navigavit,
1682 3522 1802 3586 ubi
1829 3522 2129 3603 Collegii
2159 3541 2274 3587 res
2302 3524 2480 3587 bene
2511 3525 2933 3588 constitutas
2964 3525 3152 3588 inve—

686 3633 822 3710 nit,
880 3641 947 3694 et
1011 3648 1172 3694 cum
1230 3630 1687 3693 intellexisset
1725 3628 2137 3709 Pro-regem
2187 3630 2261 3694 P.
2315 3630 2590 3711 Ignatio
2646 3632 3016 3712 scripsisse
3068 3650 3153 3695 ac

690 3739 1134 3803 sacerdotem
1164 3738 1473 3817 aliquem
1504 3738 1574 3799 in
1604 3754 1809 3800 usum
1838 3737 2210 3818 praesidii,
2247 3736 2435 3819 quod
2462 3737 2805 3801 Asrodisii
2835 3739 3154 3802 relictum

691 3855 831 3924 est,
885 3846 1316 3927 postulasse,
1370 3844 1735 3907 admonuit
1763 3861 1909 3907 non
1937 3845 2358 3908 mittendum
2395 3846 2699 3926 aliquem
2735 3846 2994 3925 videri,
3039 3846 3158 3926 qui

691 3969 835 4015 non
872 3952 1165 4031 egregio
1207 3953 1472 4014 talento
1525 3959 1712 4013 esset
1757 3952 2156 4032 praedituS,
2210 3960 2280 4014 et
2330 3952 2592 4033 alioqui
2640 3953 2949 4017 fructum
2997 3953 3156 4016 insi÷

691 4076 905 4139 gnem
936 4059 1118 4121 inter
1146 4058 1406 4121 milites
1427 4058 1701 4138 sperari
1730 4075 1873 4121 non
1905 4058 2183 4122 debere.
2209 4058 2458 4123 Nullus
2486 4060 2722 4139 itaque
2744 4060 2816 4123 in
2837 4060 3156 4123 Africam

690 4167 950 4230 missus
980 4174 1111 4230 est.

814 4271 946 4335 170.
1037 4270 1422 4351 Postquam
1476 4270 1885 4333 Messanam
1944 4271 2180 4351 rediit,
2245 4272 2331 4335 de
2395 4272 2806 4336 fundatione
2863 4273 3159 4354 Collegii

693 4397 909 4460 agere
939 4378 1206 4459 coepit;
1237 4386 1307 4440 et
1336 4376 1617 4457 quidem
1654 4395 1798 4441 non
1827 4379 2130 4459 exiguae
2168 4379 2492 4442 utilitatis
2519 4379 2670 4443 fore
2701 4390 2848 4444 tam
2877 4378 3158 4446 Siciliae

690 4504 903 4567 quam
942 4484 1314 4549 Calabriae
1354 4483 1782 4565 hominibus,
1835 4485 1959 4564 qui
2007 4485 2356 4566 spirituali
2407 4486 2673 4550 auxilio
2726 4503 3158 4568 magnopere

693 4594 1134 4674 indigebant,
1170 4591 1230 4653 si
1257 4590 1705 4655 Universitas
1743 4590 2082 4656 Societati
2121 4594 2630 4675 applicaretur,
2679 4594 3153 4673 existimabat,

687 4711 757 4764 et
784 4701 1091 4764 fructum
1122 4697 1212 4762 ad
1242 4695 1641 4762 Saracenos
1670 4700 1885 4762 etiam
1908 4716 1984 4763 se
2006 4718 2215 4781 posse
2238 4701 2620 4765 extendere
2652 4692 3158 4799 arbitrabatur,
