3679 5414
672 473 783 532 306
1594 468 1849 530 Canon.
1891 468 2044 529 Soa
2084 471 2226 544 Jas.

677 612 898 697 beret,
927 619 1048 699 qui
1068 618 1567 681 exercitiorum
1589 616 1825 697 gratia
1849 625 1918 680 et
1941 616 2028 679 de
2050 617 2264 680 rebus
2285 616 2766 697 spiritualibus
2789 618 3148 683 tractandi

676 727 766 789 ad
797 724 873 788 P.
926 725 1386 788 Franciscum
1437 723 1846 803 veniebant,
1887 732 1966 788 ut
2015 724 2167 804 ipse
2207 724 2588 805 aliquando
2629 725 2896 788 diceret
2938 742 3142 790 suum

675 824 1158 896 eremitorium
1209 832 1280 894 in
1323 831 1596 894 curiam
1635 830 2158 911 quodammodo
2194 830 2330 910 ipsi
2370 832 2715 899 converti.
2764 832 3139 912 Magistra·

677 950 790 1002 tus
837 939 1075 1020 oppidi
1115 939 1200 1002 de
1240 932 1522 1018 Ogna'te
1560 939 2046 1002 eremitorium
2085 937 2256 1001 illud
2296 956 2457 1002 cum
2497 956 2627 1001 suo
2660 940 2985 1003 districtu
3023 939 3142 1005 So·

677 1046 915 1109 cietati
945 1047 1097 1109 sine
1127 1046 1270 1108 ulla
1294 1045 1697 1109 conditione
1721 1046 2137 1124 donaverat,
2164 1045 2285 1108 ubi
2306 1045 2455 1109 fere
2477 1056 2858 1110 sexcentos
2888 1064 3147 1110 aureos

676 1156 747 1217 in
777 1152 1096 1217 aedificio
1127 1154 1202 1217 P.
1236 1152 1665 1216 Franciscus
1688 1153 1828 1216 illis
1852 1144 2213 1217 mensibus
2234 1153 2601 1234 expendit3
2629 1161 2698 1216 et
2720 1161 2888 1216 tunc
2911 1155 3144 1217 nullus

675 1262 746 1324 in
778 1261 1169 1341 Ognatensi
1199 1261 1409 1324 domo
1439 1261 1719 1337 mansit,
1754 1277 1918 1323 cum
1954 1278 2138 1325 uxor
2168 1259 2478 1323 defuncti
2521 1259 2712 1323 Petri
2755 1260 3143 1324 Michaelez

675 1371 760 1433 de
790 1369 1029 1433 Araoz
1060 1370 1131 1460 in
1161 1386 1246 1431 ea
1275 1370 1487 1431 vellet
1514 1368 1860 1446 habitare,
1903 1368 2130 1431 donec
2171 1368 2393 1448 ipsius
2429 1376 2665 1448 patre,
2709 1368 2829 1448 qui
2868 1350 3139 1447 aberat,

675 1476 1032 1555 veniente,
1086 1493 1267 1555 quae
1325 1475 1415 1539 ad
1471 1475 1622 1555 eJus
1652 1475 2171 1538 usumfructum
2199 1476 2643 1555 pertinebant
2666 1472 3136 1555 transigeren-

675 1594 808 1647 tur.
843 1583 999 1647 Non
1031 1583 1262 1646 emisit
1290 1582 1427 1645 hoc
1458 1600 1644 1645 anno
1674 1582 2031 1663 publicam
2058 1582 2251 1645 illam
2273 1582 2785 1662 professionem
2814 1581 2888 1645 Ρ.
2922 1583 2983 1645 F
2981 1596 3141 1646 ran·

675 1692 908 1753 ciscus
928 1738 943 1769 ,
978 1709 1020 1753 a
1043 1708 1181 1770 qua
1221 1689 1772 1770 quinquennium
1801 1688 1974 1751 illud
2012 1689 2101 1752 ab
2130 1689 2565 1769 Imperatore
2600 1707 3019 1753 concessum
3048 1691 3135 1752 ad

674 1798 940 1860 reditus
970 1798 1295 1877 superius
1325 1796 1556 1860 dictos
1583 1795 2078 1877 percipiendos
2107 1795 2435 1859 inchoari
2465 1796 2786 1859 debebat.

713 1922 717 1933 ·
791 1900 931 1968 282.
1020 1904 1187 1967 Dux
1236 1904 1652 1984 Maquedae,
1706 1903 1825 1984 qui
1873 1898 2173 1966 Pro-rex
2212 1913 2366 1966 erat
2405 1903 2477 1966 id
2529 1904 2868 1984 temporis
2908 1902 3139 1983 Regni

673 2012 1062 2091 Navarrae,
1099 2029 1260 2075 cum
1299 2011 1760 2074 intellexisset
1792 2010 2193 2073 discurrere
2237 2010 2313 2073 P.
2360 2010 2824 2073 Franciscum
2860 2027 2987 2091 per
3014 2028 3135 2072 va-

669 2120 777 2181 ria
810 2117 1015 2200 hujus
1044 2118 1455 2199 provinciae
1485 2116 1764 2198 oppida,
1801 2117 2078 2181 duobus
2108 2118 2225 2179 vel
2261 2118 2487 2180 tribus
2524 2117 2803 2179 nunciis
2844 2117 2936 2180 ad
2974 2135 3136 2180 eum

669 2226 905 2289 missis
930 2243 1059 2306 per
1085 2226 1362 2288 litteras
1399 2225 1685 2304 rogavit
1729 2233 1803 2287 ut
1844 2224 1936 2287 ad
1980 2224 2350 2287 Navarrae
2393 2241 2693 2303 regnum
2737 2224 3129 2301 accederet,

671 2333 834 2396 huic
863 2332 1276 2413 provinciae
1305 2332 1758 2419 Guipuzcoae
1781 2332 2120 2411 vicinum,
2151 2339 2226 2394 ut
2252 2343 2495 2394 mutuo
2527 2331 2869 2411 adspectu
2899 2341 2967 2393 et
2997 2333 3135 2394 col·

667 2440 905 2519 loquio
934 2439 1100 2502 fruit
1130 2448 1448 2519 possent,
1483 2447 1552 2501 et
1581 2456 1658 2502 se
1687 2439 1787 2502 illi
1816 2438 2106 2501 obviam
2137 2438 2632 2501 venturum-ad
2661 2438 2969 2502 medium
3001 2439 3132 2502 iter

668 2548 783 2608 vel
832 2562 1274 2626 quocumque
1311 2544 1388 2608 P.
1435 2545 1820 2609 Francisco
1859 2546 2197 2625 placeret,
2242 2544 2601 2607 offerebat.
2650 2544 3039 2626 Rescripsit
3067 2547 3132 2608 ei

669 2652 745 2716 P.
780 2651 1207 2716 Franciscus
1235 2670 1324 2716 ne
1354 2670 1431 2717 se
1460 2651 1872 2734 Pampilona
1903 2660 2334 2732 removeret,
2371 2651 2489 2716 ubi
2527 2651 2906 2732 residebat,
2951 2663 3019 2716 et
3040 2670 3131 2717 -eo

672 2768 748 2822 se
778 2769 1152 2823 venturum
1195 2761 1482 2841 recepit;
1514 2770 1583 2824 et
1616 2762 1713 2824 ita
1753 2778 1917 2823 cum
1960 2758 2037 2823 P.
2093 2759 2440 2823 Michaele
2489 2769 2558 2823 et
2609 2759 2747 2824 alio
2791 2760 3011 2823 fratre
3058 2761 3129 2823 in

664 2866 1068 2930 Navarram
1096 2868 1455 2948 profectus
1483 2877 1612 2931 est.
1646 2868 1806 2948 Ipso
1846 2868 1919 2931 in
1959 2868 2208 2930 itinere
2240 2868 2311 2930 in
2349 2868 2780 2931 monasterio
2822 2868 3129 2948 quodam

668 2975 1077 3038 monialium
1106 2976 1518 3056 provinciae
1548 2975 1823 3038 Alavae
1855 2991 2017 3037 cum
2044 2991 2309 3054 magna
2338 2975 2616 3037 illarum
2647 2975 3128 3038 consolatione

665 3090 735 3144 et
765 3082 1252 3145 aedificatione
1282 3083 1749 3146 concionatus
1779 3090 1908 3161 est,
1944 3090 2012 3144 et
2042 3090 2189 3144 tam
2219 3082 2544 3161 expedite
2573 3081 2644 3144 in
2674 3082 2809 3144 hoc
2840 3098 3128 3145 munere

664 3189 1086 3251 versabatur
1117 3198 1455 3270 tantaque
1486 3205 1647 3252 cum
1677 3190 1916 3268 gratia
1945 3197 2022 3251 ut
2049 3205 2192 3251 non
2231 3188 2546 3251 novitius
2584 3189 2707 3251 sed
2745 3199 3130 3252 veteranus

665 3296 868 3359 miles
908 3295 1270 3359 videretur
1319 3305 1388 3359 et
1426 3296 1546 3376 qui
1588 3295 1737 3377 jam
1787 3297 2046 3358 multos
2097 3312 2323 3359 annos
2371 3295 2886 3375 praedicationi
2928 3296 3126 3359 verbi

667 3401 801 3465 Dei
832 3402 1310 3482 impendisset.

779 3508 920 3571 283.
1009 3509 1190 3572 Cum
1226 3509 1746 3589 Pampilonam,
1802 3527 1926 3571 seu
1969 3506 2524 3590 Pompejopolim
2574 3510 2839 3590 potiuS,
2881 3527 3124 3591 perve-

658 3616 899 3695 nisset,
931 3613 1251 3697 Pro·rex‘,
1285 3617 1519 3680 missis
1550 3617 1641 3679 ad
1671 3634 1832 3680 eum
1861 3617 2282 3697 quibusdam
2312 3616 2399 3680 de
2428 3616 2637 3680 domo
2661 3634 2813 3696 sua,
2841 3617 2913 3680 in
2934 3608 3122 3698 pala·

665 3722 761 3785 tio
792 3740 953 3785 eum
982 3723 1288 3803 hospitio
1319 3723 1595 3804 excepit
1635 3741 1796 3786 cum
1824 3724 2139 3787 maxima
2174 3725 2393 3787 totius
2432 3724 2681 3787 domus
2719 3740 2890 3787 suae
2931 3725 3124 3788 laeti-

658 3821 778 3893 tia.
814 3830 1291 3894 Constituerat
1320 3829 1394 3894 P.
1423 3831 1851 3894 Franciscus
1874 3840 2035 3894 octo
2061 3831 2213 3894 dies
2236 3832 2332 3895 ibi
2353 3840 2628 3895 tantum
2657 3849 2966 3911 manere,
2993 3832 3118 3895 sed

660 3931 804 3999 t‘r'es
832 3936 1313 4000 hebdomadas
1343 3939 1637 4001 haerere
1665 3937 1924 4001 ibidem
1947 3938 2186 4002 debuit
2205 3956 2220 4018 ;
2248 3957 2386 4020 quo
2409 3948 2723 4019 tempore
2746 3939 3117 4019 quinquies

659 4031 730 4105 in'
761 4043 1152 4107 cathedrali
1181 4045 1484 4108 ecclesia
1512 4054 1581 4108 et
1605 4045 1742 4108 alio
1767 4046 2199 4108 monasterio
2228 4046 2496 4109 ordinis
2519 4044 2642 4109 Sti.
2672 4045 3027 4109 Dominici
3049 4055 3121 4109 et

658 4151 728 4213 in
755 4137 1029 4214 duobus
1059 4152 1215 4214 aliis
1244 4153 1705 4216 concionatus
1735 4161 1864 4232 est,
1900 4162 1970 4216 et
1994 4161 2361 4233 tantopere
2387 4153 2749 4216 civitatem
2771 4153 2964 4216 illam
2985 4152 3121 4216 Dei

659 4258 956 4321 verbum
986 4260 1391 4337 commovit,
1424 4269 1493 4323 et
1523 4269 1719 4324 tanto
1750 4277 1912 4323 cum
1941 4260 2179 4324 fructu
2218 4278 2303 4323 eo
2336 4278 2626 4324 munere
2661 4259 2948 4324 functus
2984 4269 3113 4339 est,
3156 4275 3161 4281 ·

657 4373 732 4427 nt
781 4382 896 4427 res
948 4364 1416 4429 admiratione
1467 4376 1536 4430 et
1585 4384 1848 4447 magna
1889 4367 2024 4430 Dei
2061 4367 2267 4430 laude
2318 4368 2534 4447 digna
2574 4378 2783 4430 esset.
2829 4366 3120 4431 Summa

657 4473 962 4534 attentio
987 4472 1388 4536 auditorum
1416 4483 1592 4554 erat,
1626 4483 1694 4537 et
1717 4473 2040 4536 doctrina
2062 4474 2574 4554 praedicantiS‚
2611 4485 2685 4538 ut
2718 4476 2836 4538 alii
2866 4473 3118 4538 refere-

655 4578 847 4652 bant,
890 4581 1243 4644 excellens
1282 4591 1350 4644 et
1393 4580 1774 4645 admodum
1816 4580 2203 4660 salutifera,
2248 4591 2316 4645 et
2355 4583 2604 4645 modus
2645 4583 2795 4663 ipse
2839 4583 3120 4646 concio·

657 4685 873 4746 nandi
906 4703 989 4747 ac
1022 4685 1310 4764 spiritus
1339 4687 1663 4767 eximiuS,
1710 4688 2002 4751 libertas
2041 4697 2276 4752 autem
2312 4689 2388 4755 in
2431 4699 2777 4769 suggestu
2827 4689 3118 4770 perinde
