3679 5414
806 458 920 516 680
1732 453 1985 514 Canon.
2029 453 2182 514 Soc.
2224 456 2364 528 Jes.

935 602 1075 665 594.
1165 601 1530 664 Evocatus
1566 601 1796 664 fuerat
1833 600 2344 681 Ulyssiponam
2398 600 2474 663 P.
2521 601 2666 664 Leo
2717 600 3071 681 Enriquez
3110 620 3153 664 a
3193 602 3273 664 P.

810 708 1100 773 Simone
1128 718 1205 771 ut
1234 709 1334 771 illi
1372 708 1610 771 domui
1639 709 1798 771 loco
1829 708 2052 797 ipsius
2081 716 2464 796 praeesset.
2499 706 2748 770 Adfuit
2780 708 2895 770 ille
2940 708 3278 786 migranti

801 833 899 879 ex
947 815 1083 879 hac
1134 817 1317 893 vita;
1360 832 1525 878 nam
1573 815 1784 895 paulo
1829 824 2210 894 antequam
2260 822 2682 892 moreretur,
2738 814 2915 876 duos
2953 823 3076 878 aut
3128 825 3282 877 tres

812 922 1063 1006 Patres
1090 923 1183 986 ad
1212 941 1288 985 se
1317 923 1565 986 vocari
1596 910 1939 1001 magister
1968 921 2453 986 Gundisalvus
2482 921 2739 1000 voluit;
2784 920 3036 1001 quibus
3076 939 3279 1002 prae·

805 1030 1149 1109 sentibuS,
1194 1030 1378 1094 inter
1409 1046 1587 1110 quos
1625 1038 1782 1092 erat
1811 1028 1886 1091 Ρ.
1919 1029 2089 1108 Leo,
2125 1046 2409 1091 cereum
2438 1027 2736 1091 accendi
2766 1029 3172 1107 postulavit,
3204 1039 3279 1093 et

809 1145 978 1200 tunc
1006 1152 1269 1216 magno
1293 1153 1455 1199 cum
1478 1136 1759 1199 fervore
1784 1136 2184 1216 symbolum
2202 1135 2715 1216 Apostolorum
2744 1136 3273 1214 pronunciavit3

703 1267 710 1274 ·
811 1243 1066 1307 deinde
1097 1244 1306 1307 dixit:
1341 1245 1412 1306 in
1442 1244 1579 1307 hac
1601 1243 1736 1307 fide
1766 1244 2131 1306 institutus
2160 1260 2347 1334 sum,
2381 1243 2565 1321 vixi,
2592 1251 2662 1305 et
2690 1243 2978 1321 morior,
3012 1260 3097 1306 ac
3118 1261 3278 1323 pro·-

809 1358 1056 1430 testor,
1089 1351 1150 1414 si
1178 1351 1345 1430 quid
1376 1351 1566 1413 aliud
1598 1350 1768 1414 mihi
1798 1350 2159 1413 excideret
2188 1357 2280 1412 ex
2317 1367 2439 1412 ore
2472 1350 2543 1413 in
2582 1349 2844 1428 agonia
2882 1350 3151 1428 mortiS,
3186 1368 3278 1412 ex

811 1474 999 1520 nunc
1028 1457 1198 1520 illud
1228 1465 1565 1537 tanquam
1595 1475 1737 1520 non
1776 1456 2042 1520 dictum
2069 1456 2317 1519 haberi
2355 1458 2542 1520 volo.
2584 1455 2858 1519 Deinde
2897 1473 3280 1519 accensum

807 1580 1095 1627 cereum
1122 1581 1342 1626 manu
1379 1564 1954 1643 apprehendenS,
1987 1574 2064 1627 ut
2103 1565 2358 1638 lumen,
2393 1564 2641 1644 inquit,
2677 1564 2813 1626 hoc
2852 1564 3095 1626 oculos
3124 1582 3277 1626 cor·

816 1672 1009 1750 poris
1046 1671 1419 1748 illuminat,
1466 1672 1568 1734 sic
1611 1672 1823 1734 credo
1864 1670 2252 1734 Dominum
2289 1687 2523 1733 meum
2561 1671 2958 1733 illuminare
2999 1687 3284 1733 omnem

817 1778 1171 1841 hominem
1201 1778 1604 1863 venientem
1634 1778 1707 1841 in
1744 1779 1931 1841 hunc
1962 1778 2323 1858 mundum,
2372 1779 2538 1858 quia
2566 1778 2717 1858 ipse
2757 1786 2863 1841 est
2901 1779 3135 1840 lumen
3165 1796 3256 1840 ve

815 1900 974 1946 rum
1001 1892 1071 1947 et
1102 1893 1495 1947 aeternum.
1529 1883 1620 1947 Et
1650 1902 1811 1947 cum
1852 1886 2114 1965 alioqui
2142 1885 2488 1964 Magister
2527 1883 3013 1947 Gundisalvus
3050 1885 3290 1964 potius

817 1992 1317 2072 aequabilitate
1357 1992 1665 2071 quadam
1701 1993 1987 2055 virtutis
2037 2010 2251 2072 quam
2289 1989 2694 2054 fervoribus
2735 1991 3045 2054 eminere
3088 1991 3291 2054 visus

813 2108 1025 2174 esset,
1059 2098 1237 2161 haec
1277 2108 1512 2162 tamen
1554 2107 1753 2161 tanto
1796 2116 1960 2162 cum
1998 2099 2289 2192 fervore·
2328 2097 2630 2177 dicebat,
2657 2082 2750 2160 'ut
2788 2097 3154 2161 audientes
3195 2098 3289 2161 ad

815 2221 1153 2283 magnam
1182 2204 1635 2269 devotionem
1665 2206 2032 2268 excitaret.
2079 2204 2486 2268 Conversus
2530 2205 2783 2269 deinde
2826 2206 2916 2267 ad
2961 2204 3287 2269 sacerdo·

815 2320 943 2391 teS,
976 2313 1094 2393 qui
1127 2311 1444 2390 aderant,
1474 2312 1645 2393 jam,
1680 2313 1927 2394 inquit,
1971 2313 2376 2393 praeteritis
2409 2313 2655 2376 diebus
2695 2313 2978 2392 magnis
3021 2313 3287 2376 deside-

815 2420 942 2481 riis
971 2419 1265 2482 tenebar
1303 2421 1393 2483 ad
1432 2439 1591 2484 eam
1632 2431 1895 2484 terram
1933 2421 2330 2484 viventium
2369 2419 2814 2495 transeundi,
2858 2421 2977 2483 ubi
3004 2420 3290 2484 Christo

812 2526 983 2607 Jesu
1035 2526 1189 2589 frui·
1225 2529 1518 2608 possim.
1562 2527 1864 2592 Dicebat
1915 2528 2130 2590 etiam
2172 2528 2530 2590 assistenti
2576 2529 2710 2592 sibi
2751 2528 2992 2591 fratri:
3046 2527 3290 2590 veniat

817 2630 1170 2697 Dominus
1199 2634 1394 2698 Deus
1422 2652 1650 2711 meuS,
1685 2636 1850 2717 quia
1884 2633 2032 2714 jam
2072 2645 2347 2716 tempus
2377 2645 2507 2713 est,
2554 2656 2595 2699 o
2641 2653 2839 2698 mors
2885 2635 3285 2699 benedicta!

818 2740 1222 2822 Aliquando
1273 2745 1483 2806 etiam
1526 2745 1615 2807 ad
1661 2744 2046 2807 Dominum
2097 2761 2174 2806 se
2211 2744 2675 2807 convertebat
2708 2745 2984 2809 dicens:
3027 2742 3291 2822 adjuva

821 2866 956 2929 me,
993 2850 1315 2928 Domine,
1351 2851 1420 2912 in
1457 2850 1594 2913 hoc
1625 2851 1888 2915 difficili
1925 2851 2259 2930 transitu;
2305 2849 2434 2930 eja,
2480 2851 2808 2931 Domine,
2845 2850 3056 2914 Pater
3088 2868 3290 2914 meus

811 2972 896 3019 es
927 2966 1023 3035 tu,
1058 2965 1132 3018 tu
1164 2958 1426 3019 creasti
1455 2974 1598 3035 me;
1627 2968 1695 3020 et
1725 2958 1828 3020 sic
1861 2958 1998 3020 alia
2039 2957 2462 3037 hujusmodi.
2496 2958 2584 3021 Et
2625 2959 2955 3038 quamvis
2984 2958 3292 3022 acerbis-

813 3062 1016 3125 simis
1059 3062 1419 3125 doloribus
1448 3073 1919 3144 torqueretur,
1961 3082 2093 3127 nec
2137 3065 2328 3128 aliud
2371 3064 2824 3144 refrigerium
2866 3082 3292 3145 corporeum

820 3168 1112 3231 haberet
1164 3186 1376 3249 quam
1426 3187 1589 3232 cum
1627 3156 1716 3233 ab
1755 3188 1898 3233 uno
1939 3172 2160 3234 latere
2203 3172 2275 3233 in
2320 3171 2512 3253 aliud
2565 3172 3000 3251 vertebatur,
3052 3184 3297 3235 tamen

819 3276 1081 3339 bonam
1109 3286 1385 3356 partem
1414 3279 1754 3356 temporis
1784 3278 1889 3340 sic
1918 3277 2282 3357 quiescere
2307 3278 2708 3356 videbatur,
2748 3288 2821 3341 ut
2850 3280 2924 3343 in
2946 3279 3295 3343 altissima

815 3384 1141 3446 oratione
1165 3383 1495 3453 absortus
1511 3383 1892 3447 videretur.
1915 3384 2242 3463 Demum‚
2266 3396 2584 3448 extrema
2612 3388 2947 3449 unctione
2970 3397 3292 3467 accepta,

824 3489 1143 3553 ultimam
1174 3492 1424 3553 horam
1453 3490 1586 3553 sibi
1627 3490 1875 3554 adesse
1906 3490 2106 3567 dixit,
2143 3501 2214 3555 et
2243 3492 2615 3555 candelam
2656 3510 3037 3556 accensam
3076 3510 3296 3557 manu

825 3596 1060 3660 denuo
1093 3598 1654 3678 apprehendens,
1689 3617 1774 3662 ac
1811 3599 2223 3662 valedicens
2265 3598 2594 3663 Patribus
2634 3599 2907 3664 Simoni
2946 3619 3030 3663 ac
3069 3601 3297 3664 Leoni

818 3713 895 3766 et
930 3705 1108 3783 aliiS,
1163 3721 1325 3768 cum
1363 3721 1625 3783 magna
1669 3705 2042 3769 charitatis
2097 3715 2166 3769 et
2211 3707 2721 3770 consolationis
2772 3708 3297 3788 significatione

825 3812 1153 3890 spiritum
1181 3811 1486 3874 Domino
1522 3811 1847 3876 reddidit.

873 4002 878 4005 .
937 3918 1080 3980 595.
1165 3918 1617 3982 Evocaverat
1662 3919 1816 3985 Rex
1867 3920 2336 3986 Almeirinum
2388 3921 2463 3985 P.
2509 3914 2901 4000 Simonem,
2951 3923 3071 4002 qui
3111 3923 3294 3986 duos

817 4024 966 4104 J'am
995 4041 1283 4087 menses
1305 4026 1796 4090 Conimbricae
1828 4038 2200 4108 exegerat,
2234 4044 2368 4091 nec
2398 4046 2691 4092 causam
2722 4029 2929 4092 facile
2967 4027 3301 4108 conjicie-

824 4132 947 4194 bat
976 4133 1126 4212 ipse
1156 4131 1233 4194 P.
1266 4131 1532 4211 Simon;
1566 4134 1693 4197 sed
1721 4152 1805 4196 ea
1827 4135 1957 4198 fuit
1988 4134 2176 4216 quod
2207 4135 2532 4215 impediri
2555 4135 2794 4215 potius
2820 4152 3033 4215 quam
3054 4133 3302 4213 juvari

818 4239 1415 4317 gubernationem
1437 4240 1513 4302 P.
1541 4241 1837 4305 Mironis
1860 4241 2008 4322 ejus
2025 4243 2431 4323 praesentia
2455 4241 2610 4304 Rex
2634 4242 3097 4305 intellexerat.
3119 4242 3307 4309 Cum

827 4356 1066 4410 autem
1128 4345 1511 4411 Dominam
1565 4346 1915 4413 Infantam
1979 4350 2368 4432 Joannam‚
2422 4348 2879 4429 Imperatoris
2934 4349 3150 4412 filiam
3206 4368 3302 4412 ac

823 4450 1136 4535 Principi
1164 4453 1642 4534 portugalliae
1672 4455 2203 4535 desponsatam,
2247 4465 2789 4536 exspectaturus
2830 4466 3043 4534 esset,
3094 4456 3304 4536 Ulys-

820 4561 1145 4641 siponem
1183 4579 1260 4624 se
1298 4561 1454 4624 Rex
1496 4563 1811 4641 contulit,
1855 4563 1972 4626 ubi
2003 4580 2165 4626 cum
2205 4564 2484 4643 magnis
2526 4561 2986 4643 apparatibus
3026 4580 3111 4625 ea
3142 4573 3307 4635 erat

825 4668 1281 4747 excipienda,
1329 4686 1414 4732 eo
1455 4686 1531 4731 se
1571 4670 2022 4733 contulerunt
2066 4680 2134 4733 et
2173 4672 2433 4754 nostri,
2479 4671 2598 4750 qui
2642 4669 2917 4733 curiam
2952 4671 3150 4748 sequi
3192 4688 3310 4734 so-
