3679 5414
1619 425 1745 484 Ax.
1791 422 1933 483 1552
2372 444 2379 449 ·
2890 421 2997 481 647

535 601 548 608 ·
646 571 789 633 519.
879 571 1146 634 Eodem
1177 588 1364 634 anno
1393 569 1472 633 P.
1505 570 1815 652 Jacobus
1844 569 1929 633 de
1959 570 2283 633 Guzman
2303 617 2317 646 ,
2352 581 2732 648 antequam
2764 585 2854 630 ex
2876 567 2995 630 Hi·

528 680 780 761 spania
811 679 1201 757 recederet,
1246 696 1408 741 cum
1446 695 1708 757 magno
1748 675 2098 740 desiderio
2142 676 2216 738 in
2253 673 2680 739 Societatem
2717 674 2995 737 admitti

531 795 854 866 cuperet,
919 786 1125 865 idque
1182 786 1434 848 litteris
1486 794 1806 864 urgeret,
1862 800 2294 864 propensum
2343 800 2419 845 se
2467 798 2629 844 cum
2680 780 2993 844 Doctore

526 895 788 957 Loarte
818 894 891 955 in
921 893 1197 956 Italiam
1229 892 1643 970 ostendenS,
1678 891 2101 954 sententiam
2130 888 2207 952 P.
2243 888 2500 968 Ignatii
2528 888 2710 951 scire
2741 889 2990 966 voluit,

527 1018 735 1081 quem
767 1000 854 1063 de
884 1017 1013 1062 suo
1042 999 1500 1080 patrimoniO,
1536 999 1753 1077 libris,
1782 1006 1943 1075 etc.,
1970 1006 2047 1060 ut
2072 997 2341 1076 omnia,
2367 1005 2577 1075 prout
2601 995 2735 1076 ipsi
2758 995 2991 1057 visum

527 1116 736 1186 esset,
772 1107 1197 1187 disponeret,
1235 1107 1505 1169 orabat.
1540 1106 2010 1169 Tantumdem
2040 1103 2167 1167 Dr.
2201 1104 2485 1181 Loarte,
2520 1103 2638 1183 qui
2668 1103 2741 1165 in
2773 1102 2990 1165 omni·

525 1216 657 1278 bus
688 1215 786 1277 illi
838 1215 1077 1277 socius
1116 1224 1303 1294 erat,
1350 1224 1417 1277 et
1459 1214 1532 1276 in
1571 1213 1929 1291 theologia
1971 1213 2184 1275 etiam
2224 1212 2566 1292 Magister
2611 1210 2875 1288 fuerat,
2922 1219 2992 1273 et

526 1338 681 1384 eam
705 1322 778 1385 in
802 1320 1119 1400 Collegio
1145 1321 1418 1384 Baezae
1441 1322 1909 1401 praelegerat.
1938 1319 2076 1384 Sed
2099 1336 2242 1382 non
2264 1319 2498 1382 visum
2527 1318 2656 1380 fuit
2678 1315 2753 1380 P.
2788 1318 2989 1397 Igna·

523 1428 623 1492 tio
653 1428 1181 1509 properandum
1213 1446 1370 1492 esse
1400 1429 1492 1492 ad
1520 1429 1705 1492 bona
1734 1425 2230 1507 relinquenda,
2255 1425 2480 1489 donec
2505 1425 2736 1504 magis
2760 1434 2829 1488 et
2853 1426 2989 1506 ipsi

525 1534 865 1598 Societati
895 1537 1167 1615 cogniti
1197 1545 1434 1599 essent
1463 1545 1532 1598 et
1562 1535 1737 1615 ipsis
1765 1533 2106 1598 Societas.
2139 1534 2301 1616 Jam
2330 1541 2498 1596 tunc
2535 1532 2987 1596 nihilominus

520 1651 812 1722 uterque
836 1643 907 1705 in
928 1644 1540 1724 praedicationum
1562 1651 1630 1706 et
1655 1642 2179 1705 confessionum
2201 1641 2616 1718 ministeriO,
2645 1650 2713 1702 et
2737 1656 2986 1718 puero·

517 1767 676 1812 rum
704 1750 1140 1814 institutione
1167 1752 1238 1813 in
1268 1749 1592 1814 doctrina
1622 1748 2034 1827 christiana,
2067 1766 2145 1811 se
2176 1748 2634 1825 exercebant,
2679 1756 2745 1809 et
2787 1764 2985 1826 prae·

517 1858 722 1936 cipue
752 1856 826 1920 P.
861 1858 1111 1940 Jacobi
1142 1858 1229 1920 de
1258 1857 1583 1920 Guzman
1613 1855 1907 1920 affectus
1938 1864 2006 1918 et
2037 1856 2255 1918 animi
2291 1854 2672 1935 propensio
2704 1863 2852 1916 tota
2895 1853 2987 1916 ad

519 1964 707 2028 hanc
757 1982 1138 2045 puerorum
1188 1965 1696 2028 institutionem
1733 1964 2112 2027 ferebatur.
2157 1962 2379 2026 Auxit
2421 1970 2655 2025 autem
2695 1977 2983 2040 magno-

515 2088 682 2150 pere
722 2073 1090 2152 utriusque
1130 2088 1306 2151 erga
1349 2070 1776 2135 Societatem
1815 2071 2127 2134 studium
2167 2069 2388 2150 quod,
2431 2087 2593 2132 cum
2634 2086 2983 2132 commen·

513 2177 802 2242 dassent
830 2178 1177 2242 familiam
1206 2180 1585 2260 quamdam
1616 2197 1704 2242 ex
1733 2179 1966 2242 Baeza
1997 2177 2298 2240 Romam
2338 2177 2740 2239 venientem
2762 2225 2776 2254 ,
2824 2193 2983 2238 eam

514 2285 588 2348 P.
623 2285 943 2366 Ignatius
973 2288 1045 2350 in
1076 2288 1385 2367 gratiam
1417 2286 2062 2350 commendantium
2092 2284 2370 2348 foverat
2400 2293 2470 2346 et
2510 2301 2640 2347 sua
2672 2283 2981 2347 auctori-

514 2403 659 2457 tate
689 2403 759 2456 et
791 2395 1056 2458 auxilio
1087 2403 1547 2475 promoverat
1583 2394 1625 2453 ¹.

628 2501 770 2565 520.
857 2501 937 2565 In
980 2503 1268 2570 civitate
1316 2502 1548 2565 Xerez
1585 2501 1855 2581 jamdiu
1896 2509 2491 2580 exspectaverant
2544 2498 2620 2562 P.
2670 2499 2980 2563 Christo·

510 2610 778 2687 phorus
807 2611 895 2673 de
924 2610 1269 2673 Mendoza
1300 2628 1462 2673 cum
1500 2610 1844 2690 magistro
1884 2609 2207 2689 Gaspare
2245 2608 2482 2687 Lopez
2525 2606 2818 2686 Collegii
2856 2608 2977 2670 ibi·

511 2717 670 2780 dem
702 2719 1082 2782 inchoandi
1122 2719 1419 2782 initium.
1467 2719 1828 2781 Transivit
1873 2717 2155 2781 interim
2196 2715 2272 2778 P.
2315 2715 2631 2797 Joannes
2667 2715 2979 2780 Alvarez

511 2841 672 2888 cum
702 2828 900 2889 socio
929 2844 1056 2907 per
1085 2827 1330 2890 urbem
1358 2827 1549 2890 illam
1580 2837 1680 2903 et,
1715 2841 2032 2888 mensem
2068 2841 2285 2887 unum
2329 2823 2587 2887 ibidem
2616 2823 2978 2887 haerendo

507 2933 697 3012 apud
725 2933 901 2997 duos
940 2932 1086 3013 jam
1128 2934 1385 3013 dictOS,
1434 2933 1848 2997 concionari
1889 2933 2123 3012 coepit
2171 2940 2371 2994 tanto
2411 2949 2571 2994 cum
2611 2931 2863 3011 spiritu
2900 2939 2979 2995 ut

504 3049 728 3103 totam
784 3058 943 3103 eam
1000 3041 1361 3104 civitatem
1411 3050 1922 3119 commoveret,
1984 3056 2165 3119 quae
2223 3048 2510 3102 nostros
2558 3038 2651 3101 ad
2700 3038 2977 3103 initium

505 3147 802 3227 Collegii
831 3165 1264 3229 magnopere
1294 3149 1691 3229 expetebat.
1735 3148 2166 3211 Absolverat
2201 3145 2349 3226 jam
2391 3146 2790 3225 theologiae
2821 3163 2974 3209 cur·

502 3271 660 3317 sum
689 3253 765 3318 P.
801 3254 1086 3335 Gaspar
1115 3264 1185 3318 et
1214 3255 1502 3318 domum
1532 3254 2002 3330 conduxerat,
2039 3255 2130 3317 ad
2159 3255 2426 3334 primos
2458 3253 2754 3333 Collegii
2781 3252 2971 3315 insti·

503 3369 772 3424 tutores
801 3362 1285 3443 excipiendos;
1321 3371 1420 3442 et,
1455 3380 1618 3425 cum
1649 3361 2109 3424 intellexisset
2138 3361 2480 3440 scriptum
2502 3377 2658 3422 esse
2688 3377 2730 3421 a
2760 3359 2973 3422 Patre

500 3466 777 3546 Ignatio
816 3478 891 3531 ut
921 3487 1005 3532 eo
1041 3487 1118 3532 se
1163 3469 1516 3532 conferret
1552 3469 1628 3532 P.
1675 3469 2104 3532 Franciscus
2147 3466 2404 3531 Strada
2449 3467 2971 3547 quamprimum

502 3575 758 3654 Burgis
810 3594 886 3639 se
922 3585 1161 3657 posset
1203 3575 1571 3657 expedire,
1621 3593 1897 3639 summa
1954 3575 2436 3638 consolatione
2486 3572 2788 3637 affectus
2835 3582 2966 3654 est3

500 3683 884 3762 languebat
933 3683 1121 3746 enim
1171 3682 1692 3763 quodammodo
1742 3699 1986 3745 amore
2034 3680 2440 3759 SocietatiS,
2495 3691 2564 3744 et
2613 3682 2673 3744 si
2723 3683 2842 3745 illa
2893 3682 2967 3745 in

501 3886 722 3935 butarii:
740 3885 876 3929 idem
896 3885 1040 3930 Patri
1061 3887 1290 3931 Antonio
1320 3887 1382 3930 de
1412 3887 1585 3931 Araoz
1615 3888 1677 3930 de
1711 3888 1935 3940 dnobus,
1966 3899 2093 3942 quos
2122 3886 2401 3942 Segoviam
2429 3887 2564 3932 mitti
2583 3886 2880 3931 Ludovicus
2898 3886 2962 3931 de

497 3958 742 4002 Mendoza
761 3961 1008 4012 postulat,
1027 3960 1046 4001 1
1071 3957 1404 4013 Septembris.
1428 3959 1623 4002 Eadem
1643 3959 1722 4002 die
1744 3959 1979 4013 Ignatius
1996 3958 2262 4003 Ludovico
2282 3960 2343 4003 de
2364 3959 2623 4014 Mendoza,
2646 3960 2708 4002 de
2730 3958 2960 4014 collegio

501 4028 819 4084 Segoviensi,
844 4035 896 4072 et
916 4029 1170 4073 Polancus
1190 4031 1252 4073 de
1275 4029 1505 4085 Collegio
1527 4031 1780 4085 rebusque
1802 4031 2044 4074 romanis.
2066 4031 2342 4084 PolancuS,
2366 4042 2433 4074 ex
2452 4042 2610 4083 com„
2629 4031 2775 4075 Patri
2795 4032 2959 4075 Anto·

494 4102 578 4144 nio
597 4102 660 4144 de
679 4101 878 4154 Araoz,
915 4100 977 4144 de
1012 4099 1243 4155 Couegio
1279 4100 1582 4155 Segoviensi
1597 4134 1609 4155 ,
1644 4113 1816 4145 mense
1852 4102 2141 4146 Decembri.
2182 4101 2417 4156 Ignatius
2448 4102 2578 4146 Dno.
2609 4102 2876 4146 Ludovico
2895 4103 2960 4146 de

494 4172 757 4225 Mendoza,
781 4171 842 4215 de
864 4172 1042 4215 eodem
1065 4171 1298 4227 Collegio
1312 4206 1323 4227 ,
1345 4179 1397 4217 et
1416 4181 1474 4216 ut
1493 4172 1875 4217 Provincialem
1893 4174 2067 4217 Araoz
2087 4171 2366 4226 Segoviam
2386 4173 2600 4228 invitet,
2623 4179 2678 4217 nt
2699 4184 2876 4216 coram
2895 4173 2957 4216 de

492 4245 554 4288 iis
575 4243 792 4297 aliisque
812 4249 965 4298 agat,
986 4244 1036 4287 21
1059 4243 1377 4288 Decembris,

574 4315 592 4346 ¹
647 4314 918 4368 PolancuS,
942 4325 1008 4358 ex
1029 4326 1178 4367 com„
1196 4315 1413 4359 Domino
1434 4314 1626 4367 Jacobo
1645 4317 1707 4359 de
1729 4315 1978 4368 Guzman,
1996 4327 2112 4358 eum
2131 4315 2324 4370 Ignatii
2343 4317 2545 4360 nomine
2566 4317 2618 4360 in
2639 4315 2957 4360 Societatem

490 4386 772 4429 admittens
793 4392 846 4430 et
866 4387 1136 4442 injungens
1150 4392 1209 4430 ut
1231 4398 1344 4430 cum
1366 4387 1591 4432 Doctore
1613 4387 1847 4442 Gaspare
1865 4386 2062 4430 Loarte
2084 4387 2301 4431 Romam
2319 4389 2694 4442 quamprimum
2713 4400 2767 4432 se
2788 4389 2954 4432 confe-

489 4464 593 4510 rat;
615 4458 748 4511 qnod
763 4456 806 4501 si
827 4458 930 4501 iter
948 4458 1181 4512 arripere
1203 4457 1383 4502 statim
1404 4470 1504 4502 non
1522 4461 1762 4513 valeant,
1785 4457 2064 4503 valentiae
2085 4464 2176 4502 aut
2197 4458 2431 4503 Gandiae
2454 4465 2544 4503 aut
2566 4461 2686 4504 alibi
2710 4461 2760 4504 in
2783 4460 2955 4504 Socie-

491 4529 618 4572 ταῖς
636 4529 786 4572 domo
806 4535 897 4573 ant
919 4528 1149 4583 Collegio
1163 4562 1175 4584 ,
1198 4530 1337 4573 intra
1358 4530 1663 4585 Hispaniam
1683 4537 1857 4574 tamen
1871 4563 1882 4584 ‚
1912 4531 2196 4574 subsistant
2213 4563 2223 4576 .
2247 4532 2267 4574 1
2286 4531 2622 4584 Septembris.
2641 4532 2811 4577 Datae
2831 4541 2951 4578 sunt

490 4599 650 4642 etiam
670 4601 743 4643 eis
763 4606 1002 4654 patentes
1024 4600 1260 4653 litterae,
1283 4603 1466 4655 quibus
1493 4601 1555 4645 de
1576 4613 1753 4646 eorum
1773 4602 1824 4646 in
1847 4601 2161 4645 Societatem
2182 4602 2489 4646 admissione
2511 4605 2762 4648 certiores
2781 4604 2955 4649 reddit

488 4670 722 4726 Ignatius
741 4672 1073 4726 Praepositos
1092 4684 1267 4716 omnes
1288 4672 1587 4728 Hispaniae.
