3679 5414
667 502 780 561 308
1576 501 1829 562 Canon.
1874 501 2025 560 Soc.
2068 501 2211 574 μδ.

670 665 797 710 rex
827 646 1370 711 Sanctissimum
1397 647 1658 711 Christi
1687 646 1962 728 Corpus
2000 648 2088 711 de
2128 665 2339 710 manu
2380 647 2455 710 P.
2502 647 2869 710 Francisci
2910 648 2982 710 in
3021 666 3132 711 ca·

668 753 971 842 thedrali
1008 755 1305 817 ecclesia
1343 770 1652 832 sumere,
1699 764 1768 817 et
1808 753 2289 834 spiritualibus
2329 753 2684 817 exercitiis
2725 772 2800 817 se
2845 764 3131 818 vacatu-

650 877 824 927 rum
853 861 1175 941 promisit
1204 861 1276 924 in
1306 861 1563 942 oppido
1607 861 1692 924 de
1722 860 2094 940 TorrigOS,
2138 878 2276 940 quo
2319 878 2445 941 per
2484 869 2631 923 tres
2668 878 2977 939 menseS,
3013 863 3131 925 ha-

666 968 815 1031 bita
857 985 899 1029 a
949 966 1144 1047 Rege
1183 967 1541 1047 facultate,
1582 967 1684 1031 ire
1727 967 2227 1045 constituerat;
2281 967 2553 1030 audivit
2605 967 2818 1030 etiam
2865 967 3133 1031 confes·

664 1076 935 1137 sionem
961 1083 1032 1137 et
1062 1075 1491 1138 ministravit
1521 1075 1736 1137 etiam
1764 1074 2287 1137 Eucharistiam
2315 1073 2617 1155 Regenti
2661 1073 2957 1138 Consilii
2996 1075 3127 1139 Re·

661 1181 788 1261 gni
808 1181 1202 1261 Navarrae,
1229 1181 1349 1262 qui
1371 1182 1946 1261 consanguineus
1967 1189 2122 1244 erat
2144 1181 2485 1261 Episcopi
2503 1181 2909 1245 Melchioris
2926 1181 3126 1262 Cani,

662 1289 801 1352 alio
832 1298 1069 1351 tamen
1099 1287 1356 1351 affectu
1384 1300 1452 1351 et
1482 1288 1764 1368 quidem
1796 1288 2107 1351 maximo
2154 1285 2584 1351 Societatem
2621 1289 3127 1368 complecteba-

658 1403 776 1458 tur
802 1393 841 1457 ¹.
876 1395 1080 1458 Prior
1111 1395 1518 1458 monasterii
1542 1393 1785 1458 Sancti
1812 1395 2194 1474 Augustini
2220 1393 2792 1458 informationem
2813 1393 3124 1458 Societa-

659 1502 754 1565 tis
777 1512 845 1565 et
867 1502 1369 1565 exercitiorum
1390 1500 1662 1581 ejusaP
1682 1501 2094 1564 ‚Francisco
2108 1501 2372 1564 habere
2388 1502 2754 1581 exoptavit
2767 1511 2838 1564 et
2851 1502 3126 1583 accepit

659 1627 820 1672 cum
847 1626 1112 1689 magna
1142 1626 1272 1671 sua
1303 1607 1817 1672 aedificatione.
1847 1608 2291 1671 Tantundem
2320 1607 2525 1671 Prior
2554 1608 2823 1671 ordinis
2844 1607 3123 1672 Praedi—

659 1725 1015 1795 catorum,
1067 1716 1213 1796 qui,
1263 1715 1325 1778 si
1363 1715 1678 1778 habitum
1725 1714 1971 1778 Sancti
2014 1714 2373 1778 Dominici
2408 1733 2550 1777 non
2588 1715 2979 1795 habuisset,
3021 1733 3125 1778 se·

660 1833 1042 1904 quuturum
1070 1840 1146 1886 se
1175 1821 1253 1885 P.
1284 1822 1747 1886 Franciscum
1779 1821 2196 1885 affirmabat.
2232 1822 2472 1901 Aliqui
2493 1822 2708 1885 etiam
2740 1841 2830 1885 ex
2859 1822 3126 1887 familia

660 1929 880 1993 Ducis
910 1929 1303 2008 Maquedae
1335 1928 1619 1991 omnino
1652 1947 1811 1992 eum
1842 1928 2042 2008 sequi
2073 1928 2434 2003 volebant;
2471 1928 2594 1991 sed
2626 1946 2846 2008 usque
2891 1928 2983 1991 ad
3024 1947 3126 1991 re·

660 2036 885 2100 ditum
914 2054 1122 2099 suum
1151 2036 1635 2116 Pompeiopoli
1666 2037 2054 2099 subsistere
2084 2054 2205 2099 eos
2234 2035 2479 2099 voluit.

779 2144 920 2208 286.
1008 2143 1084 2206 P.
1112 2143 1540 2206 Franciscus
1571 2143 1912 2206 invitatus
1942 2152 2096 2205 erat
2123 2151 2199 2205 ut
2221 2142 2640 2221 Victoriam,
2667 2160 2847 2222 quae
2871 2143 3128 2206 civitas

657 2252 933 2315 Alavae
963 2259 1177 2330 caput
1204 2258 1333 2328 est,
1362 2250 1865 2313 concionatum
1894 2250 2188 2328 veniret,
2224 2249 2350 2311 sed
2379 2249 2452 2313 in
2481 2249 2672 2312 aliud
2704 2258 2980 2330 tempus
3008 2267 3125 2313 res

657 2367 765 2421 est
802 2358 1041 2421 dilata.
1084 2357 1164 2419 In
1201 2357 1342 2419 alio
1384 2365 1620 2419 tamen
1671 2355 1929 2437 oppido
1979 2355 2292 2436 ejusdem
2341 2356 2783 2436 provinciae,
2840 2357 3123 2419 nomine

656 2465 1128 2541 Salvatierra,
1181 2480 1342 2526 cum
1398 2480 1661 2542 magna
1718 2464 2032 2526 omnium
2088 2462 2579 2526 aedificatione
2635 2463 2930 2526 verbum
2986 2463 3118 2526 Dei

657 2570 1119 2651 praedicavit,
1148 2588 1233 2632 ac
1256 2569 1508 2632 deinde
1538 2570 1610 2632 in
1640 2570 1757 2632 illo
1781 2570 2211 2633 monasterio
2235 2571 2668 2648 monialium,
2696 2570 2768 2632 in
2796 2587 2937 2649 quo
2962 2587 3124 2632 cum

656 2678 1058 2742 Navarram
1087 2677 1249 2757 iret,
1277 2674 1425 2756 jam
1455 2678 1923 2741 concionatus
1952 2685 2138 2758 erat,
2184 2677 2256 2741 in
2304 2677 2663 2741 redeundo
2702 2677 2888 2741 idem
2923 2694 3124 2759 prae-

654 2785 861 2861 stitit;
897 2794 964 2847 et
993 2785 1093 2847 ita
1124 2784 1478 2861 Ognatem
1506 2784 1734 2863 rediit,
1770 2802 2067 2865 corpore
2097 2786 2273 2847 satis
2301 2802 2522 2847 sanus
2551 2793 2618 2847 et
2660 2802 2822 2847 cum
2861 2801 3123 2864 magna

653 2892 873 2955 animi
901 2891 1012 2954 sui
1040 2891 1544 2954 consolatione.
1575 2890 1976 2970 Antequam
2008 2891 2370 2954 recederet
2398 2910 2488 2954 ex
2516 2891 2652 2954 hoc
2679 2891 2936 2972 oppido
2966 2892 3121 2971 ipso

652 3000 766 3062 die
795 2997 920 3062 Sti.
954 2997 1348 3075 MichaeliS,
1383 3014 1555 3078 erga
1588 3015 1796 3078 quem
1835 2998 2170 3078 oppidum
2207 2997 2294 3060 de
2344 2998 2622 3078 Ognate
2665 2998 3120 3062 devotionem

569 3176 577 3184 ,
653 3124 796 3170 non
826 3107 1200 3185 vulgarem
1228 3104 1442 3184 gerit,
1487 3113 1556 3167 et
1594 3104 1705 3167 die
1745 3103 2120 3166 Dominica
2158 3105 2481 3185 sequenti
2518 3105 2589 3167 in
2628 3106 2936 3184 quodam
2978 3123 3120 3168 mo—

631 3212 962 3275 nasterio
997 3211 1407 3274 monialium
1437 3210 1703 3273 ordinis
1735 3196 2029 3274 minoris
2053 3211 2160 3273 bis
2184 3212 2649 3274 concionatus
2671 3210 2923 3290 fuerat,
2957 3229 3122 3274 cum

650 3328 853 3381 tanta
896 3317 1362 3381 admiratione
1391 3318 1754 3380 hominum
1792 3326 1868 3380 ut
1919 3316 2258 3397 Spiritum
2301 3316 2640 3381 Sanctum
2676 3335 2802 3398 per
2841 3316 2990 3397 ejus
3036 3336 3118 3381 os

654 3426 844 3505 loqui
894 3424 1230 3487 dicerent.
1281 3423 1396 3486 Ad
1433 3423 1920 3486 eremitorium
1962 3401 2191 3486 Diirae
2235 3424 2701 3503 Magdalenae
2744 3424 3118 3488 confessio·

650 3532 763 3594 nis
792 3531 1029 3611 gratia
1058 3549 1147 3593 ex
1181 3530 1438 3611 oppido
1468 3530 1703 3593 vicino
1736 3530 2056 3593 homines
2093 3530 2548 3607 accedebant,
2587 3531 2678 3594 ad
2709 3532 2897 3611 quod
2929 3532 3119 3594 inha-

653 3638 1021 3702 bitandum
1073 3638 1228 3718 ipso
1289 3637 1400 3700 die
1456 3638 1866 3701 Nativitatis
1923 3639 1999 3701 B.
2056 3637 2377 3717 Virginis
2426 3638 2649 3702 nostri
2694 3638 3115 3718 migrarunt,

654 3764 792 3825 quo
820 3745 933 3809 die
964 3763 1171 3808 mane
1201 3745 1273 3807 in
1304 3743 1561 3825 oppido
1592 3744 1678 3807 de
1711 3745 1990 3824 Ognate
2019 3762 2180 3808 cum
2203 3762 2466 3825 magna
2490 3745 2975 3809 satisfactione
3002 3764 3118 3826 po-

656 3854 799 3931 puli
849 3851 922 3916 P.
969 3852 1398 3915 Franciscus
1438 3852 1899 3915 concionatus
1938 3861 2125 3930 erat,
2180 3860 2248 3914 et
2298 3851 2537 3915 statim
2594 3853 3120 3916 sanctissimum

654 3959 1195 4022 Sacramentum
1243 3959 1315 4021 in
1365 3960 1625 4039 templo
1664 3959 2050 4022 eremitorii
2098 3960 2522 4022 collocatum
2572 3968 2708 4036 est,
2762 3977 2929 4023 nam
2971 3960 3119 4040 Jam

657 4066 748 4128 ab
797 4065 993 4128 initio
1043 4064 1119 4127 P.
1172 4065 1597 4128 Franciscus
1648 4065 1940 4128 visitare
1990 4064 2535 4129 Sanctissimum
2584 4065 3120 4131 Sacramentum

655 4190 869 4253 saepe
921 4171 1261 4235 orationis
1308 4172 1543 4252 gratia
1585 4173 1832 4237 solitus
1873 4181 2047 4236 erat.
2089 4171 2325 4237 Pridie
2365 4183 2601 4236 autem
2645 4174 3117 4245 Exaltationis

653 4279 960 4346 Sanctae
1002 4278 1284 4358 CruciS,
1328 4279 1447 4360 qui
1486 4278 1638 4349 dies
1675 4277 2070 4347 dominicus
2099 4289 2296 4358 erat,
2342 4299 2384 4342 a
2424 4277 2724 4359 prandio
2766 4298 2928 4347 cum
2974 4298 3116 4343 ma-

654 4403 798 4466 gna
827 4385 1273 4449 solemnitate
1300 4385 1636 4464 reliquias
1664 4384 2089 4448 Sanctorum
2119 4385 2206 4448 ab
2237 4385 2496 4466 oppido
2536 4385 2957 4467 Ognatensi,
2992 4389 3117 4451 ubi

736 4592 753 4624 ¹
809 4560 1056 4634 Dominus
1076 4587 1384 4632 Franciscus
1403 4587 1544 4632 Cano
1565 4595 1617 4633 et
1641 4552 1878 4642 Coi-dido,
1905 4581 2078 4632 Patris
2098 4576 2392 4633 Melchioris
2424 4557 2564 4632 Cano
2597 4589 2957 4644 consobrinus,
2994 4589 3119 4635 Con·

649 4663 754 4706 allii
776 4661 936 4716 Regni
956 4660 1229 4705 Navarrae
1247 4658 1449 4715 Recens
1469 4661 1580 4704 sive
1599 4659 1831 4704 Praeses.
1855 4658 2077 4710 (Fanum
2099 4659 2425 4713 Cananmno,
2455 4658 2588 4703 Vide
2611 4660 2679 4704 de
2700 4659 2936 4705 Machor
2957 4661 3120 4712 Cano,

649 4744 764 4788 cap.
783 4744 858 4784 ιν,
876 4731 1213 4784 Genealogla,
1233 4732 1353 4785 pag.
1374 4730 1491 4784 207.)
