<?xml version="1.0" encoding="UTF-8"?>
<!DOCTYPE html PUBLIC "-//W3C//DTD XHTML 1.0 Transitional//EN"
    "http://www.w3.org/TR/xhtml1/DTD/xhtml1-transitional.dtd">
<html xmlns="http://www.w3.org/1999/xhtml" xml:lang="en" lang="en">
 <head>
  <title>
</title>
<meta http-equiv="Content-Type" content="text/html;charset=utf-8" />
  <meta name='ocr-system' content='tesseract 3.04.00' />
  <meta name='ocr-capabilities' content='ocr_page ocr_carea ocr_par ocr_line ocrx_word'/>
</head>
<body>
  <div class='ocr_page' id='page_1' title='image "./vitaignatiiloio03polagoog_0160.png"; bbox 0 0 3679 5414; ppageno 0'>
   <div class='ocr_carea' id='block_1_1' title="bbox 664 492 2222 570">
    <p class='ocr_par' dir='ltr' id='par_1_1' title="bbox 664 492 2222 570">
     <span class='ocr_line' id='line_1_1' title="bbox 664 492 2222 570; baseline -0.001 -15"><span class='ocrx_word' id='word_1_1' title='bbox 664 492 771 555; x_wconf 66' lang='lat'>3351</span> <span class='ocrx_word' id='word_1_2' title='bbox 1589 497 1843 554; x_wconf 71' lang='lat' dir='ltr'>Cnaox.</span> <span class='ocrx_word' id='word_1_3' title='bbox 1887 496 2037 555; x_wconf 72' lang='lat' dir='ltr'>soe.</span> <span class='ocrx_word' id='word_1_4' title='bbox 2082 498 2222 570; x_wconf 78' lang='lat' dir='ltr'><strong>JES.</strong></span> 
     </span>
    </p>
   </div>
   <div class='ocr_carea' id='block_1_2' title="bbox 655 642 3176 3716">
    <p class='ocr_par' dir='ltr' id='par_1_2' title="bbox 660 642 3176 3183">
     <span class='ocr_line' id='line_1_2' title="bbox 662 642 3131 722; baseline 0 -17"><span class='ocrx_word' id='word_1_5' title='bbox 662 642 834 721; x_wconf 79' lang='lat' dir='ltr'>turi,</span> <span class='ocrx_word' id='word_1_6' title='bbox 881 652 951 705; x_wconf 89' lang='lat' dir='ltr'>et</span> <span class='ocrx_word' id='word_1_7' title='bbox 998 642 1187 722; x_wconf 64' lang='lat' dir='ltr'>quod</span> <span class='ocrx_word' id='word_1_8' title='bbox 1235 658 1534 722; x_wconf 88' lang='lat' dir='ltr'>regnum</span> <span class='ocrx_word' id='word_1_9' title='bbox 1590 651 1774 705; x_wconf 88' lang='lat' dir='ltr'>esset</span> <span class='ocrx_word' id='word_1_10' title='bbox 1821 643 2233 721; x_wconf 80' lang='lat' dir='ltr'>amissuruS‚</span> <span class='ocrx_word' id='word_1_11' title='bbox 2287 642 2356 705; x_wconf 91' lang='lat' dir='ltr'>id</span> <span class='ocrx_word' id='word_1_12' title='bbox 2407 643 2877 705; x_wconf 78' lang='lat' dir='ltr'>obtinuerunt.</span> <span class='ocrx_word' id='word_1_13' title='bbox 2926 643 3131 706; x_wconf 75' lang='lat' dir='ltr'>Unde</span> 
     </span>
     <span class='ocr_line' id='line_1_3' title="bbox 663 748 3127 830; baseline 0.001 -19"><span class='ocrx_word' id='word_1_14' title='bbox 663 749 817 811; x_wconf 78' lang='lat' dir='ltr'>Rex</span> <span class='ocrx_word' id='word_1_15' title='bbox 837 748 1033 829; x_wconf 63' lang='lat' dir='ltr'>quod</span> <span class='ocrx_word' id='word_1_16' title='bbox 1060 750 1484 829; x_wconf 71' lang='lat' dir='ltr'>promiserat</span> <span class='ocrx_word' id='word_1_17' title='bbox 1514 749 1588 812; x_wconf 90' lang='lat' dir='ltr'>P.</span> <span class='ocrx_word' id='word_1_18' title='bbox 1625 748 1932 830; x_wconf 87' lang='lat' dir='ltr'>Gaspari</span> <span class='ocrx_word' id='word_1_19' title='bbox 1972 766 2114 812; x_wconf 90' lang='lat' dir='ltr'>non</span> <span class='ocrx_word' id='word_1_20' title='bbox 2152 750 2537 830; x_wconf 72' lang='lat' dir='ltr'>praestitit;</span> <span class='ocrx_word' id='word_1_21' title='bbox 2568 758 2638 812; x_wconf 80' lang='lat' dir='ltr'>et</span> <span class='ocrx_word' id='word_1_22' title='bbox 2665 764 2930 829; x_wconf 76' lang='lat' dir='ltr'>magna</span> <span class='ocrx_word' id='word_1_23' title='bbox 2958 766 3127 829; x_wconf 87' lang='lat' dir='ltr'>pars</span> 
     </span>
     <span class='ocr_line' id='line_1_4' title="bbox 663 856 3176 936; baseline -0 -17"><span class='ocrx_word' id='word_1_24' title='bbox 663 871 938 936; x_wconf 78' lang='lat' dir='ltr'>eorum,</span> <span class='ocrx_word' id='word_1_25' title='bbox 965 856 1094 936; x_wconf 48' lang='lat' dir='ltr'>*qui</span> <span class='ocrx_word' id='word_1_26' title='bbox 1122 857 1295 920; x_wconf 90' lang='lat' dir='ltr'>moti</span> <span class='ocrx_word' id='word_1_27' title='bbox 1323 857 1415 919; x_wconf 89' lang='lat' dir='ltr'>ad</span> <span class='ocrx_word' id='word_1_28' title='bbox 1444 856 1860 936; x_wconf 86' lang='lat' dir='ltr'>religionem</span> <span class='ocrx_word' id='word_1_29' title='bbox 1890 856 2155 921; x_wconf 86' lang='lat' dir='ltr'>Christi</span> <span class='ocrx_word' id='word_1_30' title='bbox 2181 856 2494 935; x_wconf 85' lang='lat' dir='ltr'>fuerant,</span> <span class='ocrx_word' id='word_1_31' title='bbox 2529 856 2603 918; x_wconf 90' lang='lat' dir='ltr'>in</span> <span class='ocrx_word' id='word_1_32' title='bbox 2631 856 2778 918; x_wconf 84' lang='lat' dir='ltr'>suis</span> <span class='ocrx_word' id='word_1_33' title='bbox 2820 858 3134 919; x_wconf 89' lang='lat' dir='ltr'>tenebris</span> <span class='ocrx_word' id='word_1_34' title='bbox 3175 894 3176 897; x_wconf 58' lang='lat'><em>=</em></span> 
     </span>
     <span class='ocr_line' id='line_1_5' title="bbox 660 963 3125 1044; baseline 0 -18"><span class='ocrx_word' id='word_1_35' title='bbox 660 965 1140 1043; x_wconf 76' lang='lat' dir='ltr'>perstiterunt.</span> <span class='ocrx_word' id='word_1_36' title='bbox 1192 963 1652 1027; x_wconf 84' lang='lat' dir='ltr'>Interdictum</span> <span class='ocrx_word' id='word_1_37' title='bbox 1703 973 1809 1026; x_wconf 87' lang='lat' dir='ltr'>est</span> <span class='ocrx_word' id='word_1_38' title='bbox 1860 964 2075 1027; x_wconf 88' lang='lat' dir='ltr'>etiam</span> <span class='ocrx_word' id='word_1_39' title='bbox 2113 964 2458 1044; x_wconf 80' lang='lat' dir='ltr'>Gaspari‚</span> <span class='ocrx_word' id='word_1_40' title='bbox 2502 973 2579 1025; x_wconf 90' lang='lat' dir='ltr'>ut</span> <span class='ocrx_word' id='word_1_41' title='bbox 2613 963 2957 1043; x_wconf 77' lang='lat' dir='ltr'>malefice,</span> <span class='ocrx_word' id='word_1_42' title='bbox 3001 964 3125 1044; x_wconf 81' lang='lat' dir='ltr'>qui</span> 
     </span>
     <span class='ocr_line' id='line_1_6' title="bbox 660 1070 3127 1150; baseline 0 -17"><span class='ocrx_word' id='word_1_43' title='bbox 660 1071 810 1133; x_wconf 68' lang='lat' dir='ltr'>sais</span> <span class='ocrx_word' id='word_1_44' title='bbox 839 1070 1434 1133; x_wconf 83' lang='lat' dir='ltr'>incantationibus</span> <span class='ocrx_word' id='word_1_45' title='bbox 1463 1070 1730 1149; x_wconf 85' lang='lat' dir='ltr'>Regem</span> <span class='ocrx_word' id='word_1_46' title='bbox 1760 1071 2190 1150; x_wconf 77' lang='lat' dir='ltr'>seduxisset,</span> <span class='ocrx_word' id='word_1_47' title='bbox 2225 1088 2314 1133; x_wconf 91' lang='lat' dir='ltr'>ne</span> <span class='ocrx_word' id='word_1_48' title='bbox 2345 1070 2435 1133; x_wconf 87' lang='lat' dir='ltr'>ad</span> <span class='ocrx_word' id='word_1_49' title='bbox 2463 1070 2804 1150; x_wconf 83' lang='lat' dir='ltr'>palatium</span> <span class='ocrx_word' id='word_1_50' title='bbox 2835 1072 3127 1134; x_wconf 84' lang='lat' dir='ltr'>accede-</span> 
     </span>
     <span class='ocr_line' id='line_1_7' title="bbox 664 1170 3127 1258; baseline 0 -18"><span class='ocrx_word' id='word_1_51' title='bbox 664 1170 793 1240; x_wconf 62' lang='lat' dir='ltr'>retss</span> <span class='ocrx_word' id='word_1_52' title='bbox 848 1177 1230 1257; x_wconf 75' lang='lat' dir='ltr'>Conquesti</span> <span class='ocrx_word' id='word_1_53' title='bbox 1268 1187 1432 1240; x_wconf 89' lang='lat' dir='ltr'>sunt</span> <span class='ocrx_word' id='word_1_54' title='bbox 1466 1179 1680 1240; x_wconf 88' lang='lat' dir='ltr'>etiam</span> <span class='ocrx_word' id='word_1_55' title='bbox 1701 1172 1913 1258; x_wconf 87' lang='lat' dir='ltr'>&#39;apud</span> <span class='ocrx_word' id='word_1_56' title='bbox 1953 1178 2186 1256; x_wconf 82' lang='lat' dir='ltr'>Reges</span> <span class='ocrx_word' id='word_1_57' title='bbox 2225 1177 2511 1241; x_wconf 84' lang='lat' dir='ltr'>Persiae</span> <span class='ocrx_word' id='word_1_58' title='bbox 2547 1189 2620 1240; x_wconf 86' lang='lat' dir='ltr'>et</span> <span class='ocrx_word' id='word_1_59' title='bbox 2659 1179 3127 1240; x_wconf 72' lang='lat' dir='ltr'>hortabantur</span> 
     </span>
     <span class='ocr_line' id='line_1_8' title="bbox 661 1283 3123 1365; baseline 0 -19"><span class='ocrx_word' id='word_1_60' title='bbox 661 1302 783 1347; x_wconf 90' lang='lat' dir='ltr'>eos</span> <span class='ocrx_word' id='word_1_61' title='bbox 810 1294 889 1348; x_wconf 78' lang='lat' dir='ltr'>ut</span> <span class='ocrx_word' id='word_1_62' title='bbox 917 1295 1168 1347; x_wconf 85' lang='lat' dir='ltr'>contra</span> <span class='ocrx_word' id='word_1_63' title='bbox 1197 1284 1621 1348; x_wconf 89' lang='lat' dir='ltr'>christianos</span> <span class='ocrx_word' id='word_1_64' title='bbox 1652 1303 1855 1348; x_wconf 88' lang='lat' dir='ltr'>arma</span> <span class='ocrx_word' id='word_1_65' title='bbox 1885 1294 2241 1365; x_wconf 83' lang='lat' dir='ltr'>caperent;</span> <span class='ocrx_word' id='word_1_66' title='bbox 2277 1295 2346 1347; x_wconf 91' lang='lat' dir='ltr'>et</span> <span class='ocrx_word' id='word_1_67' title='bbox 2368 1283 2536 1347; x_wconf 88' lang='lat' dir='ltr'>dum</span> <span class='ocrx_word' id='word_1_68' title='bbox 2558 1283 2633 1347; x_wconf 82' lang='lat' dir='ltr'>P.</span> <span class='ocrx_word' id='word_1_69' title='bbox 2662 1284 3123 1365; x_wconf 61' lang='lat' dir='ltr'>Gasparsqi-</span> 
     </span>
     <span class='ocr_line' id='line_1_9' title="bbox 660 1392 3128 1472; baseline -0.001 -17"><span class='ocrx_word' id='word_1_70' title='bbox 660 1392 1078 1472; x_wconf 75' lang='lat' dir='ltr'>plicationes</span> <span class='ocrx_word' id='word_1_71' title='bbox 1091 1393 1507 1469; x_wconf 73' lang='lat' dir='ltr'>institueret,</span> <span class='ocrx_word' id='word_1_72' title='bbox 1530 1392 1600 1454; x_wconf 90' lang='lat' dir='ltr'>in</span> <span class='ocrx_word' id='word_1_73' title='bbox 1624 1392 1875 1472; x_wconf 88' lang='lat' dir='ltr'>quibus</span> <span class='ocrx_word' id='word_1_74' title='bbox 1899 1392 2410 1472; x_wconf 85' lang='lat' dir='ltr'>quinquaginta</span> <span class='ocrx_word' id='word_1_75' title='bbox 2432 1402 2500 1454; x_wconf 89' lang='lat' dir='ltr'>et</span> <span class='ocrx_word' id='word_1_76' title='bbox 2523 1392 2894 1470; x_wconf 82' lang='lat' dir='ltr'>sexaginta</span> <span class='ocrx_word' id='word_1_77' title='bbox 2919 1392 3128 1455; x_wconf 80' lang='lat' dir='ltr'>simul</span> 
     </span>
     <span class='ocr_line' id='line_1_10' title="bbox 665 1498 3124 1577; baseline -0.001 -16"><span class='ocrx_word' id='word_1_78' title='bbox 665 1517 741 1561; x_wconf 84' lang='lat' dir='ltr'>se</span> <span class='ocrx_word' id='word_1_79' title='bbox 773 1499 1069 1577; x_wconf 82' lang='lat' dir='ltr'>flagellis</span> <span class='ocrx_word' id='word_1_80' title='bbox 1099 1498 1517 1576; x_wconf 80' lang='lat' dir='ltr'>caedebant,</span> <span class='ocrx_word' id='word_1_81' title='bbox 1545 1500 2014 1562; x_wconf 86' lang='lat' dir='ltr'>decreverunt</span> <span class='ocrx_word' id='word_1_82' title='bbox 2037 1500 2362 1561; x_wconf 82' lang='lat' dir='ltr'>saraceni</span> <span class='ocrx_word' id='word_1_83' title='bbox 2391 1498 2660 1560; x_wconf 85' lang='lat' dir='ltr'>nullum</span> <span class='ocrx_word' id='word_1_84' title='bbox 2688 1514 2858 1561; x_wconf 88' lang='lat' dir='ltr'>suae</span> <span class='ocrx_word' id='word_1_85' title='bbox 2887 1499 3124 1561; x_wconf 72' lang='lat' dir='ltr'>sectae</span> 
     </span>
     <span class='ocr_line' id='line_1_11' title="bbox 665 1604 3172 1685; baseline 0 -18"><span class='ocrx_word' id='word_1_86' title='bbox 665 1606 1021 1668; x_wconf 79' lang='lat' dir='ltr'>hominem</span> <span class='ocrx_word' id='word_1_87' title='bbox 1060 1606 1151 1668; x_wconf 90' lang='lat' dir='ltr'>ad</span> <span class='ocrx_word' id='word_1_88' title='bbox 1196 1604 1459 1668; x_wconf 90' lang='lat' dir='ltr'>Christi</span> <span class='ocrx_word' id='word_1_89' title='bbox 1501 1604 1706 1668; x_wconf 86' lang='lat' dir='ltr'>fidem</span> <span class='ocrx_word' id='word_1_90' title='bbox 1746 1606 2088 1668; x_wconf 87' lang='lat' dir='ltr'>accedere</span> <span class='ocrx_word' id='word_1_91' title='bbox 2127 1604 2676 1685; x_wconf 89' lang='lat' dir='ltr'>permittendum</span> <span class='ocrx_word' id='word_1_92' title='bbox 2712 1621 2901 1682; x_wconf 91' lang='lat' dir='ltr'>esse;</span> <span class='ocrx_word' id='word_1_93' title='bbox 2934 1605 3119 1668; x_wconf 84' lang='lat' dir='ltr'>unde</span> <span class='ocrx_word' id='word_1_94' title='bbox 3165 1616 3172 1624; x_wconf 86' lang='lat'><strong>·</strong></span> 
     </span>
     <span class='ocr_line' id='line_1_12' title="bbox 664 1711 3125 1801; baseline 0 -27"><span class='ocrx_word' id='word_1_95' title='bbox 664 1712 937 1801; x_wconf 61' lang='lat' dir='ltr'>aliquos</span> <span class='ocrx_word' id='word_1_96' title='bbox 971 1711 1066 1774; x_wconf 91' lang='lat' dir='ltr'>ad</span> <span class='ocrx_word' id='word_1_97' title='bbox 1106 1712 1175 1775; x_wconf 91' lang='lat' dir='ltr'>id</span> <span class='ocrx_word' id='word_1_98' title='bbox 1212 1730 1605 1792; x_wconf 89' lang='lat' dir='ltr'>propensos</span> <span class='ocrx_word' id='word_1_99' title='bbox 1649 1713 2208 1790; x_wconf 84' lang='lat' dir='ltr'>abscondebant,</span> <span class='ocrx_word' id='word_1_100' title='bbox 2253 1712 2411 1774; x_wconf 89' lang='lat' dir='ltr'>aliis</span> <span class='ocrx_word' id='word_1_101' title='bbox 2449 1712 2824 1792; x_wconf 83' lang='lat' dir='ltr'>pecuniam</span> <span class='ocrx_word' id='word_1_102' title='bbox 2853 1712 3125 1775; x_wconf 78' lang='lat' dir='ltr'>dabant·</span> 
     </span>
     <span class='ocr_line' id='line_1_13' title="bbox 670 1801 3128 1899; baseline 0 -18"><span class='ocrx_word' id='word_1_103' title='bbox 670 1827 745 1881; x_wconf 89' lang='lat' dir='ltr'>ut</span> <span class='ocrx_word' id='word_1_104' title='bbox 771 1837 814 1881; x_wconf 88' lang='lat' dir='ltr'>a</span> <span class='ocrx_word' id='word_1_105' title='bbox 837 1801 1099 1882; x_wconf 79' lang='lat' dir='ltr'>Christi</span> <span class='ocrx_word' id='word_1_106' title='bbox 1126 1818 1255 1882; x_wconf 77' lang='lat' dir='ltr'>fide</span> <span class='ocrx_word' id='word_1_107' title='bbox 1276 1828 1719 1882; x_wconf 88' lang='lat' dir='ltr'>revocarent.</span> <span class='ocrx_word' id='word_1_108' title='bbox 1754 1818 1993 1881; x_wconf 87' lang='lat' dir='ltr'>Multis</span> <span class='ocrx_word' id='word_1_109' title='bbox 2015 1820 2231 1882; x_wconf 87' lang='lat' dir='ltr'>etiam</span> <span class='ocrx_word' id='word_1_110' title='bbox 2255 1820 2694 1882; x_wconf 84' lang='lat' dir='ltr'>contumeliis</span> <span class='ocrx_word' id='word_1_111' title='bbox 2716 1818 2791 1881; x_wconf 92' lang='lat' dir='ltr'>P.</span> <span class='ocrx_word' id='word_1_112' title='bbox 2819 1819 3128 1899; x_wconf 82' lang='lat' dir='ltr'>Gaspari</span> 
     </span>
     <span class='ocr_line' id='line_1_14' title="bbox 671 1908 3125 2006; baseline 0 -18"><span class='ocrx_word' id='word_1_113' title='bbox 671 1925 1056 1988; x_wconf 81' lang='lat' dir='ltr'>illudebant</span> <span class='ocrx_word' id='word_1_114' title='bbox 1084 1935 1153 1988; x_wconf 92' lang='lat' dir='ltr'>et</span> <span class='ocrx_word' id='word_1_115' title='bbox 1183 1944 1272 1988; x_wconf 85' lang='lat' dir='ltr'>ex</span> <span class='ocrx_word' id='word_1_116' title='bbox 1312 1925 1617 2006; x_wconf 86' lang='lat' dir='ltr'>quadam</span> <span class='ocrx_word' id='word_1_117' title='bbox 1646 1943 1892 1988; x_wconf 88' lang='lat' dir='ltr'>eorum</span> <span class='ocrx_word' id='word_1_118' title='bbox 1921 1925 2290 2003; x_wconf 88' lang='lat' dir='ltr'>Moschea‚</span> <span class='ocrx_word' id='word_1_119' title='bbox 2338 1944 2519 2005; x_wconf 86' lang='lat' dir='ltr'>quae</span> <span class='ocrx_word' id='word_1_120' title='bbox 2549 1908 2702 1989; x_wconf 80' lang='lat' dir='ltr'>erat</span> <span class='ocrx_word' id='word_1_121' title='bbox 2732 1926 2802 1989; x_wconf 91' lang='lat' dir='ltr'>in</span> <span class='ocrx_word' id='word_1_122' title='bbox 2833 1926 3125 1989; x_wconf 79' lang='lat' dir='ltr'>editiore</span> 
     </span>
     <span class='ocr_line' id='line_1_15' title="bbox 668 2013 3126 2112; baseline 0 -18"><span class='ocrx_word' id='word_1_123' title='bbox 668 2043 870 2112; x_wconf 88' lang='lat' dir='ltr'>parte</span> <span class='ocrx_word' id='word_1_124' title='bbox 902 2033 1161 2095; x_wconf 86' lang='lat' dir='ltr'>montis</span> <span class='ocrx_word' id='word_1_125' title='bbox 1200 2042 1271 2095; x_wconf 93' lang='lat' dir='ltr'>et</span> <span class='ocrx_word' id='word_1_126' title='bbox 1298 2031 1621 2111; x_wconf 88' lang='lat' dir='ltr'>Collegio</span> <span class='ocrx_word' id='word_1_127' title='bbox 1656 2013 2091 2112; x_wconf 78' lang='lat' dir='ltr'>imminebat,</span> <span class='ocrx_word' id='word_1_128' title='bbox 2127 2034 2422 2095; x_wconf 91' lang='lat' dir='ltr'>vocibus</span> <span class='ocrx_word' id='word_1_129' title='bbox 2461 2033 2741 2112; x_wconf 81' lang='lat' dir='ltr'>magnis</span> <span class='ocrx_word' id='word_1_130' title='bbox 2779 2033 3126 2096; x_wconf 76' lang='lat' dir='ltr'>adversus</span> 
     </span>
     <span class='ocr_line' id='line_1_16' title="bbox 662 2139 3125 2222; baseline 0.001 -21"><span class='ocrx_word' id='word_1_131' title='bbox 662 2156 820 2202; x_wconf 82' lang='lat' dir='ltr'>eum</span> <span class='ocrx_word' id='word_1_132' title='bbox 860 2140 1343 2202; x_wconf 74' lang='lat' dir='ltr'>clam-itabant.</span> <span class='ocrx_word' id='word_1_133' title='bbox 1386 2139 1748 2222; x_wconf 78' lang='lat' dir='ltr'>judicavit</span> <span class='ocrx_word' id='word_1_134' title='bbox 1791 2150 2028 2203; x_wconf 86' lang='lat' dir='ltr'>autem</span> <span class='ocrx_word' id='word_1_135' title='bbox 2080 2140 2361 2220; x_wconf 86' lang='lat' dir='ltr'>Gaspar</span> <span class='ocrx_word' id='word_1_136' title='bbox 2404 2140 2588 2202; x_wconf 82' lang='lat' dir='ltr'>hanc</span> <span class='ocrx_word' id='word_1_137' title='bbox 2631 2139 2766 2203; x_wconf 91' lang='lat' dir='ltr'>Dei</span> <span class='ocrx_word' id='word_1_138' title='bbox 2798 2140 3125 2220; x_wconf 72' lang='lat' dir='ltr'>injuriam</span> 
     </span>
     <span class='ocr_line' id='line_1_17' title="bbox 662 2230 3126 2325; baseline 0.001 -17"><span class='ocrx_word' id='word_1_139' title='bbox 662 2264 807 2308; x_wconf 91' lang='lat' dir='ltr'>non</span> <span class='ocrx_word' id='word_1_140' title='bbox 848 2230 1240 2325; x_wconf 84' lang='lat' dir='ltr'>ferendam,</span> <span class='ocrx_word' id='word_1_141' title='bbox 1284 2256 1354 2309; x_wconf 84' lang='lat' dir='ltr'>et</span> <span class='ocrx_word' id='word_1_142' title='bbox 1394 2263 1553 2309; x_wconf 89' lang='lat' dir='ltr'>cum</span> <span class='ocrx_word' id='word_1_143' title='bbox 1590 2257 1805 2310; x_wconf 85' lang='lat' dir='ltr'>noctu</span> <span class='ocrx_word' id='word_1_144' title='bbox 1845 2247 1931 2310; x_wconf 91' lang='lat' dir='ltr'>de</span> <span class='ocrx_word' id='word_1_145' title='bbox 1970 2247 2309 2310; x_wconf 84' lang='lat' dir='ltr'>Passione</span> <span class='ocrx_word' id='word_1_146' title='bbox 2339 2247 2625 2311; x_wconf 80' lang='lat' dir='ltr'>Domini</span> <span class='ocrx_word' id='word_1_147' title='bbox 2665 2248 3126 2310; x_wconf 71' lang='lat' dir='ltr'>concionatus</span> 
     </span>
     <span class='ocr_line' id='line_1_18' title="bbox 662 2344 3119 2434; baseline 0 -19"><span class='ocrx_word' id='word_1_148' title='bbox 662 2364 883 2432; x_wconf 88' lang='lat' dir='ltr'>esset,</span> <span class='ocrx_word' id='word_1_149' title='bbox 918 2370 1203 2415; x_wconf 82' lang='lat' dir='ltr'>crucem</span> <span class='ocrx_word' id='word_1_150' title='bbox 1233 2369 1568 2432; x_wconf 84' lang='lat' dir='ltr'>magnam</span> <span class='ocrx_word' id='word_1_151' title='bbox 1599 2354 1909 2434; x_wconf 86' lang='lat' dir='ltr'>accepit,</span> <span class='ocrx_word' id='word_1_152' title='bbox 1942 2366 2012 2417; x_wconf 84' lang='lat' dir='ltr'>et</span> <span class='ocrx_word' id='word_1_153' title='bbox 2037 2356 2129 2418; x_wconf 89' lang='lat' dir='ltr'>ad</span> <span class='ocrx_word' id='word_1_154' title='bbox 2152 2363 2462 2417; x_wconf 91' lang='lat' dir='ltr'>montem</span> <span class='ocrx_word' id='word_1_155' title='bbox 2491 2354 2684 2417; x_wconf 77' lang='lat' dir='ltr'>ilium</span> <span class='ocrx_word' id='word_1_156' title='bbox 2707 2344 3119 2429; x_wconf 53' lang='lat' dir='ltr'>ascendens</span> 
     </span>
     <span class='ocr_line' id='line_1_19' title="bbox 664 2459 3122 2541; baseline 0 -20"><span class='ocrx_word' id='word_1_157' title='bbox 664 2460 777 2522; x_wconf 92' lang='lat' dir='ltr'>ubi</span> <span class='ocrx_word' id='word_1_158' title='bbox 806 2476 1094 2522; x_wconf 88' lang='lat' dir='ltr'>crucem</span> <span class='ocrx_word' id='word_1_159' title='bbox 1122 2459 1394 2540; x_wconf 78' lang='lat' dir='ltr'>injuriis</span> <span class='ocrx_word' id='word_1_160' title='bbox 1420 2460 1850 2539; x_wconf 83' lang='lat' dir='ltr'>afficiebant,</span> <span class='ocrx_word' id='word_1_161' title='bbox 1884 2462 1956 2523; x_wconf 89' lang='lat' dir='ltr'>in</span> <span class='ocrx_word' id='word_1_162' title='bbox 1987 2479 2071 2524; x_wconf 88' lang='lat' dir='ltr'>ea</span> <span class='ocrx_word' id='word_1_163' title='bbox 2099 2462 2255 2541; x_wconf 86' lang='lat' dir='ltr'>ipsa</span> <span class='ocrx_word' id='word_1_164' title='bbox 2283 2462 2352 2524; x_wconf 93' lang='lat' dir='ltr'><strong>M</strong></span> <span class='ocrx_word' id='word_1_165' title='bbox 2359 2461 2622 2524; x_wconf 85' lang='lat' dir='ltr'>oschea</span> <span class='ocrx_word' id='word_1_166' title='bbox 2650 2475 2933 2524; x_wconf 76' lang='lat' dir='ltr'>crucem</span> <span class='ocrx_word' id='word_1_167' title='bbox 2961 2478 3122 2523; x_wconf 87' lang='lat' dir='ltr'>con·</span> 
     </span>
     <span class='ocr_line' id='line_1_20' title="bbox 663 2564 3124 2646; baseline 0 -18"><span class='ocrx_word' id='word_1_168' title='bbox 663 2567 855 2629; x_wconf 79' lang='lat' dir='ltr'>stitui</span> <span class='ocrx_word' id='word_1_169' title='bbox 883 2566 1078 2645; x_wconf 75' lang='lat' dir='ltr'>fecit,</span> <span class='ocrx_word' id='word_1_170' title='bbox 1120 2576 1192 2629; x_wconf 90' lang='lat' dir='ltr'>et</span> <span class='ocrx_word' id='word_1_171' title='bbox 1231 2576 1471 2643; x_wconf 76' lang='lat' dir='ltr'>tantus</span> <span class='ocrx_word' id='word_1_172' title='bbox 1502 2576 1738 2630; x_wconf 67' lang='lat' dir='ltr'>terror</span> <span class='ocrx_word' id='word_1_173' title='bbox 1776 2585 2160 2631; x_wconf 85' lang='lat' dir='ltr'>saracenos</span> <span class='ocrx_word' id='word_1_174' title='bbox 2197 2569 2490 2646; x_wconf 88' lang='lat' dir='ltr'>invasit,</span> <span class='ocrx_word' id='word_1_175' title='bbox 2533 2579 2609 2631; x_wconf 91' lang='lat' dir='ltr'>ut</span> <span class='ocrx_word' id='word_1_176' title='bbox 2658 2564 2867 2631; x_wconf 83' lang='lat' dir='ltr'>mane</span> <span class='ocrx_word' id='word_1_177' title='bbox 2904 2569 3124 2630; x_wconf 72' lang='lat' dir='ltr'>multa</span> 
     </span>
     <span class='ocr_line' id='line_1_21' title="bbox 662 2674 3122 2757; baseline 0 -21"><span class='ocrx_word' id='word_1_178' title='bbox 662 2674 939 2737; x_wconf 90' lang='lat' dir='ltr'>illorum</span> <span class='ocrx_word' id='word_1_179' title='bbox 1005 2674 1224 2739; x_wconf 88' lang='lat' dir='ltr'>millia</span> <span class='ocrx_word' id='word_1_180' title='bbox 1272 2674 1867 2753; x_wconf 85' lang='lat' dir='ltr'>vociferarentur,</span> <span class='ocrx_word' id='word_1_181' title='bbox 1922 2684 1991 2738; x_wconf 92' lang='lat' dir='ltr'>et</span> <span class='ocrx_word' id='word_1_182' title='bbox 2047 2675 2522 2738; x_wconf 70' lang='lat' dir='ltr'>Mahometu‘m</span> <span class='ocrx_word' id='word_1_183' title='bbox 2571 2684 2648 2739; x_wconf 76' lang='lat' dir='ltr'>ut</span> <span class='ocrx_word' id='word_1_184' title='bbox 2700 2675 3028 2757; x_wconf 85' lang='lat' dir='ltr'>injuriam</span> <span class='ocrx_word' id='word_1_185' title='bbox 3081 2693 3122 2737; x_wconf 88' lang='lat' dir='ltr'>a</span> 
     </span>
     <span class='ocr_line' id='line_1_22' title="bbox 661 2780 3123 2860; baseline 0 -17"><span class='ocrx_word' id='word_1_186' title='bbox 661 2780 1082 2844; x_wconf 72' lang='lat' dir='ltr'>Christianis</span> <span class='ocrx_word' id='word_1_187' title='bbox 1111 2781 1374 2844; x_wconf 81' lang='lat' dir='ltr'>factam</span> <span class='ocrx_word' id='word_1_188' title='bbox 1403 2782 1885 2860; x_wconf 79' lang='lat' dir='ltr'>ulcisceretur,</span> <span class='ocrx_word' id='word_1_189' title='bbox 1919 2783 2371 2845; x_wconf 87' lang='lat' dir='ltr'>invocabant.</span> <span class='ocrx_word' id='word_1_190' title='bbox 2407 2782 2660 2846; x_wconf 86' lang='lat' dir='ltr'>Statim</span> <span class='ocrx_word' id='word_1_191' title='bbox 2687 2800 2932 2847; x_wconf 87' lang='lat' dir='ltr'>omnes</span> <span class='ocrx_word' id='word_1_192' title='bbox 2980 2801 3123 2845; x_wconf 88' lang='lat' dir='ltr'>mo-</span> 
     </span>
     <span class='ocr_line' id='line_1_23' title="bbox 660 2888 3124 2969; baseline 0.001 -19"><span class='ocrx_word' id='word_1_193' title='bbox 660 2888 944 2964; x_wconf 78' lang='lat' dir='ltr'>scheaS,</span> <span class='ocrx_word' id='word_1_194' title='bbox 987 2905 1171 2969; x_wconf 84' lang='lat' dir='ltr'>quas</span> <span class='ocrx_word' id='word_1_195' title='bbox 1209 2890 1281 2951; x_wconf 82' lang='lat' dir='ltr'>in</span> <span class='ocrx_word' id='word_1_196' title='bbox 1320 2905 1571 2969; x_wconf 70' lang='lat' dir='ltr'>campo</span> <span class='ocrx_word' id='word_1_197' title='bbox 1618 2889 2005 2968; x_wconf 81' lang='lat' dir='ltr'>habebant,</span> <span class='ocrx_word' id='word_1_198' title='bbox 2052 2890 2543 2968; x_wconf 78' lang='lat' dir='ltr'>deseruerunt3</span> <span class='ocrx_word' id='word_1_199' title='bbox 2587 2907 2679 2953; x_wconf 84' lang='lat' dir='ltr'>ex</span> <span class='ocrx_word' id='word_1_200' title='bbox 2728 2891 2846 2954; x_wconf 72' lang='lat' dir='ltr'>illa</span> <span class='ocrx_word' id='word_1_201' title='bbox 2888 2901 3124 2953; x_wconf 80' lang='lat' dir='ltr'>autem</span> 
     </span>
     <span class='ocr_line' id='line_1_24' title="bbox 660 2996 3123 3075; baseline 0.001 -17"><span class='ocrx_word' id='word_1_202' title='bbox 660 2997 994 3058; x_wconf 60' lang='lat' dir='ltr'>mosei-ea</span> <span class='ocrx_word' id='word_1_203' title='bbox 1045 2996 1525 3059; x_wconf 83' lang='lat' dir='ltr'>eremitorium</span> <span class='ocrx_word' id='word_1_204' title='bbox 1562 2996 1755 3059; x_wconf 85' lang='lat' dir='ltr'>Btae.</span> <span class='ocrx_word' id='word_1_205' title='bbox 1790 2996 2074 3075; x_wconf 86' lang='lat' dir='ltr'>Virgini</span> <span class='ocrx_word' id='word_1_206' title='bbox 2106 3014 2390 3059; x_wconf 82' lang='lat' dir='ltr'>sacrum</span> <span class='ocrx_word' id='word_1_207' title='bbox 2429 2996 2733 3060; x_wconf 80' lang='lat' dir='ltr'>confecit</span> <span class='ocrx_word' id='word_1_208' title='bbox 2779 3006 2853 3060; x_wconf 87' lang='lat' dir='ltr'>et</span> <span class='ocrx_word' id='word_1_209' title='bbox 2890 2998 3123 3060; x_wconf 81' lang='lat' dir='ltr'>virum</span> 
     </span>
     <span class='ocr_line' id='line_1_25' title="bbox 677 3093 2951 3183; baseline -0 -20"><span class='ocrx_word' id='word_1_210' title='bbox 677 3093 973 3181; x_wconf 62' lang='lat' dir='ltr'>bonum,</span> <span class='ocrx_word' id='word_1_211' title='bbox 1009 3103 1129 3182; x_wconf 81' lang='lat' dir='ltr'>qui</span> <span class='ocrx_word' id='word_1_212' title='bbox 1151 3102 1408 3165; x_wconf 86' lang='lat' dir='ltr'>ibidem</span> <span class='ocrx_word' id='word_1_213' title='bbox 1430 3103 1902 3183; x_wconf 80' lang='lat' dir='ltr'>poenitentiae</span> <span class='ocrx_word' id='word_1_214' title='bbox 1933 3119 2221 3182; x_wconf 80' lang='lat' dir='ltr'>operam</span> <span class='ocrx_word' id='word_1_215' title='bbox 2245 3103 2459 3165; x_wconf 84' lang='lat' dir='ltr'>dabat</span> <span class='ocrx_word' id='word_1_216' title='bbox 2476 3151 2490 3178; x_wconf 93' lang='lat'>,</span> <span class='ocrx_word' id='word_1_217' title='bbox 2518 3104 2878 3167; x_wconf 80' lang='lat' dir='ltr'>constituit</span> <span class='ocrx_word' id='word_1_218' title='bbox 2912 3104 2951 3162; x_wconf 84' lang='lat'>¹.</span> 
     </span>
    </p>

    <p class='ocr_par' dir='ltr' id='par_1_3' title="bbox 655 3208 3122 3716">
     <span class='ocr_line' id='line_1_26' title="bbox 781 3208 3122 3291; baseline 0.002 -20"><span class='ocrx_word' id='word_1_219' title='bbox 781 3208 920 3271; x_wconf 86' lang='lat'>360.</span> <span class='ocrx_word' id='word_1_220' title='bbox 1011 3209 1191 3272; x_wconf 88' lang='lat' dir='ltr'>Cum</span> <span class='ocrx_word' id='word_1_221' title='bbox 1244 3210 1569 3272; x_wconf 86' lang='lat' dir='ltr'>saraceni</span> <span class='ocrx_word' id='word_1_222' title='bbox 1607 3220 1682 3272; x_wconf 86' lang='lat' dir='ltr'>ut</span> <span class='ocrx_word' id='word_1_223' title='bbox 1720 3219 1989 3273; x_wconf 88' lang='lat' dir='ltr'>sectam</span> <span class='ocrx_word' id='word_1_224' title='bbox 2029 3226 2233 3273; x_wconf 86' lang='lat' dir='ltr'>sua-m</span> <span class='ocrx_word' id='word_1_225' title='bbox 2270 3209 2634 3272; x_wconf 79' lang='lat' dir='ltr'>meliorem</span> <span class='ocrx_word' id='word_1_226' title='bbox 2678 3228 2890 3291; x_wconf 85' lang='lat' dir='ltr'>quam</span> <span class='ocrx_word' id='word_1_227' title='bbox 2942 3212 3122 3274; x_wconf 79' lang='lat' dir='ltr'>chri-</span> 
     </span>
     <span class='ocr_line' id='line_1_27' title="bbox 655 3316 3118 3395; baseline 0 -16"><span class='ocrx_word' id='word_1_228' title='bbox 655 3317 959 3379; x_wconf 78' lang='lat' dir='ltr'>stianam</span> <span class='ocrx_word' id='word_1_229' title='bbox 988 3317 1390 3379; x_wconf 81' lang='lat' dir='ltr'>doctrinam</span> <span class='ocrx_word' id='word_1_230' title='bbox 1408 3326 1481 3378; x_wconf 92' lang='lat' dir='ltr'>et</span> <span class='ocrx_word' id='word_1_231' title='bbox 1513 3316 1926 3395; x_wconf 85' lang='lat' dir='ltr'>religionem</span> <span class='ocrx_word' id='word_1_232' title='bbox 1957 3317 2440 3395; x_wconf 83' lang='lat' dir='ltr'>ostenderent,</span> <span class='ocrx_word' id='word_1_233' title='bbox 2468 3317 2710 3379; x_wconf 86' lang='lat' dir='ltr'>varias</span> <span class='ocrx_word' id='word_1_234' title='bbox 2738 3317 2921 3381; x_wconf 86' lang='lat' dir='ltr'>inter</span> <span class='ocrx_word' id='word_1_235' title='bbox 2948 3335 3118 3382; x_wconf 65' lang='lat' dir='ltr'>suos</span> 
     </span>
     <span class='ocr_line' id='line_1_28' title="bbox 655 3423 3120 3504; baseline 0.001 -19"><span class='ocrx_word' id='word_1_236' title='bbox 655 3424 1034 3503; x_wconf 77' lang='lat' dir='ltr'>populares</span> <span class='ocrx_word' id='word_1_237' title='bbox 1082 3423 1461 3485; x_wconf 79' lang='lat' dir='ltr'>conciones</span> <span class='ocrx_word' id='word_1_238' title='bbox 1511 3423 1882 3501; x_wconf 86' lang='lat' dir='ltr'>haberent,</span> <span class='ocrx_word' id='word_1_239' title='bbox 1926 3430 1996 3485; x_wconf 92' lang='lat' dir='ltr'>et</span> <span class='ocrx_word' id='word_1_240' title='bbox 2037 3423 2109 3484; x_wconf 84' lang='lat' dir='ltr'>in</span> <span class='ocrx_word' id='word_1_241' title='bbox 2161 3424 2464 3503; x_wconf 87' lang='lat' dir='ltr'>quadam</span> <span class='ocrx_word' id='word_1_242' title='bbox 2516 3423 2883 3503; x_wconf 86' lang='lat' dir='ltr'>Moschea,</span> <span class='ocrx_word' id='word_1_243' title='bbox 2937 3442 3120 3504; x_wconf 72' lang='lat' dir='ltr'>quae</span> 
     </span>
     <span class='ocr_line' id='line_1_29' title="bbox 657 3530 3116 3616; baseline 0 -24"><span class='ocrx_word' id='word_1_244' title='bbox 657 3531 728 3592; x_wconf 75' lang='lat' dir='ltr'>in</span> <span class='ocrx_word' id='word_1_245' title='bbox 772 3531 1009 3593; x_wconf 84' lang='lat' dir='ltr'>medio</span> <span class='ocrx_word' id='word_1_246' title='bbox 1031 3530 1585 3616; x_wconf 64' lang='lat' dir='ltr'>christianorum</span> <span class='ocrx_word' id='word_1_247' title='bbox 1610 3540 1795 3608; x_wconf 89' lang='lat' dir='ltr'>erat,</span> <span class='ocrx_word' id='word_1_248' title='bbox 1830 3530 2113 3608; x_wconf 80' lang='lat' dir='ltr'>magnis</span> <span class='ocrx_word' id='word_1_249' title='bbox 2141 3531 2569 3598; x_wconf 79' lang='lat' dir='ltr'>clamoribus</span> <span class='ocrx_word' id='word_1_250' title='bbox 2607 3531 2840 3593; x_wconf 73' lang='lat' dir='ltr'>omnia</span> <span class='ocrx_word' id='word_1_251' title='bbox 2881 3532 3116 3611; x_wconf 79' lang='lat' dir='ltr'>imple—</span> 
     </span>
     <span class='ocr_line' id='line_1_30' title="bbox 661 3618 3118 3716; baseline 0 -18"><span class='ocrx_word' id='word_1_252' title='bbox 661 3646 852 3714; x_wconf 82' lang='lat' dir='ltr'>rent,</span> <span class='ocrx_word' id='word_1_253' title='bbox 886 3636 1071 3698; x_wconf 70' lang='lat' dir='ltr'>unde</span> <span class='ocrx_word' id='word_1_254' title='bbox 1094 3638 1394 3716; x_wconf 74' lang='lat' dir='ltr'>populus</span> <span class='ocrx_word' id='word_1_255' title='bbox 1417 3636 1845 3698; x_wconf 85' lang='lat' dir='ltr'>christianus</span> <span class='ocrx_word' id='word_1_256' title='bbox 1869 3655 1911 3698; x_wconf 87' lang='lat' dir='ltr'>a</span> <span class='ocrx_word' id='word_1_257' title='bbox 1942 3635 2016 3697; x_wconf 91' lang='lat' dir='ltr'>P.</span> <span class='ocrx_word' id='word_1_258' title='bbox 2048 3636 2372 3716; x_wconf 86' lang='lat' dir='ltr'>Gaspare</span> <span class='ocrx_word' id='word_1_259' title='bbox 2395 3618 2781 3700; x_wconf 79' lang='lat' dir='ltr'>remedium</span> <span class='ocrx_word' id='word_1_260' title='bbox 2802 3637 3118 3700; x_wconf 71' lang='lat' dir='ltr'>adhiberi</span> 
     </span>
    </p>
   </div>
   <div class='ocr_carea' id='block_1_3' title="bbox 732 3787 975 3796">
    <p class='ocr_par' dir='ltr' id='par_1_4' title="bbox 732 3787 975 3796">
     <span class='ocr_line' id='line_1_31' title="bbox 732 3787 975 3796; baseline 0 0"><span class='ocrx_word' id='word_1_261' title='bbox 732 3787 975 3796; x_wconf 95' lang='lat' dir='ltr'> </span> 
     </span>
    </p>
   </div>
   <div class='ocr_carea' id='block_1_4' title="bbox 651 3873 3119 4786">
    <p class='ocr_par' dir='ltr' id='par_1_5' title="bbox 651 3873 3119 4786">
     <span class='ocr_line' id='line_1_32' title="bbox 739 3873 3116 3931; baseline 0.001 -12"><span class='ocrx_word' id='word_1_262' title='bbox 739 3876 753 3907; x_wconf 89' lang='lat'>¹</span> <span class='ocrx_word' id='word_1_263' title='bbox 814 3875 1050 3920; x_wconf 73' lang='lat' dir='ltr'>Clarium</span> <span class='ocrx_word' id='word_1_264' title='bbox 1072 3877 1199 3921; x_wconf 75' lang='lat' dir='ltr'>haec</span> <span class='ocrx_word' id='word_1_265' title='bbox 1218 3878 1359 3922; x_wconf 83' lang='lat' dir='ltr'>fient.</span> <span class='ocrx_word' id='word_1_266' title='bbox 1378 3879 1419 3921; x_wconf 83' lang='lat' dir='ltr'>si</span> <span class='ocrx_word' id='word_1_267' title='bbox 1441 3876 1677 3921; x_wconf 80' lang='lat' dir='ltr'>consulas</span> <span class='ocrx_word' id='word_1_268' title='bbox 1708 3876 1962 3930; x_wconf 75' lang='lat' dir='ltr'>Trigault.</span> <span class='ocrx_word' id='word_1_269' title='bbox 1995 3877 2142 3931; x_wconf 85' lang='lat' dir='ltr'>cujus</span> <span class='ocrx_word' id='word_1_270' title='bbox 2164 3879 2327 3920; x_wconf 83' lang='lat' dir='ltr'>verba</span> <span class='ocrx_word' id='word_1_271' title='bbox 2348 3878 2432 3921; x_wconf 87' lang='lat' dir='ltr'>hic</span> <span class='ocrx_word' id='word_1_272' title='bbox 2454 3879 2640 3921; x_wconf 81' lang='lat' dir='ltr'>habes:</span> <span class='ocrx_word' id='word_1_273' title='bbox 2664 3873 2842 3931; x_wconf 77' lang='lat' dir='ltr'>“Ergo</span> <span class='ocrx_word' id='word_1_274' title='bbox 2871 3880 2921 3920; x_wconf 87' lang='lat' dir='ltr'>in</span> <span class='ocrx_word' id='word_1_275' title='bbox 2951 3879 3116 3922; x_wconf 76' lang='lat' dir='ltr'>aciem</span> 
     </span>
     <span class='ocr_line' id='line_1_33' title="bbox 657 3947 3114 4003; baseline 0.002 -16"><span class='ocrx_word' id='word_1_276' title='bbox 657 3947 921 4000; x_wconf 70' lang='lat' dir='ltr'>egreditur</span> <span class='ocrx_word' id='word_1_277' title='bbox 942 3948 1163 4001; x_wconf 60' lang='grc' dir='ltr'>διᾶραι-ς</span> <span class='ocrx_word' id='word_1_278' title='bbox 1200 3949 1377 4002; x_wconf 78' lang='lat' dir='ltr'>copiae</span> <span class='ocrx_word' id='word_1_279' title='bbox 1408 3948 1633 4001; x_wconf 76' lang='lat' dir='ltr'>fuerunt,</span> <span class='ocrx_word' id='word_1_280' title='bbox 1671 3948 1937 3991; x_wconf 77' lang='lat' dir='ltr'>doctrinae</span> <span class='ocrx_word' id='word_1_281' title='bbox 1973 3948 2293 3991; x_wconf 74' lang='lat' dir='ltr'>christianae</span> <span class='ocrx_word' id='word_1_282' title='bbox 2326 3948 2609 3998; x_wconf 77' lang='lat' dir='ltr'>auditores.</span> <span class='ocrx_word' id='word_1_283' title='bbox 2642 3950 2785 4003; x_wconf 88' lang='lat' dir='ltr'>pueri</span> <span class='ocrx_word' id='word_1_284' title='bbox 2814 3959 2877 3992; x_wconf 91' lang='lat' dir='ltr'>ac</span> <span class='ocrx_word' id='word_1_285' title='bbox 2892 3951 3114 4003; x_wconf 77' lang='lat' dir='ltr'>pueliae;</span> 
     </span>
     <span class='ocr_line' id='line_1_34' title="bbox 656 4019 3115 4074; baseline 0.002 -15"><span class='ocrx_word' id='word_1_286' title='bbox 656 4028 803 4060; x_wconf 88' lang='lat' dir='ltr'>arma</span> <span class='ocrx_word' id='word_1_287' title='bbox 824 4029 949 4061; x_wconf 86' lang='lat' dir='ltr'>crux</span> <span class='ocrx_word' id='word_1_288' title='bbox 972 4030 1089 4069; x_wconf 86' lang='lat' dir='ltr'>una.</span> <span class='ocrx_word' id='word_1_289' title='bbox 1111 4027 1358 4073; x_wconf 84' lang='lat' dir='ltr'>quantam</span> <span class='ocrx_word' id='word_1_290' title='bbox 1380 4020 1478 4063; x_wconf 89' lang='lat' dir='ltr'>duo</span> <span class='ocrx_word' id='word_1_291' title='bbox 1498 4027 1707 4073; x_wconf 81' lang='lat' dir='ltr'>possent</span> <span class='ocrx_word' id='word_1_292' title='bbox 1736 4020 2009 4063; x_wconf 83' lang='lat' dir='ltr'>sustinere.</span> <span class='ocrx_word' id='word_1_293' title='bbox 2046 4019 2174 4063; x_wconf 87' lang='lat' dir='ltr'>Cum</span> <span class='ocrx_word' id='word_1_294' title='bbox 2209 4030 2271 4062; x_wconf 85' lang='lat' dir='ltr'>ea</span> <span class='ocrx_word' id='word_1_295' title='bbox 2305 4020 2518 4062; x_wconf 86' lang='lat' dir='ltr'>cohorte</span> <span class='ocrx_word' id='word_1_296' title='bbox 2548 4027 2819 4073; x_wconf 84' lang='lat' dir='ltr'>postquam</span> <span class='ocrx_word' id='word_1_297' title='bbox 2852 4030 3023 4074; x_wconf 88' lang='lat' dir='ltr'>noctu,</span> <span class='ocrx_word' id='word_1_298' title='bbox 3058 4028 3115 4064; x_wconf 84' lang='lat' dir='ltr'>ut</span> 
     </span>
     <span class='ocr_line' id='line_1_35' title="bbox 655 4089 3114 4146; baseline 0.002 -15"><span class='ocrx_word' id='word_1_299' title='bbox 655 4089 784 4132; x_wconf 74' lang='lat' dir='ltr'>ser-ia</span> <span class='ocrx_word' id='word_1_300' title='bbox 804 4097 1004 4144; x_wconf 78' lang='lat' dir='ltr'>quaque</span> <span class='ocrx_word' id='word_1_301' title='bbox 1026 4098 1175 4133; x_wconf 79' lang='lat' dir='ltr'>sexta</span> <span class='ocrx_word' id='word_1_302' title='bbox 1195 4092 1420 4142; x_wconf 79' lang='lat' dir='ltr'>solebat,</span> <span class='ocrx_word' id='word_1_303' title='bbox 1443 4090 1503 4133; x_wconf 86' lang='lat' dir='ltr'>de</span> <span class='ocrx_word' id='word_1_304' title='bbox 1525 4089 1807 4134; x_wconf 80' lang='lat' dir='ltr'>Dominicis</span> <span class='ocrx_word' id='word_1_305' title='bbox 1829 4091 2100 4134; x_wconf 84' lang='lat' dir='ltr'>tormentis</span> <span class='ocrx_word' id='word_1_306' title='bbox 2119 4091 2284 4134; x_wconf 79' lang='lat' dir='ltr'>verba</span> <span class='ocrx_word' id='word_1_307' title='bbox 2305 4091 2532 4137; x_wconf 78' lang='lat' dir='ltr'>fecisset.</span> <span class='ocrx_word' id='word_1_308' title='bbox 2550 4091 2955 4146; x_wconf 81' lang='lat' dir='ltr'>inspectantibus</span> <span class='ocrx_word' id='word_1_309' title='bbox 2971 4102 3114 4135; x_wconf 55' lang='lat' dir='ltr'>*mau—</span> 
     </span>
     <span class='ocr_line' id='line_1_36' title="bbox 654 4161 3115 4217; baseline 0.002 -15"><span class='ocrx_word' id='word_1_310' title='bbox 654 4161 729 4203; x_wconf 70' lang='lat' dir='ltr'>ris</span> <span class='ocrx_word' id='word_1_311' title='bbox 748 4162 945 4211; x_wconf 81' lang='lat' dir='ltr'>(noctes</span> <span class='ocrx_word' id='word_1_312' title='bbox 964 4163 1099 4205; x_wconf 85' lang='lat' dir='ltr'>enim</span> <span class='ocrx_word' id='word_1_313' title='bbox 1132 4163 1407 4206; x_wconf 79' lang='lat' dir='ltr'>Armuziae</span> <span class='ocrx_word' id='word_1_314' title='bbox 1439 4163 1596 4206; x_wconf 83' lang='lat' dir='ltr'>rebus</span> <span class='ocrx_word' id='word_1_315' title='bbox 1629 4163 1844 4216; x_wconf 77' lang='lat' dir='ltr'>agendis</span> <span class='ocrx_word' id='word_1_316' title='bbox 1865 4164 2094 4217; x_wconf 74' lang='lat' dir='ltr'>aptiores</span> <span class='ocrx_word' id='word_1_317' title='bbox 2128 4163 2235 4205; x_wconf 80' lang='lat' dir='ltr'>sere</span> <span class='ocrx_word' id='word_1_318' title='bbox 2267 4163 2641 4216; x_wconf 68' lang='lat' dir='ltr'>vigilabuntur)</span> <span class='ocrx_word' id='word_1_319' title='bbox 2664 4163 2710 4208; x_wconf 86' lang='lat' dir='ltr'>in</span> <span class='ocrx_word' id='word_1_320' title='bbox 2732 4170 2959 4207; x_wconf 86' lang='lat' dir='ltr'>montem</span> <span class='ocrx_word' id='word_1_321' title='bbox 2979 4165 3115 4207; x_wconf 77' lang='lat' dir='ltr'>subit</span> 
     </span>
     <span class='ocr_line' id='line_1_37' title="bbox 654 4233 3119 4288; baseline 0.002 -14"><span class='ocrx_word' id='word_1_322' title='bbox 654 4239 705 4275; x_wconf 91' lang='lat' dir='ltr'>et</span> <span class='ocrx_word' id='word_1_323' title='bbox 727 4243 816 4286; x_wconf 85' lang='lat' dir='ltr'>per</span> <span class='ocrx_word' id='word_1_324' title='bbox 839 4233 999 4276; x_wconf 87' lang='lat' dir='ltr'>otium</span> <span class='ocrx_word' id='word_1_325' title='bbox 1030 4234 1079 4276; x_wconf 89' lang='lat' dir='ltr'>in</span> <span class='ocrx_word' id='word_1_326' title='bbox 1114 4234 1386 4287; x_wconf 83' lang='lat' dir='ltr'>misquitae</span> <span class='ocrx_word' id='word_1_327' title='bbox 1409 4245 1606 4277; x_wconf 85' lang='lat' dir='ltr'>summo</span> <span class='ocrx_word' id='word_1_328' title='bbox 1641 4235 1805 4288; x_wconf 84' lang='lat' dir='ltr'>apice,</span> <span class='ocrx_word' id='word_1_329' title='bbox 1841 4234 1971 4277; x_wconf 85' lang='lat' dir='ltr'>unde</span> <span class='ocrx_word' id='word_1_330' title='bbox 2006 4235 2330 4288; x_wconf 86' lang='lat' dir='ltr'>potissimum</span> <span class='ocrx_word' id='word_1_331' title='bbox 2353 4245 2559 4277; x_wconf 90' lang='lat' dir='ltr'>crucem</span> <span class='ocrx_word' id='word_1_332' title='bbox 2579 4243 2957 4278; x_wconf 80' lang='lat' dir='ltr'>consueverant</span> <span class='ocrx_word' id='word_1_333' title='bbox 2980 4235 3119 4278; x_wconf 84' lang='lat' dir='ltr'>dete-</span> 
     </span>
     <span class='ocr_line' id='line_1_38' title="bbox 651 4303 3114 4359; baseline 0 -12"><span class='ocrx_word' id='word_1_334' title='bbox 651 4303 797 4349; x_wconf 70' lang='lat' dir='ltr'>stari.</span> <span class='ocrx_word' id='word_1_335' title='bbox 816 4305 1340 4357; x_wconf 72' lang='lat' dir='ltr'>opeoeenementario</span> <span class='ocrx_word' id='word_1_336' title='bbox 1361 4315 1568 4348; x_wconf 87' lang='lat' dir='ltr'>crucem</span> <span class='ocrx_word' id='word_1_337' title='bbox 1588 4304 1717 4359; x_wconf 80' lang='lat' dir='ltr'>figit.</span> <span class='ocrx_word' id='word_1_338' title='bbox 1748 4304 1957 4348; x_wconf 78' lang='lat' dir='ltr'>Terruit</span> <span class='ocrx_word' id='word_1_339' title='bbox 1993 4316 2056 4348; x_wconf 84' lang='lat' dir='ltr'>ea</span> <span class='ocrx_word' id='word_1_340' title='bbox 2089 4315 2175 4348; x_wconf 75' lang='lat' dir='ltr'>res</span> <span class='ocrx_word' id='word_1_341' title='bbox 2209 4305 2412 4356; x_wconf 75' lang='lat' dir='ltr'>(mirum</span> <span class='ocrx_word' id='word_1_342' title='bbox 2441 4304 2606 4358; x_wconf 68' lang='lat' dir='ltr'>dictu)</span> <span class='ocrx_word' id='word_1_343' title='bbox 2635 4312 2692 4348; x_wconf 87' lang='lat' dir='ltr'>et</span> <span class='ocrx_word' id='word_1_344' title='bbox 2726 4317 3005 4349; x_wconf 77' lang='lat' dir='ltr'>saracenos</span> <span class='ocrx_word' id='word_1_345' title='bbox 3039 4307 3114 4349; x_wconf 84' lang='lat' dir='ltr'>ita</span> 
     </span>
     <span class='ocr_line' id='line_1_39' title="bbox 653 4373 3112 4431; baseline 0.001 -14"><span class='ocrx_word' id='word_1_346' title='bbox 653 4374 1011 4427; x_wconf 66' lang='lat' dir='ltr'>obstupefecit.</span> <span class='ocrx_word' id='word_1_347' title='bbox 1031 4383 1089 4418; x_wconf 76' lang='lat' dir='ltr'>ut</span> <span class='ocrx_word' id='word_1_348' title='bbox 1110 4387 1171 4419; x_wconf 87' lang='lat' dir='ltr'>ne</span> <span class='ocrx_word' id='word_1_349' title='bbox 1192 4377 1380 4419; x_wconf 72' lang='lat' dir='ltr'>mutire</span> <span class='ocrx_word' id='word_1_350' title='bbox 1400 4377 1603 4431; x_wconf 81' lang='lat' dir='ltr'>quidem</span> <span class='ocrx_word' id='word_1_351' title='bbox 1624 4377 1829 4420; x_wconf 80' lang='lat' dir='ltr'>illorum</span> <span class='ocrx_word' id='word_1_352' title='bbox 1848 4373 2118 4430; x_wconf 69' lang='lat' dir='ltr'>quisquam</span> <span class='ocrx_word' id='word_1_353' title='bbox 2140 4387 2296 4419; x_wconf 77' lang='lat' dir='ltr'>ausus</span> <span class='ocrx_word' id='word_1_354' title='bbox 2315 4377 2489 4420; x_wconf 78' lang='lat' dir='ltr'>fuerit.</span> <span class='ocrx_word' id='word_1_355' title='bbox 2519 4375 2787 4421; x_wconf 61' lang='lat' dir='ltr'>Haut-inis</span> <span class='ocrx_word' id='word_1_356' title='bbox 2807 4389 2933 4421; x_wconf 76' lang='lat' dir='ltr'>vero</span> <span class='ocrx_word' id='word_1_357' title='bbox 2951 4378 3112 4430; x_wconf 76' lang='lat' dir='ltr'>horis,</span> 
     </span>
     <span class='ocr_line' id='line_1_40' title="bbox 656 4445 3112 4502; baseline 0.002 -16"><span class='ocrx_word' id='word_1_358' title='bbox 656 4446 740 4486; x_wconf 85' lang='lat' dir='ltr'>ubi</span> <span class='ocrx_word' id='word_1_359' title='bbox 762 4455 825 4486; x_wconf 83' lang='lat' dir='ltr'>ex</span> <span class='ocrx_word' id='word_1_360' title='bbox 846 4445 954 4487; x_wconf 87' lang='lat' dir='ltr'>alto</span> <span class='ocrx_word' id='word_1_361' title='bbox 972 4447 1144 4499; x_wconf 61' lang='lat' dir='ltr'>&gt;patuit</span> <span class='ocrx_word' id='word_1_362' title='bbox 1165 4447 1413 4489; x_wconf 82' lang='lat' dir='ltr'>vexillum</span> <span class='ocrx_word' id='word_1_363' title='bbox 1434 4447 1549 4490; x_wconf 81' lang='lat' dir='ltr'>fidei</span> <span class='ocrx_word' id='word_1_364' title='bbox 1570 4455 1794 4497; x_wconf 87' lang='lat' dir='ltr'>nostrae,</span> <span class='ocrx_word' id='word_1_365' title='bbox 1816 4448 2012 4502; x_wconf 84' lang='lat' dir='ltr'>aliquot</span> <span class='ocrx_word' id='word_1_366' title='bbox 2040 4449 2521 4491; x_wconf 76' lang='lat' dir='ltr'>mahometanorum</span> <span class='ocrx_word' id='word_1_367' title='bbox 2541 4449 2704 4491; x_wconf 86' lang='lat' dir='ltr'>millia</span> <span class='ocrx_word' id='word_1_368' title='bbox 2725 4456 3112 4498; x_wconf 82' lang='lat' dir='ltr'>concurrerunt,</span> 
     </span>
     <span class='ocr_line' id='line_1_41' title="bbox 655 4518 3114 4574; baseline 0.002 -17"><span class='ocrx_word' id='word_1_369' title='bbox 655 4522 707 4558; x_wconf 78' lang='lat' dir='ltr'>et</span> <span class='ocrx_word' id='word_1_370' title='bbox 725 4525 828 4557; x_wconf 67' lang='lat' dir='ltr'>non</span> <span class='ocrx_word' id='word_1_371' title='bbox 851 4525 998 4559; x_wconf 70' lang='lat' dir='ltr'>neena</span> <span class='ocrx_word' id='word_1_372' title='bbox 1017 4527 1078 4559; x_wconf 87' lang='lat' dir='ltr'>ac</span> <span class='ocrx_word' id='word_1_373' title='bbox 1099 4518 1141 4559; x_wconf 80' lang='lat' dir='ltr'>si</span> <span class='ocrx_word' id='word_1_374' title='bbox 1159 4550 1169 4571; x_wconf 94' lang='lat'>,</span> <span class='ocrx_word' id='word_1_375' title='bbox 1184 4524 1347 4571; x_wconf 83' lang='lat' dir='ltr'>capta</span> <span class='ocrx_word' id='word_1_376' title='bbox 1368 4519 1611 4573; x_wconf 75' lang='lat' dir='ltr'>civitate,</span> <span class='ocrx_word' id='word_1_377' title='bbox 1634 4520 1856 4562; x_wconf 82' lang='lat' dir='ltr'>hostium</span> <span class='ocrx_word' id='word_1_378' title='bbox 1879 4529 1972 4573; x_wconf 80' lang='lat' dir='ltr'>pro</span> <span class='ocrx_word' id='word_1_379' title='bbox 1993 4519 2153 4562; x_wconf 82' lang='lat' dir='ltr'>muris</span> <span class='ocrx_word' id='word_1_380' title='bbox 2172 4520 2370 4562; x_wconf 72' lang='lat' dir='ltr'>vexilia</span> <span class='ocrx_word' id='word_1_381' title='bbox 2389 4520 2745 4573; x_wconf 76' lang='lat' dir='ltr'>conspicerent</span> <span class='ocrx_word' id='word_1_382' title='bbox 2762 4552 2772 4572; x_wconf 83' lang='lat'>,</span> <span class='ocrx_word' id='word_1_383' title='bbox 2793 4520 3114 4574; x_wconf 71' lang='lat' dir='ltr'>refugerunt,</span> 
     </span>
     <span class='ocr_line' id='line_1_42' title="bbox 656 4585 3116 4645; baseline 0.001 -16"><span class='ocrx_word' id='word_1_384' title='bbox 656 4585 999 4630; x_wconf 56' lang='lat' dir='ltr'>Rumonem</span> <span class='ocrx_word' id='word_1_385' title='bbox 1018 4599 1173 4642; x_wconf 79' lang='lat' dir='ltr'>porro</span> <span class='ocrx_word' id='word_1_386' title='bbox 1201 4589 1268 4632; x_wconf 73' lang='lat' dir='ltr'>ad</span> <span class='ocrx_word' id='word_1_387' title='bbox 1290 4590 1392 4633; x_wconf 68' lang='lat' dir='ltr'>iota</span> <span class='ocrx_word' id='word_1_388' title='bbox 1416 4601 1649 4643; x_wconf 86' lang='lat' dir='ltr'>caecum,</span> <span class='ocrx_word' id='word_1_389' title='bbox 1670 4591 1735 4633; x_wconf 81' lang='lat' dir='ltr'>ad</span> <span class='ocrx_word' id='word_1_390' title='bbox 1755 4601 1875 4633; x_wconf 84' lang='lat' dir='ltr'>suos</span> <span class='ocrx_word' id='word_1_391' title='bbox 1893 4591 2120 4645; x_wconf 61' lang='lat' dir='ltr'>ejulatus</span> <span class='ocrx_word' id='word_1_392' title='bbox 2153 4590 2380 4637; x_wconf 76' lang='lat' dir='ltr'>surdum.</span> <span class='ocrx_word' id='word_1_393' title='bbox 2412 4591 2816 4634; x_wconf 72' lang='lat' dir='ltr'>lamentabiliter</span> <span class='ocrx_word' id='word_1_394' title='bbox 2839 4591 3116 4634; x_wconf 77' lang='lat' dir='ltr'>inclaman—</span> 
     </span>
     <span class='ocr_line' id='line_1_43' title="bbox 658 4653 3114 4715; baseline 0.001 -16"><span class='ocrx_word' id='word_1_395' title='bbox 658 4665 753 4708; x_wconf 85' lang='lat' dir='ltr'>tes,</span> <span class='ocrx_word' id='word_1_396' title='bbox 774 4657 1060 4701; x_wconf 86' lang='lat' dir='ltr'>aediculam</span> <span class='ocrx_word' id='word_1_397' title='bbox 1084 4658 1306 4713; x_wconf 84' lang='lat' dir='ltr'>Gaspari</span> <span class='ocrx_word' id='word_1_398' title='bbox 1328 4660 1662 4713; x_wconf 88' lang='lat' dir='ltr'>reliquerunt;</span> <span class='ocrx_word' id='word_1_399' title='bbox 1685 4661 1769 4714; x_wconf 90' lang='lat' dir='ltr'>qui</span> <span class='ocrx_word' id='word_1_400' title='bbox 1787 4660 1896 4714; x_wconf 70' lang='lat' dir='ltr'>jam</span> <span class='ocrx_word' id='word_1_401' title='bbox 1920 4661 2183 4714; x_wconf 86' lang='lat' dir='ltr'>expiatam</span> <span class='ocrx_word' id='word_1_402' title='bbox 2209 4659 2410 4715; x_wconf 80' lang='lat' dir='ltr'>Virgini</span> <span class='ocrx_word' id='word_1_403' title='bbox 2432 4661 2626 4706; x_wconf 79' lang='lat' dir='ltr'>Mariae</span> <span class='ocrx_word' id='word_1_404' title='bbox 2647 4661 2870 4714; x_wconf 78' lang='lat' dir='ltr'>victrici,</span> <span class='ocrx_word' id='word_1_405' title='bbox 2895 4672 2926 4704; x_wconf 85' lang='lat' dir='ltr'>a</span> <span class='ocrx_word' id='word_1_406' title='bbox 2942 4653 3114 4704; x_wconf 70' lang='lat' dir='ltr'>Monte</span> 
     </span>
     <span class='ocr_line' id='line_1_44' title="bbox 654 4728 3116 4786; baseline 0.001 -16"><span class='ocrx_word' id='word_1_407' title='bbox 654 4728 1065 4782; x_wconf 58' lang='lat' dir='ltr'>comminatae,</span> <span class='ocrx_word' id='word_1_408' title='bbox 1084 4729 1366 4783; x_wconf 69' lang='lat' dir='ltr'>dedicavit,</span> <span class='ocrx_word' id='word_1_409' title='bbox 1382 4739 1439 4774; x_wconf 84' lang='lat' dir='ltr'>et</span> <span class='ocrx_word' id='word_1_410' title='bbox 1459 4732 1599 4784; x_wconf 77' lang='lat' dir='ltr'>pium</span> <span class='ocrx_word' id='word_1_411' title='bbox 1616 4732 1871 4774; x_wconf 85' lang='lat' dir='ltr'>hominem</span> <span class='ocrx_word' id='word_1_412' title='bbox 1894 4732 1990 4774; x_wconf 81' lang='lat' dir='ltr'>ioci</span> <span class='ocrx_word' id='word_1_413' title='bbox 2009 4732 2293 4784; x_wconf 79' lang='lat' dir='ltr'>custodem,</span> <span class='ocrx_word' id='word_1_414' title='bbox 2316 4732 2401 4786; x_wconf 72' lang='lat' dir='ltr'>qui</span> <span class='ocrx_word' id='word_1_415' title='bbox 2423 4741 2630 4774; x_wconf 78' lang='lat' dir='ltr'>suorum</span> <span class='ocrx_word' id='word_1_416' title='bbox 2649 4732 2899 4774; x_wconf 87' lang='lat' dir='ltr'>scelerum</span> <span class='ocrx_word' id='word_1_417' title='bbox 2921 4738 3116 4783; x_wconf 73' lang='lat' dir='ltr'>poenas</span> 
     </span>
    </p>
   </div>
  </div>
 </body>
</html>
