3679 5414
758 553 763 558 2
818 509 929 569 756
1738 510 1993 569 Cnnox.
2037 509 2190 568 Soc.
2231 510 2371 582 με.

814 664 938 718 tuo
969 663 1308 735 petenteS,
1344 672 1477 718 nec
1506 655 1785 738 pluvias
1816 673 1949 718 nec
1982 663 2257 718 aestum
2288 653 2850 717 reformidantes.
2893 653 3284 734 Stupebant

815 772 1052 825 autem
1082 771 1539 840 mercatores,
1570 762 1930 842 publicani
1960 772 2029 825 et
2070 761 2541 825 brachmanes
2570 762 2757 843 quod
2795 762 2968 843 ipsis
3007 763 3304 826 restitum

812 868 1042 932 tiones
1069 871 1332 932 multae
1361 868 1631 947 fierent,
1665 878 1735 932 et
1764 869 2100 933 volebant
2128 869 2219 932 ad
2248 869 2464 950 pedes
2487 869 2564 932 Ρ.
2594 867 2999 932 Melchioris
3022 886 3098 932 se
3122 887 3281 950 pro·

804 976 1024 1057 jicere
1055 985 1129 1039 ut
1160 977 1436 1056 gratias
1465 977 1563 1040 illi
1595 986 1920 1057 agerent;
1958 995 2102 1041 non
2146 985 2388 1040 tamen
2418 977 2753 1040 continuo
2792 976 2885 1039 ad
2924 976 3283 1041 Christum

810 1084 1132 1147 converti
1177 1083 1720 1162 constituebant,
1754 1084 2083 1164 quamvis
2130 1094 2278 1147 tres
2310 1093 2431 1147 aut
2470 1092 2774 1165 quatuor
2812 1084 3283 1147 brachmanes

808 1200 1247 1254 mercatores
1299 1190 1562 1255 Christi
1612 1190 1821 1254 fidem
1872 1196 2336 1272 susceperunt
2361 1240 2375 1268 ,
2433 1207 2692 1258 ,usuras
2739 1192 2938 1254 multi
2988 1190 3280 1271 relique-

808 1305 974 1361 runt
1002 1306 1073 1360 et
1116 1297 1535 1378 tyrannides
1568 1307 1690 1360 aut
1719 1298 2178 1361 extortiones.
2214 1297 2391 1361 Cum
2433 1306 2671 1361 autem
2700 1297 2987 1377 quidam
3024 1315 3116 1361 ex
3143 1297 3296 1360 fra-·

809 1404 1056 1482 tribuS,
1092 1404 1425 1485 propriae
1455 1405 1949 1484 abnegationis
1979 1405 2240 1484 gratia,
2275 1403 2365 1467 ad
2400 1404 2687 1468 domum
2718 1402 3086 1485 cujusdam
3117 1421 3276 1467 con-

807 1512 1154 1575 cubinarii
1198 1528 1359 1574 cum
1389 1511 1706 1575 calvaria
1746 1513 2005 1575 mortui
2036 1520 2251 1575 noctu
2280 1512 2538 1575 missus
2567 1521 2777 1590 esset,
2805 1512 2918 1575 die
2947 1513 3273 1592 sequenti

747 1676 756 1688 ,
806 1627 1271 1698 compunctus
1303 1618 1852 1682 concubinarius
1895 1619 2008 1683 ille
2039 1618 2397 1699 flagellum
2435 1619 2525 1681 ad
2554 1637 2631 1682 se
2670 1618 3112 1681 caedendum
3152 1635 3268 1698 po·

804 1726 1098 1789 stulavit
1121 1733 1189 1788 et
1213 1725 1601 1804 imaginem
1624 1724 1980 1805 Crucifixi,
2009 1736 2077 1789 et
2106 1742 2184 1789 se
2213 1725 2686 1789 concubinam
2715 1727 2895 1789 velle
2921 1726 3129 1790 domo
3154 1725 3216 1807 ej
3225 1729 3272 1791 i·

803 1849 965 1895 cere
1008 1831 1205 1910 dixit,
1240 1832 1429 1912 quod
1459 1841 1527 1895 et
1556 1833 1797 1895 statim
1825 1832 2012 1895 fecit.
2049 1833 2290 1913 Itaque
2321 1850 2410 1896 ne
2439 1833 2560 1896 illa
2602 1833 2883 1913 quidem
2928 1833 3272 1898 inutiliter

803 1939 1150 2003 cedebant
1190 1939 1565 2019 proximiS,
1609 1957 1790 2019 quae
1828 1940 1919 2002 ad
1958 1941 2274 2020 ipsorum
2313 1939 2617 2003 fratrum
2659 1939 3035 2003 utilitatem
3082 1941 3273 2004 insti·

804 2045 1203 2109 tuebantur.
1265 2044 1501 2126 Opera
1559 2046 1849 2109 alterius
1901 2064 1990 2109 ex
2039 2046 2149 2109 his
2199 2044 2566 2125 fratribuS,
2621 2046 2741 2125 qui
2785 2043 3092 2125 judicem
3142 2064 3289 2127 pro-

804 2153 1224 2233 quibusdam
1280 2152 1352 2216 in
1409 2153 1733 2216 custodia
1801 2153 2094 2217 retentis
2151 2153 2436 2232 orabat,
2499 2151 2714 2234 aliqui
2776 2169 2865 2216 ex
2918 2153 3024 2216 eis
3075 2153 3273 2216 liberi

801 2259 1072 2323 dimissi
1121 2269 1317 2339 sunt;
1383 2260 1810 2340 pauperibus
1860 2278 2002 2323 non
2051 2260 2311 2340 exigua
2363 2261 2815 2340 eleemosyna
2869 2260 3282 2337 distributa;.

798 2365 1200 2446 juramenta
1249 2385 1292 2429 a
1344 2368 1586 2447 pueris
1633 2367 2093 2447 reprehensa,
2148 2376 2218 2429 et
2270 2368 2409 2430 alia
2461 2365 2859 2446 hujusmodi
2911 2368 3129 2429 multa
3181 2366 3271 2431 ad

803 2473 1202 2554 profectum
1245 2474 1642 2536 animarum
1693 2473 1915 2551 facta;
1949 2483 2016 2536 et
2047 2483 2415 2559 tantopere
2446 2474 2762 2536 nonnulli
2792 2473 3290 2554 spiritualibus.

804 2578 1016 2641 rebus
1045 2597 1121 2642 se
1152 2579 1527 2660 dedebant,
1562 2590 1637 2643 ut
1668 2590 1904 2644 essent
1932 2581 2051 2660 qui
2079 2589 2385 2660 quatuor
2413 2581 2629 2643 horas
2654 2580 2958 2643 orationi
2983 2582 3271 2644 mentali

801 2684 1116 2766 quotidie
1147 2685 1558 2750 tribuerent.
1592 2686 1782 2750 Mille
1812 2705 2067 2751 aureos
2096 2696 2166 2750 et
2196 2687 2498 2768 amplius
2528 2687 2743 2751 annui
2774 2685 3066 2766 reditus,
3095 2704 3284 2769 quos.

801 2792 1281 2871 portugalliae
1324 2792 1478 2857 Rex
1520 2795 1682 2857 huic
1721 2794 2036 2874 Collegio
2082 2794 2500 2875 applicavit,
2544 2811 2704 2856 cum
2743 2795 2979 2874 pueris
3011 2812 3269 2875 expen-

802 2901 1085 2979 duntur,
1119 2917 1302 2980 quos
1326 2900 1586 2964 ibidem
1614 2902 1885 2965 institui
1909 2900 1982 2964 P.
2016 2901 2075 2964 F
2077 2902 2445 2965 ranciscus
2465 2900 2738 2964 Xavier
2760 2902 2896 2964 hoc
2921 2919 3109 2964 anno
3127 2900 3265 2982 jus·

802 3016 1022 3070 serat.

921 3113 1060 3177 723.
1151 3114 1228 3177 In
1282 3116 1570 3178 civitate
1619 3115 1822 3178 Tana
1871 3114 2225 3179 residebat
2274 3113 2350 3178 P.
2403 3114 2834 3178 Franciscus
2884 3115 3261 3196 Enriquez.

800 3220 1037 3284 Distat
1076 3232 1380 3300 quatuor
1423 3223 1644 3285 leucis
1694 3239 1779 3285 ea
1830 3221 2087 3285 civitas
2129 3239 2170 3284 a
2221 3221 2508 3285 Bazain.
2549 3220 2910 3300 ‘Quamvis
2962 3221 3279 3284 adversa

799 3328 1201 3391 valetudine
1257 3330 1650 3407 laboraret,
1712 3329 2174 3408 christianOS,
2237 3329 2356 3408 qui
2405 3328 2580 3391 satis
2640 3327 2736 3391 ibi
2786 3328 2986 3390 multi
3038 3341 3261 3403 erant,

797 3436 1206 3498 necessaria
1240 3435 1329 3498 ad
1361 3437 1661 3499 salutem
1691 3436 2024 3515 docebat,
2059 3435 2238 3499 filios
2269 3451 2513 3498 eorum
2540 3434 2973 3515 baptizabat,
3008 3445 3077 3498 et
3107 3436 3262 3497 lusi-

797 3548 1128 3604 tanorum
1173 3541 1657 3606 confessiones
1704 3542 2065 3621 audiebat,
2109 3551 2179 3605 et
2221 3543 2484 3605 multos
2523 3560 2565 3604 a
2603 3538 2918 3621 peccatis
2967 3550 3035 3603 et
3074 3541 3276 3604 vitiis.

795 3648 1141 3727 gravibus
1185 3649 1603 3729 revocabat;
1648 3649 2029 3729 aliquando
2072 3650 2287 3713 etiam
2331 3648 2719 3713 Bazainum
2748 3665 2823 3710 se
2856 3646 3262 3710 conferebat

796 3763 872 3816 ut
902 3751 977 3816 P.
1013 3754 1471 3818 Melchiorem
1494 3752 1892 3834 adjuvaret,
1924 3773 2086 3818 cum
2109 3756 2326 3818 nimia
2359 3754 2843 3818 confitentium
2871 3753 3262 3834 frequentia

795 3860 865 3922 id
905 3862 1261 3940 exigebat.
1297 3861 1460 3925 Fuit
1499 3862 1665 3924 olim
1703 3861 1906 3925 Tana
1946 3879 2454 3925 saracenorum
2508 3862 2850 3941 populosa
2892 3860 3149 3923 civitas
3191 3861 3262 3923 in

796 3968 1059 4047 insula,
1095 3969 1379 4032 nomine
1410 3967 1711 4046 Salsete,
1759 3978 1827 4031 et
1874 3968 1970 4031 ibi
2010 3984 2347 4047 magnam
2379 3968 2753 4031 ecclesiam
2795 3966 2924 4029 sub
2974 3966 3258 4030 invoca·

792 4075 986 4137 tione
1024 4075 1275 4138 Matris
1324 4073 1458 4137 Dei
1502 4073 1826 4138 Societas
1869 4075 2105 4138 habet.
2148 4075 2274 4138 Est
2316 4085 2550 4139 autem
2598 4072 2902 4137 salubris
2945 4080 3070 4136 aer
3110 4071 3270 4152 ejus

798 4181 1137 4270 regionis.
