3679 5414
1590 447 1718 506 ΑΝ.
1764 448 1904 507 1552
2866 449 2974 508 673

506 596 618 659 nis
646 596 1048 676 praeteritis
1076 593 1314 657 facere
1342 595 1689 672 voluerat,
1723 593 1859 657 hoc
1888 593 2077 671 fecit,
2101 603 2201 673 ut,
2228 593 2517 673 scilicet,
2546 603 2831 657 nostros
2855 595 2972 656 eli·

505 711 708 782 geret
738 720 823 765 ac
852 703 925 765 in
955 703 1283 782 catalogo
1324 701 1605 782 publico
1644 701 2244 764 confessariorum
2282 710 2711 766 numeraret.
2744 701 2971 782 Inqui-

506 810 764 873 sitores
814 810 1030 872 etiam
1081 810 1343 889 optime
1380 808 1467 870 de
1505 808 1768 871 nostris
1807 809 2228 871 sentiebant.
2281 808 2427 871 Nec
2470 809 2796 870 cessabat
2837 808 2969 872 fre·

508 916 793 997 quentia
824 915 1308 979 confitentium
1336 925 1405 978 et
1434 915 2129 994 communicantium,
2163 916 2491 994 quamvis
2537 915 2802 978 eisdem
2833 916 2970 978 die-

505 1023 637 1086 bus
667 1023 1128 1086 concionator
1159 1023 1446 1103 quidam
1475 1022 1742 1085 ordinis
1772 1020 1842 1086 S.
1878 1021 2283 1100 Augustini,
2318 1022 2435 1102 qui
2475 1023 2545 1084 in
2586 1040 2669 1085 eo
2709 1023 2969 1101 templo

505 1131 1085 1210 concionabatur,
1120 1131 1208 1194 ad
1241 1130 1426 1210 quod
1458 1129 1531 1192 P.
1580 1128 1841 1194 Strada
1879 1130 2222 1193 invitatus
2259 1131 2506 1192 venire
2544 1148 2687 1193 non
2729 1140 2969 1210 potue·

505 1247 641 1317 rat,
677 1238 942 1317 aliquot
982 1237 1441 1300 concionibus
1484 1255 1607 1299 eos
1648 1237 2230 1316 reprehenderet,
2276 1237 2395 1316 qui
2434 1238 2648 1299 certis
2690 1238 2967 1317 quibus·

506 1345 672 1408 dam
700 1345 943 1408 diebus
974 1345 1613 1423 communicabant,
1648 1353 1725 1406 et·
1754 1345 1826 1407 in
1867 1343 1992 1407 e'os
2034 1353 2372 1424 tanquam
2414 1345 2826 1424 hypocritas
2868 1346 2965 1407 in·

504 1461 755 1515 vectus
794 1460 979 1529 erat,
1025 1452 1189 1532 quia
1230 1452 1300 1514 in
1347 1452 1488 1530 his,
1524 1469 1704 1531 quae
1735 1452 2090 1531 pertinent
2127 1451 2218 1513 ad
2255 1450 2387 1513 Dei
2419 1452 2705 1529 cultum,
2737 1453 2970 1532 magis

504 1576 717 1639 quam
746 1558 934 1638 quod
963 1559 1427 1622 communiter
1457 1559 1530 1621 in
1558 1576 1691 1621 usu
1721 1566 1828 1621 est
1856 1568 2326 1638 praestarent.
2362 1556 2779 1636 Hujusmodi
2810 1576 2969 1622 con·

501 1667 747 1729 ciones
775 1683 1144 1729 rumorum
1184 1683 1405 1728 causa
1443 1675 1511 1728 et
1551 1664 1955 1728 offendiculi
1995 1665 2336 1728 debilibus
2380 1673 2613 1742 erant3
2658 1675 2761 1744 et,
2807 1682 2971 1728 cum

498 1772 577 1835 P.
609 1774 1036 1837 Franciscus
1069 1774 1156 1837 de
1185 1772 1400 1853 Rojas
1430 1773 1704 1836 videret
1734 1781 2076 1853 quantum
2105 1773 2443 1836 damnum
2472 1773 2709 1835 multis
2738 1791 2821 1835 ea
2853 1773 2970 1836 do-

502 1881 733 1943 ctrina
764 1880 1078 1959 inferret,
1111 1881 1396 1960 scripsit
1427 1880 1589 1944 huic
1619 1880 1955 1959 religioso
1985 1880 2071 1943 de
2102 1880 2214 1942 his
2253 1880 2851 1960 propositionibus
2897 1890 2965 1944 et

503 1988 595 2051 ad
624 1987 1018 2067 Collegium
1047 2005 1210 2050 eum
1237 1987 1588 2062 invitavit;
1629 1987 1816 2068 quod
1847 1987 2243 2050 humaniter
2269 2004 2353 2048 ac
2377 1988 2719 2050 benevole
2741 2005 2785 2049 a
2807 1988 2967 2050 viro

502 2095 839 2174 religioso
870 2095 1258 2158 admissum
1290 2104 1417 2173 est,
1453 2094 1569 2175 qui
1598 2093 2030 2173 significavit
2059 2094 2273 2155 aliam
2302 2093 2519 2156 fuisse
2552 2110 2756 2157 suam
2780 2111 2967 2156 men·

500 2211 645 2265 tem
668 2219 802 2290 ⁴nec
832 2202 920 2265 de
949 2203 1275 2282 personis
1305 2202 1395 2265 ad
1433 2209 1886 2265 sacramenta
1924 2201 2175 2263 crebro
2217 2200 2716 2264 accedentibus
2756 2218 2832 2262 se
2875 2201 2969 2264 lo-

508 2309 628 2389 qui
655 2310 994 2388 voluisse;
1026 2318 1095 2371 et
1126 2310 1225 2372 ita
1263 2309 1611 2372 Dominus
1649 2307 1800 2387 ejus
1834 2325 1959 2369 cor
1996 2308 2427 2386 immutavit,
2474 2315 2550 2368 ut
2589 2307 2768 2369 duas
2806 2324 2969 2370 con·

505 2415 751 2479 ciones
795 2416 1081 2479 omnino
1121 2415 1520 2479 contrarias
1556 2415 1922 2479 doctrinae
1962 2415 2159 2494 prius
2199 2414 2604 2493 propositae
2644 2432 2806 2477 cum
2847 2417 2968 2479 ali-

505 2541 807 2604 quorum
834 2524 1303 2590 admiratione
1333 2532 1401 2585 et
1433 2522 1920 2586 aedificatione
1944 2521 2289 2583 habuerit.
2320 2519 2538 2584 Paulo
2560 2531 2724 2602 post
2747 2523 2969 2585 movit

505 2629 855 2694 Dominus
883 2632 1133 2712 spiritu
1165 2630 1470 2713 quodam
1501 2629 1902 2693 vehementi
1934 2646 2179 2692 omnes
2217 2630 2758 2693 concionatores
2797 2629 2969 2693 Cae·

506 2750 978 2819 saraugustae
1002 2749 1076 2802 ut
1108 2756 1371 2819 magno
1402 2756 1564 2802 cum
1601 2738 1887 2801 fervore
1927 2737 2017 2800 ad
2058 2736 2526 2815 frequentiam
2568 2755 2967 2801 sacramen-

506 2854 741 2908 torum
769 2849 1106 2927 populum
1135 2847 1673 2910 inflammarent.

625 2952 768 3015 576.
855 2952 1136 3016 Primus
1165 2972 1254 3016 ex
1283 2954 1844 3032 magistratibus,
1878 2970 2055 3032 quos
2082 2951 2373 3033 Juratos
2403 2948 2696 3031 vo'cant,
2732 2969 2967 3032 quem-

507 3062 673 3125 dam
701 3079 790 3123 ex
819 3062 1083 3123 nostris
1111 3062 1500 3142 alloquenS,
1532 3061 1835 3139 rogabat
1868 3070 1943 3123 ut
1973 3059 2048 3122 P.
2078 3058 2335 3122 Strada
2361 3061 2432 3122 in
2456 3060 2775 3138 sequenti
2800 3077 2968 3139 qua-

507 3167 914 3247 dragesima
944 3168 1035 3231 ad
1065 3168 1628 3231 concionandum
1657 3166 2307 3246 Caesaraugustam
2346 3167 2657 3243 veniret,
2694 3167 2880 3247 quod
2910 3169 2969 3229 si

504 3275 726 3354 fieret,
761 3275 1205 3355 significabat
1236 3275 1328 3338 ad
1357 3274 1751 3354 Collegium
1780 3274 2157 3337 Societatis
2187 3273 2682 3336 stabiliendum
2707 3274 2971 3354 aliquid

508 3400 584 3445 se
623 3383 996 3447 facturum.
1042 3382 1198 3445 Non
1228 3382 1358 3446 fuit
1388 3391 1624 3445 autem
1654 3382 1997 3445 sollicitus
2028 3382 2141 3444 ille
2182 3380 2391 3444 Pater
2431 3390 2509 3443 ut
2546 3381 2972 3460 intelligeret

509 3490 846 3570 quidnam
875 3490 947 3553 id
975 3499 1194 3567 esset,
1236 3507 1324 3552 ne
1362 3488 1653 3552 nimiam
1686 3489 2037 3552 rationem
2068 3488 2365 3566 Collegii
2396 3496 2679 3550 nostros
2707 3487 2969 3551 habere

507 3596 961 3676 significaret.

623 3704 765 3767 577.
853 3705 1201 3767 Intellexit
1231 3703 1305 3766 P.
1334 3704 1762 3767 Franciscus
1782 3701 1870 3765 de
1893 3702 2158 3781 Borgia
2181 3720 2223 3764 a
2248 3702 2553 3782 quodam
2579 3703 2735 3766 viro
2758 3703 2973 3765 nobili

504 3830 592 3875 ac
625 3811 830 3875 valde
858 3813 974 3892 pio
1007 3813 1208 3891 regni
1246 3811 1683 3891 Aragoniae,
1711 3810 1993 3873 venisse
2018 3811 2088 3872 in
2112 3809 2531 3889 Hispaniam
2553 3826 2974 3872 saracenum

505 3921 906 4000 quemdam,
938 3928 1267 3999 nepotem
1294 3918 1515 3998 Regis
1541 3917 1762 3981 Velez
1791 3918 1865 3981 in
1894 3915 2174 3995 Africa,
2209 3934 2371 3980 cum
2400 3916 2624 3980 tribus
2661 3917 2777 3980 vel
2804 3933 2971 3996 qua—

508 4037 672 4090 tuor
698 4027 1002 4105 famuliS,
1037 4026 1154 4106 qui
1185 4046 1227 4089 a
1259 4027 1457 4089 curia
1488 4025 1836 4105 Principis
1869 4023 2172 4105 Philippi
2194 4034 2264 4087 et
2287 4041 2449 4086 cum
2472 4024 2695 4103 ipsius
2717 4023 2972 4086 litteris

508 4136 1155 4214 Caesaraugustam
1184 4134 1586 4212 veniebant,
1621 4141 1696 4197 ut
1727 4133 1820 4194 ibi
1848 4133 2279 4212 baptismum
2308 4132 2743 4210 acciperent;
2778 4139 2847 4192 et
2869 4131 2966 4193 af·

508 4241 835 4305 firmabat
865 4241 1120 4305 nobilis
1151 4242 1264 4304 ille
1297 4240 1484 4321 quod
1515 4241 1586 4303 in
1615 4232 1942 4303 manibus
1978 4238 2321 4301 habuerat
2361 4255 2447 4299 ac
2490 4239 2764 4316 legerat
2798 4237 2973 4300 litte·

509 4368 631 4413 ras
658 4351 816 4413 illas
844 4348 1193 4429 Principis
1223 4349 1315 4412 ad
1346 4347 1755 4427 Pro-regem
1785 4356 1855 4410 et
1888 4346 2527 4426 Archiepiscopum
2554 4354 2624 4407 et
2647 4345 2974 4408 decreve-

511 4465 623 4520 rat
650 4458 723 4520 in
752 4475 881 4521 suo
915 4457 1253 4520 comitatu
1285 4458 1669 4520 saraceno‘s
1697 4454 1857 4518 illos
1884 4453 2256 4517 deducere.
2298 4450 2583 4516 Accidit
2623 4461 2861 4516 autem
2902 4462 2975 4515 ut

509 4564 585 4628 in
626 4565 937 4645 quodam
975 4564 1283 4645 hospitio
1321 4564 1633 4626 mantica
1671 4563 1813 4641 illa,
1861 4563 1933 4625 in
1973 4579 2113 4641 qua
2151 4559 2552 4639 huJusmodi
2589 4560 2866 4622 litterae
2904 4569 2973 4623 et

510 4672 813 4752 pecunia
844 4672 1172 4735 saraceni
1202 4671 1474 4734 inclusa
1502 4679 1680 4750 erat,
1713 4668 1903 4733 furto
1933 4669 1996 4731 ei
2026 4668 2444 4746 auferretur,
2473 4675 2563 4746 et,
2591 4682 2852 4745 magna
2874 4668 2971 4731 di-

2585 4797 2653 4851 43
