3679 5414
1687 444 1817 510 Aiv.
1863 449 1998 510 1551
2086 448 2092 457 '
2965 440 3070 510 1‘65

560 634 571 640 -
598 605 791 660 taret
821 597 1151 660 libentem
1180 607 1249 660 et
1279 613 1543 676 magna
1565 613 1728 660 cum
1751 597 2102 660 charitate
2125 596 2400 660 Ducem
2421 597 2826 659 necessaria
2849 598 3066 660 omni-

558 741 565 745 ·
602 703 739 767 bus
766 703 986 767 fuisse
1015 700 1649 785 suppeditaturum,
1682 703 1808 767 sed
1837 702 2349 767 aedificationis
2384 704 2619 782 gratia
2656 702 2726 766 id
2755 701 2830 765 Ρ.
2865 703 3063 783 Igna-

558 848 563 852 ·
602 811 708 874 tio
736 811 972 875 visum
999 819 1106 874 est
1133 829 1277 875 non
1306 827 1462 874 esse
1492 810 2003 890 accipiendum.
2029 810 2243 874 Dedit
2267 804 2548 890 quidem
2571 810 2737 873 Dux
2762 810 3067 891 quatuor

600 918 826 982 millia
856 919 1375 999 quadringenta
1414 919 1708 998 triginta
1747 919 1887 981 duo
1925 926 2362 981 scutatorum
2401 918 2475 980 in
2503 933 2702 997 auro,
2744 918 2816 980 in
2859 935 3066 982 usum

597 1025 923 1089 fabricae
952 1026 1295 1090 ecclesiae
1324 1025 1764 1089 inchoandae
1794 1033 1864 1088 et
1893 1025 2267 1088 domorum
2288 1024 2755 1105 quarumdam
2776 1026 3061 1105 emptio-

605 1149 771 1195 nem
798 1150 928 1213 pro
980 1132 1277 1212 Collegii
1317 1133 1693 1211 erectione,
1750 1131 1938 1213 quod
1981 1131 2251 1195 Romae
2291 1132 2564 1195 institui
2606 1132 2951 1213 cupiebat,
2993 1142 3063 1196 et

600 1248 983 1319 praeterea
1011 1240 1103 1303 ad
1131 1240 1400 1305 reditus
1429 1257 1726 1320 annuOS,
1754 1240 2060 1303 duorum
2088 1238 2391 1302 filiorum
2416 1256 2726 1318 suorum,
2769 1239 3059 1319 scilicet,

600 1346 1043 1410 Marchionis
1072 1348 1159 1410 de
1189 1348 1530 1429 Lombay,
1563 1347 2022 1425 successoriS,
2055 1356 2124 1410 et
2151 1346 2437 1410 Domini
2462 1345 2757 1428 Joannis
2786 1347 2872 1410 de
2893 1346 3058 1410 Bor·

597 1454 751 1533 gia,
803 1454 1098 1534 litteraS,
1138 1454 1454 1536 ipsorum
1496 1471 1711 1518 manu
1740 1454 2197 1534 subscriptas,
2229 1453 2532 1534 reliquit,
2573 1454 2825 1534 quibus
2875 1454 3060 1517 mille

604 1578 863 1625 aureos
892 1578 969 1625 se
1000 1561 1313 1641 daturOS,
1347 1563 1770 1643 quingentos
1806 1562 2080 1625 scilicet
2114 1561 2435 1624 Marchio
2476 1570 2547 1623 et
2580 1559 2875 1625 totidem
2919 1562 3059 1625 Do-

600 1668 838 1731 minus
863 1668 1178 1751 Joannes
1206 1670 1743 1750 promittebant;
1784 1668 1911 1732 sed
1947 1668 2322 1749 pecuniam
2358 1677 2801 1732 numeratam
2836 1670 3061 1733 voluit

602 1773 684 1837 P.
718 1774 1038 1855 Ignatius
1074 1794 1117 1839 a
1155 1776 1379 1840 tribus
1425 1776 2006 1858 procuratoribus
2045 1774 2341 1855 Collegii
2377 1775 2594 1838 futuri
2633 1776 2876 1857 recipi,
2926 1794 3059 1840 nec

606 1898 825 1962 penes
862 1882 1166 1962 aliquem
1203 1884 1290 1947 de
1330 1882 1683 1947 Societate
1720 1883 2031 1961 servari;
2063 1892 2133 1946 et
2172 1899 2260 1946 ex
2300 1883 2878 1961 procuratoribus
2918 1883 3057 1947 duo

531 2018 539 2027 ·
600 1990 887 2053 romani
913 2000 1134 2054 erant.
1169 1990 1331 2055 Fuit
1361 1999 1598 2054 autem
1626 1991 1762 2053 hoc
1791 1990 2162 2054 consilium
2191 1990 2477 2069 Ignatii:
2506 1998 2603 2069 ut,
2631 2006 2793 2053 cum
2824 1990 3060 2054 essent

600 2096 886 2161 emendi
914 2114 1171 2160 census
1198 2097 1271 2160 in
1299 2113 1505 2161 usum
1533 2097 1749 2160 futuri
1776 2096 2073 2177 Collegii
2101 2114 2190 2159 ex
2220 2114 2306 2160 ea
2333 2098 2634 2177 pecunia
2676 2107 2745 2160 et
2773 2098 2834 2160 si
2876 2114 3057 2177 quae

614 2204 756 2266 alia
783 2214 1033 2284 postea
1069 2206 1287 2268 missa
1324 2205 1601 2285 suisset,
1652 2213 2015 2269 constaret
2052 2214 2174 2268 aut
2211 2204 2585 2283 pecuniam
2624 2213 2744 2268 aut
2791 2204 3059 2269 reditus

598 2320 881 2391 emptos
909 2330 1052 2376 non
1083 2312 1174 2376 ad
1203 2313 1488 2375 domum
1516 2312 1891 2393 pertinere,
1925 2312 2050 2376 sed
2079 2312 2169 2376 ad
2199 2310 2611 2391 Collegium,
2650 2312 2833 2375 inter
2871 2312 3058 2393 quod

598 2436 693 2481 ac
721 2418 1117 2497 professam
1146 2420 1431 2483 domum
1453 2436 1791 2499 magnum
1813 2420 2037 2482 chaos
2058 2419 2550 2482 intermedium
2577 2436 2733 2483 esse
2755 2418 2829 2482 P.
2856 2418 3058 2500 Igna-

604 2526 750 2589 tius
778 2526 1097 2606 volebat;
1139 2536 1209 2590 et
1239 2527 1310 2589 id
1339 2528 1437 2590 ita
1465 2527 1759 2606 intelligi
1805 2526 2290 2590 necessarium
2336 2527 2621 2592 omnino
2658 2526 3053 2606 videbatur,

596 2651 766 2696 cum
790 2632 939 2714 jam
969 2634 1218 2697 domus
1244 2644 1496 2698 nostra
1522 2651 1845 2714 romana,
1880 2650 2059 2716 quae
2087 2651 2178 2697 ex
2215 2633 2679 2715 eleemosynis
2719 2643 3058 2715 perpetuo

592 2742 849 2805 vivere
871 2742 1100 2822 debet,
1128 2742 1624 2805 detrimentum
1645 2760 1789 2806 non
1810 2743 1885 2805 in
1907 2741 2426 2805 existimatione
2449 2743 2677 2806 solum
2698 2741 2822 2804 sed
2845 2742 3058 2805 etiam

592 2848 673 2911 in
716 2849 1185 2930 eleemosynis
1234 2850 1601 2912 sentiebat.
1657 2848 2007 2930 Coeperat
2043 2849 2232 2913 enim
2290 2850 2531 2913 rumor
2581 2849 2825 2931 spargi
2873 2849 3059 2929 quod

600 2955 856 3019 domus
882 2966 1128 3020 nostra
1159 2975 1202 3019 a
1230 2956 1431 3020 Duce
1463 2956 1685 3019 ditata
1723 2955 1976 3036 fuerat,
2012 2965 2081 3019 et
2123 2974 2365 3020 rumor
2402 2974 2487 3018 eo
2525 2973 2745 3036 usque
2782 2972 3056 3036 percre-

590 3063 746 3126 buit
765 3113 779 3137 ,
834 3081 994 3127 cum
1034 3064 1453 3144 praesertim
1503 3064 1927 3144 principium
1978 3064 2321 3127 ecclesiae
2369 3064 2782 3127 inchoatum
2820 3080 3056 3126 cerne-

595 3179 813 3251 retur,
848 3179 924 3233 ut
954 3169 1353 3233 Cardinalis
1383 3169 1667 3252 quidam
1695 3170 2076 3251 primarius
2102 3171 2409 3234 nobilem
2438 3169 2812 3252 quemdam
2840 3170 2911 3234 in
2939 3187 3055 3233 ne-

556 3313 561 3314 f
597 3277 933 3340 cessitate
980 3279 1442 3341 constitutum
1492 3277 1584 3340 ad
1631 3278 1918 3342 domum
1957 3286 2274 3341 nostram
2312 3277 2647 3356 mitteret,
2703 3286 2780 3339 ut
2830 3277 2919 3339 ab
2970 3294 3055 3341 ea

588 3383 1088 3448 sublevaretur
1117 3401 1246 3463 pro
1276 3384 1622 3448 charitate
1650 3393 2085 3463 nostrorum;
2119 3394 2188 3447 et
2216 3382 2292 3448 P.
2321 3384 2641 3464 Ignatius
2664 3393 3055 3463 emptorem

594 3500 664 3554 et
692 3500 1231 3571 procuratorem
1259 3491 1511 3555 domus
1533 3491 1773 3555 nescio
1796 3501 1966 3572 quot
1988 3492 2294 3555 nummis
2317 3491 2673 3570 argenteis
2695 3491 3049 3573 spoliavit,

588 3614 772 3677 quos
801 3598 1155 3661 habebant
1180 3598 1275 3661 ad
1298 3599 1881 3663 sustentationem
1902 3597 2175 3678 domuS,
2202 3607 2276 3662 ut
2301 3599 2813 3679 aliquantulum
2835 3598 3051 3662 subsi-

587 3704 690 3767 dii
718 3705 785 3768 ei
820 3705 1323 3786 suppeditaret,
1357 3723 1567 3786 quem
1596 3705 1994 3770 Cardinalis
2022 3705 2112 3767 ad
2155 3705 2386 3784 ipsum
2429 3705 2806 3769 direxerat.
2854 3705 3050 3768 Haec

590 3829 767 3891 ergo
818 3829 1038 3876 causa
1067 3812 1352 3876 fuitcur
1385 3812 1459 3876 P.
1495 3813 1813 3892 Ignatius
1848 3813 2226 3893 pecuniam
2256 3830 2300 3876 a
2338 3811 2540 3875 Duce
2578 3812 2911 3875 donatam
2959 3812 3050 3874 ab

586 3919 905 3982 externis
933 3920 1520 4000 procuratoribus
1561 3920 1789 3984 voluit
1831 3920 2075 3999 recipi,
2118 3916 2190 3982 et
2233 3936 2361 4000 per
2402 3936 2646 3982 eorum
2684 3935 2936 3982 manus
2978 3913 3049 3981 in

580 4015 887 4106 Collegii
912 4026 1133 4090 futuri
1165 4041 1371 4090 usum
1400 4026 1701 4107 expendi
1734 4025 1774 4090 ¹.

707 4132 768 4196 7.
855 4133 1010 4198 Hoc
1032 4134 1248 4213 igitur
1270 4134 1424 4214 ipso
1448 4151 1711 4214 mense,
1737 4143 2112 4214 postquam
2135 4134 2300 4197 Dux
2322 4134 2681 4215 profectus
2703 4144 2876 4213 erat,
2911 4131 3044 4198 18.ιι

578 4239 982 4320 Februarii,
1018 4241 1411 4321 Collegium
1432 4241 1829 4305 Romanum
1861 4242 1950 4304 ab
1981 4242 2258 4321 exiguis
2290 4243 2669 4306 admodum
2699 4243 2912 4306 initiis
2943 4243 3040 4307 in·

667 4481 685 4515 ¹
741 4482 1012 4536 Polancus,
1034 4493 1099 4527 ex
1115 4473 1506 4535 commissione,
1523 4482 1732 4528 Rectori
1752 4482 1970 4538 collegii
1991 4482 2313 4538 Gandiensis,
2334 4485 2607 4539 respondet
2626 4485 2930 4539 rumoribus
2951 4486 3039 4540 qui

548 4578 553 4586 ·
578 4554 646 4597 de
666 4553 898 4598 Romano
918 4554 1147 4609 collegio
1167 4556 1575 4610 spargebantur,
1602 4556 1629 4598 1
1643 4554 1762 4599 Maii
1788 4556 1906 4599 1551.
1922 4553 2224 4611 -Ejusdem
2244 4557 2452 4610 longum
2472 4556 2747 4610 scriptum,
2768 4557 2819 4600 in
2839 4568 2938 4612 quo
2958 4557 3042 4600 de·

579 4627 853 4671 clamatur
868 4638 941 4671 ea
954 4637 1099 4681 quae
1107 4639 1138 4670 a
1160 4623 1443 4681 des-ignatis
1464 4625 1894 4671 procuratoribus
1915 4627 2151 4671 facienda
2170 4628 2370 4682 expetit
2389 4635 2499 4671 tum
2518 4627 2750 4672 Gaudlae
2780 4627 2896 4672 Dux
2917 4635 3039 4716 tum

579 4695 841 4750 Ignatius
864 4709 926 4740 ne
948 4698 1066 4752 quid
1087 4697 1381 4742 detrimenti
1402 4697 1582 4741 domus
1601 4709 1846 4743 romanae
1865 4705 2148 4753 paupertas
2166 4701 2367 4743 subeat.
