3679 5414
732 441 845 501 532
1657 439 1911 500 Canon.
1955 438 2110 501 Soc.
2151 441 2293 514 Jsss.

731 598 876 669 net,
909 588 1147 652 omnia
1177 605 1254 651 se
1295 588 1433 652 illis
1461 587 1868 668 ignoscere,
1909 604 2396 669 quaecumque
2433 587 2506 650 in
2535 603 2611 650 se
2653 587 3216 654 commisissent„

731 695 892 759 Hoc
922 696 1160 759 animo
1190 713 1353 760 cum
1384 705 1572 759 esset
1602 704 1672 758 et
1707 704 1995 759 noctem
2037 702 2445 777 sequentem
2486 695 2560 757 in
2602 695 2902 774 legenda
2933 713 3020 759 ac
3060 713 3216 760 me·-

732 802 1025 867 ditanda
1053 800 1395 866 Passione
1425 800 1713 866 Domini
1739 820 1886 866 non
1906 802 2061 865 sine
2082 801 2422 883 lacrymis
2443 802 2930 882 transegisset,
2960 804 3216 872 statim

730 910 843 975 die
873 912 1201 992 sequenti
1227 910 1535 974 Veneris
1562 908 1806 975 Sancti
1843 909 2182 975 nuncium
2223 909 2687 974 laetissimum
2731 911 3010 991 accepit
3051 910 3213 975 An·-

728 1018 1081 1082 salonium
1112 1018 1247 1081 sibi
1276 1017 1703 1099 pepercisse.

844 1124 987 1190 280.
1076 1123 1283 1190 Alius
1312 1126 1425 1189 vir
1468 1125 1755 1207 quidam
1794 1125 2050 1189 nobilis
2093 1125 2338 1189 decem
2377 1140 2608 1188 annos
2654 1135 3074 1206 conceptum
3118 1127 3192 1190 in

725 1232 1072 1315 quosdam
1124 1232 1366 1298 odium
1413 1250 1774 1313 nunquam
1818 1232 2189 1296 confessus
2231 1233 2526 1296 aluerat.
2571 1232 2795 1296 Erant
2847 1241 3083 1296 autem
3124 1243 3194 1298 et

724 1340 824 1404 1111
850 1340 1155 1420 nobileS,
1194 1357 1497 1421 quorum
1521 1357 1706 1404 unus
1733 1340 1800 1403 ei
1828 1340 2194 1419 pollicem,
2227 1341 2406 1402 alter
2445 1338 2762 1420 ejusdem
2803 1357 3059 1403 manus
3090 1341 3188 1404 in·

724 1448 986 1527 dicem,
1031 1447 1287 1511 tertius
1327 1446 1626 1527 digitum
1664 1446 1974 1510 medium
2027 1446 2317 1510 alterius
2354 1463 2611 1509 manus
2661 1456 3204 1527 amputaverat„

725 1555 845 1618 alii
872 1554 1082 1618 simul
1116 1572 1279 1617 cum
1306 1553 1418 1617 his
1447 1553 1772 1617 occidere
1802 1554 2037 1634 ipsum
2068 1553 2307 1617 conati
2334 1552 2637 1617 fuerant.
2685 1553 2818 1616 Hic
2858 1570 3032 1634 ergo
3077 1554 3209 1618 die-

723 1660 1014 1726 Sabbati
1052 1660 1300 1726 Sancti
1339 1661 1412 1725 in
1452 1661 1830 1742 quemdam
1867 1659 2158 1724 Patrem
2187 1659 2484 1739 Collegii
2512 1658 2993 1723 Messanensis
3021 1660 3188 1724 inci·

723 1768 845 1849 dit,
881 1769 997 1833 cui
1030 1786 1193 1833 cum
1222 1769 1575 1849 coepisset
1604 1766 1954 1846 confiteri,
1997 1766 2132 1831 etsi
2169 1767 2372 1831 initio
2416 1767 2810 1848 imparatus
2849 1768 3204 1832 accessisa

719 1885 858 1953 set,
890 1878 1104 1957 paulo
1133 1885 1293 1957 post
1326 1877 1424 1940 ita
1452 1875 1605 1957 ejus
1636 1874 1914 1938 animus
1951 1874 2245 1938 incaluit
2281 1884 2358 1937 ut
2388 1875 2462 1937 in
2489 1874 2886 1938 uberrimas
2916 1876 3205 1939 solutus.

716 1984 1078 2064 lacrymas
1126 1984 1292 2047 odia
1339 2001 1417 2047 se
1463 1982 1950 2063 depositurum
2000 1990 2071 2045 et
2118 1981 2608 2063 quodcumque
2649 1982 2861 2045 vellet
2912 1981 3180 2045 confes-

718 2091 951 2155 sarius
979 2089 1338 2155 facturum
1368 2089 1716 2171 promisit.
1760 2087 2089 2153 Perfecta
2119 2088 2356 2170 itaque
2384 2089 2459 2151 in
2487 2088 2676 2152 hunc
2707 2087 2993 2152 modurn
3022 2106 3200 2152 con··

715 2198 1047 2278 sessione,
1084 2198 1437 2262 accersito
1467 2196 1751 2261 notario
1779 2204 1852 2259 et
1880 2196 2211 2275 testibuS,
2243 2196 2461 2259 libere
2485 2196 2811 2259 omnibus
2844 2194 3182 2277 quidquid

717 2306 791 2369 in
818 2323 896 2369 se
927 2307 1452 2369 commisissent
1491 2303 1947 2368 condonavit.
2001 2303 2192 2367 Inter
2230 2303 2712 2382 adversariOS,
2758 2304 2880 2383 qui
2919 2304 3180 2384 partim

718 2410 1092 2476 Messanae
1124 2413 1385 2494 partim
1415 2412 1488 2476 in
1518 2412 1732 2475 exilio
1761 2411 1899 2474 hac
1927 2429 2018 2474 ex
2061 2427 2282 2474 causa
2320 2409 2704 2490 degebant,
2746 2411 2883 2474 duo
2923 2410 3182 2475 fratres

718 2527 923 2583 erant
950 2519 1352 2600 praecipui,
1387 2518 1476 2582 ad
1506 2535 1806 2599 quorum
1836 2518 2170 2593 alterum,
2206 2518 2325 2598 qui
2363 2526 2518 2580 erat
2555 2516 2963 2596 Messanae,
3011 2517 3179 2581 scri·

716 2634 913 2706 ptam
941 2626 1435 2690 remissionem
1464 2624 1890 2704 transmisit;
1921 2642 2054 2688 nec
2084 2624 2258 2688 satis
2304 2624 2375 2687 id
2415 2623 2514 2687 illi
2552 2624 2714 2703 fuit,
2748 2623 2872 2688 sed
2910 2624 3198 2705 quaesi·u

716 2743 866 2798 tum
895 2735 968 2798 in
1006 2734 1181 2798 urbe
1222 2742 1292 2798 et
1332 2735 1695 2798 inventum
1746 2748 2013 2813 magno
2049 2732 2335 2813 pietatis
2375 2730 2637 2796 affectu
2680 2735 3049 2813 amplexus
3092 2750 3179 2797 ac

716 2843 960 2906 osculo
993 2842 1193 2923 pacis
1225 2841 1675 2905 deosculatus
1713 2849 1853 2919 est3
1897 2840 2087 2921 quod
2130 2856 2293 2903 cum
2340 2849 2543 2920 pater
2583 2840 2837 2903 horum
2877 2841 3179 2903 duorum

712 2948 1015 3012 fratrum
1049 2949 1545 3029 intellexisset,
1592 2948 1709 3031 qui
1739 2947 1998 3028 viginti
2026 2948 2235 3011 annis
2264 2965 2306 3011 a
2335 2947 2781 3016 confessione
2824 2946 3189 3011 abstinue-⁴

711 3064 848 3135 rat,
882 3056 1181 3120 miratus
1223 3055 1358 3120 hoc
1399 3055 1797 3120 adversarii
1825 3055 1936 3119 sui
1964 3054 2264 3134 sactum,
2309 3055 2521 3118 saluti
2559 3071 2729 3118 suae
2773 3072 2897 3135 per
2927 3053 3180 3119 Sacra-

710 3171 1028 3226 mentum
1057 3162 1531 3244 poenitentiae
1562 3162 1935 3226 consuluit.
1969 3160 2119 3226 Nec
2164 3161 2487 3225 omittam
2513 3161 2701 3242 quod
2730 3161 2868 3240 ille,
2910 3145 3027 3224 cui
3062 3162 3193 3225 ab·-

713 3269 922 3333 scissi
945 3279 1150 3333 erant
1172 3269 1398 3350 digiti,
1423 3279 1802 3350 postquam
1825 3267 2342 3332 communionis
2363 3266 2903 3332 Sacramentum
2927 3269 3196 3332 devote-

715 3377 1140 3457 accepisset,
1200 3376 1448 3441 eodem
1498 3376 1610 3439 die
1660 3377 1890 3439 laetus
1946 3375 2037 3439 ad
2089 3383 2380 3440 nostros
2430 3375 2715 3439 rediens
2778 3385 2850 3439 et
2902 3376 3194 3455 gratias.

712 3500 960 3563 agenS,
994 3484 1176 3547 inter
1210 3490 1495 3547 caetera
1523 3483 1595 3546 id
1623 3500 1700 3545 se
1724 3483 1970 3546 mirari
1995 3482 2197 3562 dixit,
2234 3482 2421 3564 quod
2450 3500 2615 3546 cum
2644 3492 2856 3546 antea
2885 3483 3181 3547 ebullire

714 3589 813 3653 illi
861 3589 1154 3670 sanguis
1205 3598 1274 3652 et
1323 3590 1473 3670 ipse
1523 3597 1715 3652 totus
1770 3588 2208 3653 commoveri
2256 3590 2547 3674 soleret,
2602 3590 2877 3670 quoties
2925 3608 3194 3655 manus.

714 3714 884 3760 suas
913 3696 1317 3777 inspiceret,
1352 3707 1521 3760 tunc
1549 3713 1694 3759 non
1722 3697 1954 3760 solum
1986 3696 2055 3759 id
2083 3713 2228 3759 non
2258 3696 2679 3777 patiebatur,
2716 3697 2840 3760 sed
2869 3706 2938 3760 et
2961 3715 3192 3762 sanos

713 3803 1226 3884 propemodum
1257 3813 1470 3884 atque
1501 3804 1817 3883 integros
1846 3801 2113 3882 digitos
2140 3802 2404 3866 habere
2433 3803 2569 3866 sibi
2597 3804 2981 3867 videretur.
3009 3802 3185 3868 Sen-⁴

713 3910 805 3972 sit
833 3918 903 3973 et
931 3910 1045 3973 hic
1074 3909 1252 3973 nihil
1281 3926 1437 3973 esse
1467 3908 1842 3973 iucundius
1870 3926 2086 3989 quam
2111 3925 2292 3989 pura
2323 3909 2761 3973 conscientia
2798 3910 3032 3974 Deum
3061 3928 3172 3974 co-

713 4018 891 4097 lere;
923 4015 1136 4098 quod,
1173 4033 1334 4080 cum
1363 4016 1602 4080 verbis
1631 4017 2124 4097 praedicabat,
2157 4023 2306 4078 tum
2335 4023 2405 4079 et
2432 4014 2680 4096 factiS,
2716 4026 2976 4081 octavo
3007 4035 3186 4099 quo--

715 4141 851 4205 que
908 4123 1021 4187 die
1076 4121 1477 4186 confitendo
1534 4132 1604 4185 et
1659 4123 2184 4204 decimoquinto
2241 4123 2864 4204 communicando,
2927 4121 3184 4188 confir-f

712 4230 957 4295 mavit.

826 4336 969 4402 281.
1057 4335 1241 4415 Duo,
1298 4336 1421 4417 qui
1467 4335 1822 4399 sacerdoti
1872 4336 2155 4401 cuidam
2197 4347 2502 4402 mortem
2545 4336 2808 4402 inferre
2857 4346 3184 4402 tentave-

705 4453 892 4525 rant,
926 4443 1174 4509 eadem
1206 4441 1352 4521 die,
1386 4459 1568 4523 quae
1596 4442 1689 4505 ad
1717 4440 1852 4506 hoc
1883 4443 2055 4523 ipsis
2086 4443 2468 4524 designata
2493 4454 2678 4522 erat,
2724 4445 2798 4508 in
2835 4446 3171 4526 templum

706 4562 1029 4616 nostrum
1079 4549 1391 4629 deducti,
1445 4549 1565 4612 uni
1614 4567 1706 4613 ex
1753 4551 2021 4614 nostris
2070 4551 2377 4616 confessi
2435 4563 2632 4633 sunt,
2688 4562 2789 4632 et,
2852 4552 3184 4616 remissis

707 4661 913 4740 plene
940 4658 1215 4740 injuriis
1245 4656 1548 4737 odioque
1578 4656 1923 4738 deposito,
1956 4658 2220 4723 hilares
2247 4668 2409 4741 post
2440 4659 2954 4725 absolutionem
2980 4659 3178 4726 ahie*
