3679 5414
736 491 847 551 668
1356 414 1390 467 ⁸
1651 486 1907 547 Canon.
1950 485 2100 545 Soc.
2142 486 2284 559 JES.

728 635 1134 698 meliuscule
1165 634 1480 712 haberet,
1515 642 1663 696 tam
1691 631 1843 712 ipse
1873 631 2040 694 Dux
2070 648 2283 711 quam
2309 630 2689 709 religiosae
2717 627 2906 694 Stae.
2945 628 3217 695 Clarae-

730 752 806 806 ut
842 743 1390 805 concionaretur
1421 739 1609 821 apud
1639 756 1715 803 se
1746 739 2123 818 rogabant,
2158 746 2226 801 et
2256 737 2355 800 ita
2386 737 2617 817 prima
2649 736 3004 801 dominica
3036 755 3205 818 qua-

732 850 1179 929 dragesimae
1201 865 1409 912 mane
1441 848 1513 910 in
1545 845 1940 910 cathedrali
1968 846 2302 924 ecclesia,
2339 854 2409 907 et
2436 854 2597 925 post
2624 844 2989 908 meridiem
3017 846 3226 926 apud{

727 955 949 1020 Stam.
985 955 1303 1034 Claram,
1338 971 1503 1018 cum
1531 954 1881 1034 frequenti
1921 951 2302 1016 admodum
2343 952 2697 1015 auditorio
2737 952 3208 1016 concionatus

732 1074 869 1142 est,
914 1071 983 1126 et
1021 1081 1154 1126 sua
1196 1061 1554 1141 doctrina,
1597 1079 1778 1142 quae
1818 1062 1893 1124 in
1934 1060 2085 1123 dies
2133 1061 2206 1123 in
2258 1061 2410 1141 ipso
2442 1076 2767 1122 crescere
2797 1060 3197 1140 videbatur,

729 1187 1166 1251 magnopere
1199 1170 1561 1234 auditores
1593 1169 2004 1232 consolatus
2033 1178 2140 1231 est
2175 1165 2215 1230 ¹.
2712 1176 2718 1183 ’

845 1276 988 1341 563.
1075 1276 1277 1340 Multi
1322 1275 1753 1354 scholastici,
1789 1275 2004 1338 etiam
2027 1274 2620 1337 commendatitiis
2651 1274 2905 1338 litteris
2937 1273 3202 1339 adhibi-

731 1386 846 1464 tiS,
880 1383 956 1447 Ρ.
989 1383 1513 1448 Provincialem
1557 1382 1909 1461 urgebant
1959 1391 2034 1445 ut
2085 1399 2161 1445 se
2192 1382 2264 1443 in
2303 1379 2734 1444 Societatem
2773 1366 3221 1462 admitteret„

731 1492 914 1555 inter
943 1508 1123 1572 quos
1160 1508 1345 1555 unus
1390 1499 1574 1569 erat,
1629 1490 1749 1571 qui
1771 1488 1887 1569 jus
1918 1490 2342 1552 canonicum
2378 1489 2731 1568 audierat,
2765 1490 2883 1569 qui
2928 1508 2971 1552 a
2999 1497 3214 1570 patre-

727 1617 891 1677 su0‚
932 1599 1097 1662 licet
1138 1597 1656 1679 primogenitus
1684 1606 1906 1675 esset,
1953 1596 2367 1660 facultatem
2404 1596 2847 1675 ingrediendi
2887 1594 3200 1660 Societa-

723 1715 866 1768 tem
894 1705 1437 1785 impetraverat3
1473 1714 1540 1768 et
1571 1713 1809 1767 tamen
1838 1702 2191 1766 neminem
2215 1702 2728 1766 admittendum
2758 1703 2873 1765 ille
2897 1704 3193 1768 censuit.

732 1812 1032 1875 Decima
1063 1812 1362 1894 septima
1385 1811 1625 1874 Martii
1654 1811 2063 1874 Valentiam
2092 1829 2168 1873 se
2200 1811 2519 1889 contulit,
2553 1810 2673 1872 ubi
2702 1798 3203 1890 primariorum

725 1918 1044 1982 virorum
1073 1927 1143 1981 et
1172 1919 1495 1997 aliorum,
1530 1918 1649 1998 qui
1674 1934 1850 1996 erga
1879 1915 2308 1981 Societatem
2343 1925 2555 1997 atque
2586 1917 2820 1996 ipsum
2846 1917 3192 1996 peculiari

727 2027 1105 2090 devotione
1160 2035 1363 2089 erant
1422 2024 1690 2104 affecti,
1745 2024 2272 2087 visitationibus
2328 2025 2486 2104 plus
2543 2025 2718 2087 satis
2774 2024 3191 2104 urgebatur.

730 2134 891 2197 Non
930 2134 1288 2214 acquievit
1324 2142 1565 2197 tamen
1606 2141 1680 2196 ut
1724 2134 1796 2195 in
1838 2131 2232 2195 cathedrali
2271 2132 2574 2194 ecclesia
2625 2131 3214 2211 concionaretur„

727 2241 892 2321 quia
951 2239 1263 2304 nondum
1326 2242 1791 2303 convaluerat
1841 2240 2129 2303 omnino
2179 2239 2269 2302 ab
2315 2239 2432 2302 illa
2484 2239 2962 2318 aegritudine,
3016 2256 3200 2318 quae

727 2347 1168 2428 prohibebat,
1213 2365 1303 2410 ne
1341 2346 1635 2411 firmiter
1672 2347 1745 2409 in
1786 2354 2132 2426 suggestu
2167 2355 2410 2426 posset
2448 2346 2744 2425 pedibus
2787 2347 3193 2409 subsistere.

841 2453 982 2517 564.
1068 2453 1230 2536 Jam
1286 2454 1482 2517 initio
1541 2450 1752 2533 hujus
1807 2453 1975 2517 anni
2026 2453 2545 2516 observabatur
2600 2453 2788 2533 quod
2845 2453 3199 2517 Dominus

726 2558 1041 2641 Joannes
1069 2558 1155 2623 de
1183 2560 1449 2640 Borgia
1478 2559 1571 2623 ab
1602 2560 1736 2623 illis
1765 2559 1985 2623 firmis
2014 2560 2395 2640 propositis
2439 2561 2876 2639 intepescere
2908 2570 2977 2623 et
3006 2560 3199 2641 apud

726 2665 1154 2748 Philippum,
1188 2665 1696 2749 Hispaniarum
1732 2666 2148 2747 principem,
2183 2667 2417 2730 locum
2448 2666 2750 2746 aliquem
2780 2666 2913 2730 sibi
2945 2683 3205 2749 oppor-

725 2784 974 2838 tunum
1004 2791 1346 2855 quaerere
1377 2773 1789 2854 incipiebat;
1820 2783 1892 2837 et
1920 2772 2245 2838 fortassis
2287 2773 2623 2837 fratribus
2665 2774 2735 2838 id
2774 2775 3008 2855 magis
3036 2792 3194 2855 pro·

723 2880 1028 2944 babatur
1056 2898 1269 2961 quam
1299 2888 1374 2945 ut
1405 2881 1638 2945 studia
1669 2882 1784 2943 vel
1812 2879 2243 2945 Societatem
2271 2888 2590 2943 nostram
2620 2890 3031 2961 sequeretur
3062 2879 3108 2944 ¹.

839 2987 981 3052 565.
1071 2987 1249 3052 Cum
1278 2997 1465 3052 esset
1506 2987 1882 3052 Valentiae
1910 2987 1988 3051 P.
2023 2986 2295 3066 Ara02,
2343 2987 2571 3066 prima
2610 2987 2723 3051 die
2752 2987 3022 3068 Aprilis
3052 2989 3192 3069 pri-

722 3112 880 3158 mus
934 3094 1118 3175 lapis
1174 3095 1247 3158 in
1301 3094 1779 3186 fundamentis
1828 3095 2175 3158 ecclesiae
2232 3094 2646 3158 benedictus
2704 3096 2792 3159 ab
2837 3096 3194 3177 Episcopo

722 3200 1081 3281 Segniano
1121 3199 1145 3231 ³
1182 3202 1455 3282 positus
1492 3211 1630 3281 est,
1673 3210 1743 3265 et
1780 3201 1930 3265 B.⁸²e
1976 3200 2246 3264 Mariae
2294 3218 2380 3264 ac
2430 3200 2546 3264 B.⁰
2597 3202 2817 3265 Paulo
2866 3200 3196 3267 dedicata

719 3307 880 3387 fuit,
941 3317 1012 3372 et
1062 3325 1225 3372 cum
1272 3308 1568 3372 Missam
1618 3308 2048 3376 celebrasset
2098 3308 2284 3371 idern
2334 3307 2761 3388 EpiscopuS,
2816 3318 2886 3373 et
2936 3310 3194 3373 multos

717 3432 935 3479 manu
977 3433 1107 3479 sua
1149 3416 1775 3495 communicasset,
1824 3414 2066 3479 habita
2109 3415 2601 3478 exhortatione
2640 3416 3021 3495 spirituali,
3071 3434 3200 3480 no-

718 3521 907 3585 mine
949 3521 1489 3603 Archiepiscopi
1533 3521 1897 3586 Valentini
1940 3530 2010 3584 et
2051 3538 2179 3584 suo
2219 3521 2494 3601 gratias
2541 3521 2686 3601 egit
2730 3521 3193 3587 benefactori·

715 3630 848 3693 bus
877 3628 1173 3705 Collegii
1201 3630 1623 3710 praesertim
1652 3629 1740 3693 de
1769 3629 2076 3692 ecclesia
2105 3629 2443 3708 erigenda
2462 3678 2477 3709 ,
2519 3637 2588 3692 et
2618 3629 2710 3693 ad
2737 3630 3192 3709 progredien-

717 3735 884 3799 dum
914 3736 987 3799 in
1015 3745 1163 3800 tarn
1190 3737 1309 3818 pio
1340 3754 1556 3817 opere
1585 3736 2003 3799 exhortatus
2042 3745 2169 3799 est.
2223 3735 2617 3814 Quemdam
2639 3735 3004 3817 juvenem,
3035 3754 3191 3802 sex·

800 3940 818 3973 ¹
875 3941 1155 3995 Polaticus,
1178 3952 1245 3985 ex
1264 3952 1413 3993 com„
1432 3942 1586 3985 fratri
1607 3940 1832 3984 Antonio
1857 3940 1969 3985 Gon
1983 3973 1995 3995 ,
2025 3952 2139 3984 eum
2168 3941 2386 3984 laudans
2407 3941 2469 3984 de
2489 3952 2616 3985 cura
2637 3952 2790 3996 quam
2810 3943 2970 3986 habet
2993 3943 3190 3988 valetn-

716 4011 851 4056 dinis
870 4012 1046 4057 Patris
1063 4014 1251 4067 Araoz,
1274 4013 1302 4056 2
1321 4012 1593 4057 Februarii
1610 4025 1621 4067 ;
1644 4012 1881 4065 Ignatius
1901 4012 2048 4057 Patri
2070 4012 2297 4057 Antonio
2325 4013 2386 4056 de
2408 4013 2582 4057 Araoz
2597 4046 2608 4067 ,
2630 4025 2692 4057 ne
2713 4015 2939 4058 novitios
2959 4015 3188 4069 excipiat

713 4082 813 4127 nisi
834 4082 885 4126 in
912 4084 1145 4127 domibus
1164 4090 1255 4127 aut
1277 4084 1535 4138 collegiis,
1557 4084 1643 4128 ubi
1664 4084 1895 4127 seniores
1915 4084 2074 4138 aliqui
2105 4089 2157 4126 et
2191 4083 2318 4127 bene
2348 4084 2556 4137 probati
2586 4085 2715 4136 sint;
2746 4084 2798 4128 in
2826 4096 2991 4129 novas
3011 4092 3194 4130 autem

717 4153 895 4198 domos
914 4160 1005 4199 aut
1025 4155 1248 4209 collegia
1268 4156 1466 4199 nonnisi
1487 4167 1549 4199 ex
1571 4156 1653 4200 his
1675 4154 1963 4199 senioribus
1983 4155 2317 4209 probatisque
2339 4156 2561 4199 selectos
2581 4156 2781 4211 aliquos
2801 4157 2995 4210 mittat,
3015 4157 3070 4200 25
3089 4155 3211 4201 Fe-.

717 4225 939 4276 bruttii:
962 4226 1125 4270 eidem
1147 4226 1425 4282 Polaticus,
1462 4237 1529 4271 ex
1548 4238 1707 4279 com„
1740 4232 1796 4270 ut
1828 4227 2006 4270 videat
2039 4236 2106 4269 an
2139 4227 2379 4280 expediat
2414 4228 2632 4271 fratrem
2661 4227 2945 4271 Antonium
2973 4227 3087 4272 Gon
3119 4229 3189 4272 ad

716 4307 897 4340 sacros
926 4298 1132 4340 ordines
1149 4298 1471 4352 promoveri,
1492 4299 1517 4340 4
1547 4297 1710 4350 Junii;
1733 4298 1921 4350 eidem,
1952 4297 2014 4341 de
2036 4297 2291 4352 collegio,
2309 4297 2442 4351 quod
2472 4298 2523 4342 in
2544 4299 2730 4353 oppido
2748 4299 2964 4343 Bermeo
2985 4299 3208 4351 institui⁴

716 4369 833 4412 vult
854 4366 1042 4413 Petrus
1064 4369 1125 4412 de
1148 4369 1357 4423 Zarate,
1378 4369 1428 4413 21
1452 4368 1771 4414 Decembris.

795 4440 818 4471 ²
873 4439 1143 4495 polanum,
1164 4451 1230 4483 ex
1249 4452 1395 4492 com„
1415 4441 1563 4485 Patri
1591 4441 1815 4485 Antonio
1836 4440 1899 4483 de
1922 4441 2111 4495 Araoz,
2133 4442 2284 4494 plura
2305 4440 2367 4483 de
2398 4439 2642 4496 Collegiis
2663 4441 2915 4496 Burgensi
2937 4447 2990 4486 et
3016 4441 3185 4495 ogm—

716 4511 849 4554 tensi
870 4516 922 4554 et
944 4510 1140 4562 Jonnne
1161 4512 1226 4555 de
1246 4512 1457 4567 Borgia,
1478 4512 1506 4555 4
1525 4511 1679 4564 Junii.

795 4583 818 4613 ⁸
874 4582 957 4627 Sic
977 4583 1029 4626 in
1049 4583 1193 4637 Mss.;
1216 4584 1306 4628 sed
1327 4590 1568 4638 putamus
1587 4584 1824 4628 mendum
1855 4583 2055 4628 librarii
2085 4594 2196 4627 esse
2227 4594 2320 4638 pro
2351 4584 2648 4639 Segaviano
2666 4595 2756 4628 seu
2777 4583 3120 4637 segoviensi:
3140 4585 3208 4634 ia-

712 4653 850 4696 enim
882 4653 1170 4709 Episcopus
1210 4653 1538 4709 Inquisitoris
1570 4654 1844 4698 Generalis
1877 4665 2086 4698 munere
2117 4659 2238 4698 tunc
2273 4658 2521 4710 temporis
2557 4655 2836 4700 Valentiae
2870 4655 3184 4709 fungebatur

711 4722 1030 4775 multumque
1051 4723 1244 4767 nostris
1268 4723 1498 4767 favebat.
1521 4722 1586 4766 V.
1612 4722 1802 4767 cartas
1815 4735 1854 4778 y
1876 4726 2019 4767 οἰνος
2041 4723 2262 4767 escritos
2281 4723 2370 4767 del
2390 4723 2452 4767 B.
2472 4724 2529 4768 P.
2547 4724 2741 4775 Fabro,
2762 4730 2798 4767 t.
2820 4734 2853 4776 r,
2876 4735 2993 4778 pag.
3010 4724 3108 4767 321.
