3679 5414
654 443 776 504 782
1584 442 1837 502 Canon.
1883 443 2034 502 Soc.
2071 444 2216 517 jas.

658 600 901 654 essent
930 590 1022 653 ad
1052 590 1621 653 concionandum
1650 589 1723 660 in
1751 589 2060 670 Europa,
2095 589 2156 651 si
2185 589 2453 669 reliqua
2476 588 2801 668 superius
2832 587 3022 650 dicta
3052 588 3126 650 in

667 697 771 760 eis
799 697 1255 774 haberentur,
1294 697 1587 760 idoneos
1616 696 1706 759 ad
1730 696 2139 759 missionem
2161 694 2624 776 japonensem
2656 713 2741 758 ac
2771 695 3125 758 sinensem

659 804 1076 882 -arbitratur,
1103 804 1320 883 quod,
1357 805 1427 865 in
1461 804 1872 884 regionibus
1899 802 2179 882 frigidis
2203 803 2375 881 nati,
2400 802 2711 866 ferendis
2742 802 3128 882 frigoribus

668 911 981 991 aptiores
1004 911 1435 974 viderentur.
1464 911 1605 974 Eos
1624 960 1637 989 ,
1659 911 1777 992 qui
1800 911 1874 973 in
1897 910 2094 973 India
2118 911 2609 988 admittuntur,
2636 927 2802 973 raro
2820 910 2913 972 ad
2936 909 3127 973 aliud

669 1035 884 1098 quam
907 1017 997 1080 ad
1019 1017 1411 1081 domestica
1436 1018 1663 1081 officia
1684 1018 1980 1098 putabat
2001 1018 2293 1081 idoneos
2316 1016 2491 1093 fore,
2518 1017 2655 1080 nisi
2677 1017 2949 1080 litteras
2965 1024 3128 1079 ante

662 1125 1071 1205 ingressum
1112 1125 1185 1187 in
1222 1122 1649 1188 Societatem
1678 1124 2108 1188 didicissent.
2143 1123 2523 1188 Mittendos
2560 1125 2795 1205 itaque
2833 1123 3130 1201 singulis

669 1232 877 1295 annis
905 1249 995 1294 ex
1020 1232 1307 1312 Europa
1338 1250 1515 1294 esse.
1558 1231 1861 1312 Aliquos
1890 1232 2078 1294 enim
2107 1230 2540 1294 admiserant
2579 1231 2650 1293 in
2679 1230 2893 1293 wIndia
2914 1278 2928 1307 ,
2973 1231 3128 1309 ipso

664 1339 984 1418 absente,
1032 1355 1212 1419 quos
1263 1340 1412 1419 ipse
1461 1355 1822 1418 nunquam
1869 1338 2088 1401 fuisse
2130 1338 2480 1401 admissos
2532 1346 2868 1418 optasset3
2913 1337 3131 1418 aliqui

668 1456 911 1510 tamen
971 1445 1061 1508 ad
1123 1445 1256 1508 Dei
1310 1446 1722 1526 obsequium
1766 1447 1973 1509 utiles
2040 1454 2445 1509 evaserunt.
2508 1445 2862 1508 Invitabat
2917 1445 3130 1506 etiam

673 1554 752 1617 P.
778 1552 1139 1617 ‘Simonem
1171 1552 1261 1615 ad
1292 1554 1701 1615 missionem
1729 1551 2085 1630 Sinarum,
2119 1553 2190 1616 id
2219 1553 2401 1615 inter
2441 1560 2725 1615 caetera
2757 1551 2842 1614 de
2887 1551 3130 1613 usibus

670 1661 856 1724 illius
878 1660 1194 1739 regionis
1224 1660 1560 1738 referenS,
1596 1660 1782 1740 quod
1811 1660 2025 1741 quiin
2050 1661 2300 1723 litteris
2330 1659 2770 1737 eminentior,
2802 1659 2915 1721 ilie
2945 1658 3133 1739 apud

673 1765 883 1830 Sinas
911 1777 980 1831 et
1010 1767 1310 1829 nobilior
1338 1776 1407 1829 et
1435 1767 1788 1846 potentior
1818 1776 2027 1830 esset.

795 1874 935 1936 761.
1024 1874 1377 1937 Admonet
1428 1874 1640 1936 etiam
1691 1874 1960 1937 insulas
1999 1873 2460 1954 japonenseS,
2505 1884 2666 1936 octo
2710 1874 2824 1936 vel
2873 1889 3133 1935 novem

662 1997 911 2043 annos
957 1992 1123 2044 ante
1162 1980 1231 2042 id
1275 1992 1552 2061 tempus
1592 1990 1913 2062 apertaS,
1962 1999 2084 2045 eas
2128 1998 2284 2045 esse
2333 1999 2512 2061 quas
2559 1981 2827 2061 platani
2874 1990 3140 2042 vocant

679 2088 1038 2167 platareas
1066 2085 1105 2166 ¹,
1139 2097 1208 2150 et
1239 2105 1315 2150 se
1340 2088 1777 2151 admonitum
1807 2087 2025 2152 fuisse
2057 2107 2098 2150 a
2121 2086 2546 2168 quibusdam
2573 2086 2895 2150 lusitanis
2923 2086 2997 2148 in
3023 2084 3133 2167 Ja-

679 2212 883 2274 pone,
918 2194 1127 2275 quod,
1162 2211 1321 2257 cum
1348 2213 1437 2257 ex
1462 2195 1665 2257 Nova
1688 2195 2033 2274 Hispania
2057 2196 2344 2258 lusitani
2365 2212 2619 2258 versus
2641 2193 2996 2256 Malucum
3019 2210 3135 2256 na·

670 2301 1047 2379 -vigabant,
1080 2318 1300 2381 prope
1322 2300 1667 2382 Japonem
1699 2300 2152 2381 accedebant,
2180 2310 2249 2364 et
2272 2319 2563 2365 causam
2586 2319 2710 2364 cur
2735 2303 3001 2365 classes
3025 2318 3135 2380 pe·

664 2407 923 2486 -rirent,
957 2408 1208 2486 quibus
1237 2409 1335 2471 illi
1364 2408 1455 2471 ad
1484 2408 1614 2470 has
1644 2410 2001 2488 platareas
2042 2409 2461 2489 aperiendas
2499 2408 3134 2489 proficiscerentur,

668 2513 866 2576 hanc
898 2531 1083 2592 esse,
1118 2524 1193 2576 ut
1217 2513 1514 2593 Japones
1540 2515 1970 2590 referebant,
2004 2516 2190 2595 quod
2212 2516 2433 2578 multa
2458 2517 2616 2579 loca
2640 2516 2730 2578 ob
2759 2532 3137 2578 arenarum

672 2621 1124 2684 altitudinem
1156 2629 1224 2683 et
1255 2639 1512 2700 aquam
1543 2622 1876 2702 exiguam
1905 2623 2306 2702 periculosa
2336 2632 2594 2698 essent,
2629 2634 2698 2685 et
2730 2622 2886 2686 ideo
2918 2640 3140 2685 naves

688 2727 761 2790 in
790 2745 1083 2791 arenam
1115 2730 1587 2809 impingentes
1615 2728 1962 2810 peribant;
1999 2740 2067 2793 et
2097 2729 2366 2811 Regem
2397 2749 2482 2793 ac
2512 2730 2861 2810 Reginam
2901 2730 3142 2793 Portu·

680 2836 942 2914 galliae
974 2835 1455 2899 admonendos
1484 2855 1639 2899 esse
1680 2838 2059 2915 sentiebat,
2094 2848 2170 2901 ut
2211 2856 2382 2902 suae
2425 2839 2901 2902 conscientiae
2946 2837 3143 2900 satis·

683 2946 999 3008 facerent
1026 2992 1039 3022 ,
1072 2942 1577 3024 Imperatorem
1602 2943 1969 3023 Carolum,
1998 2944 2348 3008 Castellae
2375 2944 2674 3025 Regem,
2704 2943 3146 3009 admonendo

684 3069 797 3129 ne,
851 3050 940 3114 ad
982 3050 1445 3114 inveniendas
1490 3050 1647 3113 illas
1689 3052 2047 3130 platareas
2093 3051 2381 3130 insulaS,
2430 3069 2521 3115 ex
2565 3051 2769 3115 Nova
2801 3050 3146 3131 Hispania

686 3160 956 3221 classes
977 3157 1307 3235 mitteret,
1336 3175 1424 3219 ne
1448 3157 1780 3237 perirent;
1808 3158 1988 3221 alias
2011 3168 2246 3221 autem
2270 3159 2536 3221 insulas
2559 3159 2941 3239 platareaS,
2968 3174 3148 3237 quae

675 3273 1064 3345 argentum
1092 3263 1345 3341 ferant,
1379 3273 1662 3344 praeter
1686 3263 2116 3343 japonenses
2144 3266 2376 3328 nullas
2405 3283 2562 3328 esse
2591 3265 2781 3328 dicit.

808 3371 949 3434 762.
1035 3369 1355 3434 Recessit
1384 3388 1556 3450 ergo
1587 3390 1676 3434 ex
1705 3371 1904 3434 India
1932 3372 2003 3433 17
2031 3372 2298 3452 Aprilis
2322 3372 2399 3435 P.
2425 3373 2482 3436 F
2486 3373 2853 3436 ranciscus
2881 3371 3147 3435 suavis-

676 3479 946 3542 simum
975 3478 1081 3540 sui
1113 3477 1405 3540 odorem
1437 3478 1507 3539 in
1537 3495 1620 3540 ea
1652 3479 2078 3558 relinquenS,
2113 3480 2230 3560 qui
2260 3480 2332 3542 in
2364 3479 2878 3559 Portugalliam
2907 3496 3147 3560 usque,

692 3595 768 3649 ut
819 3584 1147 3662 diximus,
1205 3585 1771 3664 superveniebat;
1824 3594 1916 3663 et,
1971 3601 2132 3648 cum
2183 3586 2538 3649 Malacam
2584 3586 3025 3665 pervenisset
3066 3602 3154 3647 ac

693 3691 769 3755 Ρ.
803 3692 1296 3756 Balthasarem
1324 3708 1485 3753 curn
1515 3691 1786 3754 duobus
1814 3690 2151 3755 fratribus
2176 3693 2248 3756 in
2269 3690 2617 3773 Japonem
2639 3693 2967 3769 misisset,
2995 3709 3150 3754 coe·

692 3800 794 3881 pit
833 3816 1048 3878 agere
1077 3798 1163 3860 de
1202 3815 1332 3861 sua
1370 3799 1441 3861 in
1480 3797 1691 3863 Sinas
1727 3798 2188 3879 profectione.
2232 3798 2410 3863 Cum
2448 3809 2685 3863 autem
2723 3800 3153 3880 prohibitum

693 3915 881 3971 esset
898 3924 940 3968 a
962 3904 1156 3985 Rege
1180 3904 1509 3968 Sinarum
1534 3923 1621 3968 ne
1644 3907 2018 3986 quisquam
2037 3915 2372 3970 externus
2389 3906 2482 3970 ad
2493 3907 2968 3970 continentem
2980 3924 3151 3970 suae

678 4013 980 4076 ditionis
1019 4012 1418 4091 accederet,
1460 4013 1964 4091 negotiationis
2002 4013 2238 4091 gratia
2280 4014 2582 4078 insulam
2625 4014 2975 4093 vicinam,
3022 4031 3147 4077 no-

778 4180 797 4212 ¹
853 4180 935 4224 Ita
957 4186 1009 4223 et
1038 4181 1215 4224 nitidis
1237 4180 1442 4235 quidem
1462 4182 1855 4226 characteribus
1876 4182 1926 4225 in
1947 4181 2094 4235 Mss.;
2116 4182 2209 4226 sed
2231 4193 2381 4226 error
2404 4188 2483 4226 est
2507 4183 2724 4228 evidens
2747 4181 2965 4227 librarii.
2986 4182 3158 4229 Excer

692 4257 788 4306 pta
808 4252 944 4295 enim
962 4257 1079 4295 sunt
1102 4252 1230 4295 haec
1253 4264 1313 4295 ex
1336 4252 1552 4297 Xaverii
1573 4253 1767 4297 litteris
1787 4253 1930 4297 Goae
1953 4254 2018 4298 ad
2039 4254 2303 4299 Simonem
2323 4254 2651 4299 Rodericium
2679 4256 2818 4299 datis
2837 4256 2892 4299 30
2910 4254 3160 4307 januarii,

689 4332 757 4367 *ut
776 4323 936 4368 habet
954 4335 1135 4367 recens
1156 4323 1550 4369 Barcinonensis
1570 4325 1745 4376 editio,
1775 4331 1867 4369 aut
1901 4325 1928 4368 9
1957 4326 2156 4380 Aprilis
2185 4326 2415 4381 ejusdem
2442 4327 2590 4378 anni,
2613 4333 2670 4370 nt
2703 4332 2820 4381 post
2856 4326 3075 4370 Cutilias
3108 4333 3162 4369 et

699 4394 966 4440 Possinum
985 4396 1177 4439 habent
1198 4397 1529 4450 recentiores,
1553 4398 1732 4452 quales
1748 4402 1866 4440 sunt
1888 4396 2186 4451 Menchaca,
2214 4397 2381 4450 Pages
2398 4403 2448 4440 et
2472 4399 2578 4441 alii.
2604 4398 2694 4441 Ait
2715 4405 2889 4442 autem
2908 4398 2974 4441 ibi
2997 4398 3164 4441 xave-

688 4468 876 4512 trias...:
897 4468 1026 4512 ocho
1046 4472 1074 4511 ό
1096 4479 1260 4510 nueve
1290 4470 1415 4511 anos
1451 4469 1517 4512 ha
1551 4470 1627 4512 ios
1656 4476 1997 4522 portugueses
2030 4476 2280 4513 entraron
2314 4480 2377 4512 en
2398 4470 2616 4523 algunos
2636 4476 2849 4524 puertos
2868 4480 3039 4526 suyos.
3060 4467 3164 4511 Los

701 4541 972 4593 espanoles
1001 4540 1192 4583 iiaman
1213 4544 1355 4582 estas
1376 4540 1501 4583 isias
1521 4540 1867 4593 argentarias».
1900 4540 2043 4592 Quod
2070 4540 2144 4584 sic
2174 4547 2318 4585 recte
2340 4541 2502 4584 vertit
2535 4540 2844 4595 Possinns...:
2875 4552 2935 4583 eo
2955 4540 3164 4584 lusitani

702 4615 821 4654 octo
852 4616 944 4654 aut
973 4621 1157 4654 novem
1187 4611 1373 4654 abhinc
1405 4612 1552 4654 annis
1585 4612 1914 4665 appulerunt.
1953 4611 2060 4655 Has
2095 4612 2292 4657 insulas
2328 4612 2530 4665 hispani
2571 4612 2902 4666 argentarias
2933 4617 3167 4664 vocant..‚

694 4680 776 4725 -Ut
798 4682 990 4726 erroris
1011 4682 1210 4725 occasio
1230 4683 1405 4735 aliqua
1427 4682 1547 4735 dign
1558 4689 1775 4735 2scatur,
1793 4684 1925 4726 scire
1942 4683 2094 4737 juvat
2117 4690 2393 4738 argentum
2419 4684 2686 4736 hispanice
2710 4684 2810 4727 dici
2829 4683 3002 4738 plata.
