3679 5414
699 435 804 493 104
1613 438 1867 499 Cimon.
1909 436 2075 497 Soc.-
2105 438 2245 512 Jsss.

701 580 1037 643 Vicarius
1060 580 1209 661 ejus
1230 584 1616 661 generaliS,
1646 585 1766 663 qui
1789 583 2404 663 Caesaraugustae
2426 583 2855 647 Societatem
2876 586 3161 649 radices

697 704 914 767 agere
944 705 1087 750 non
1120 706 1348 768 aequo
1389 691 1625 752 animo
1663 689 1987 771 serebant
2016 690 2183 770 (ipsi
2223 690 2533 753 viderint
2573 708 2710 770 quo
2749 692 3001 771 spiritu
3039 692 3159 755 du·

697 794 855 873 cti),
903 795 1294 863 litterarum
1336 798 1865 860 exsecutionem
1908 798 2246 877 impedire
2275 798 2683 873 voluerunt;
2719 799 2965 877 imm0,
3001 780 3161 862 cum

698 901 776 970 Ρ.
808 900 1133 981 Mendez,
1182 905 1338 965 loco
1387 903 1620 966 Patris
1662 904 2031 966 Francisci
2070 904 2155 966 de
2198 903 2449 984 RojaS,
2493 905 2612 985 qui
2653 903 2955 967 Romam
2997 922 3158 968 cum

697 1008 897 1071 Duce
947 1008 1268 1072 Gandiae
1307 1018 1650 1073 venturus
1691 1021 1876 1089 erat,
1923 1010 2570 1089 Caesaraugustam
2609 1028 2687 1073 se
2726 1012 3158 1089 contulisset,

698 1115 1105 1178 facultatem
1135 1115 1223 1177 ab
1255 1116 1355 1178 eis
1386 1116 1702 1179 obtinere
1729 1134 1875 1180 non
1911 1117 2136 1197 potuit
2166 1117 2241 1180 in
2285 1118 2608 1197 scriptis,
2657 1119 2986 1197 quamvis
3024 1120 3159 1199 pri—

697 1222 958 1300 vilegia
988 1221 1188 1286 Sedis
1218 1223 1673 1303 Apostolicae
1696 1224 1799 1286 eis
1830 1224 2263 1302 ostenderet,
2297 1233 2372 1287 ut
2397 1223 2864 1288 Sacramenta
2894 1225 3158 1294 conses—

695 1329 916 1391 sionis
967 1339 1034 1392 et
1074 1331 1589 1393 communionis
1638 1331 2094 1394 ministraret.
2141 1331 2332 1394 Viva
2356 1339 2631 1395 tantum
2668 1349 2846 1395 voce
2890 1332 3159 1411 conses-

694 1436 931 1498 siones
961 1436 1206 1499 audire
1236 1438 1727 1516 permiserunt.
1765 1437 1860 1501 At
1891 1446 2231 1518 quantum
2262 1437 2414 1500 fieri
2453 1448 2726 1517 posset,
2772 1438 2831 1501 si
2871 1457 3014 1501 non
3042 1457 3160 1502 ex·

695 1543 954 1621 pellere
984 1542 1439 1621 Societatem,
1474 1562 1727 1607 manus
1765 1543 1915 1624 ejus
1942 1545 2196 1607 saltem
2223 1544 2451 1624 ligare
2493 1546 2677 1607 velle
2705 1545 3151 1608 videbantur.

694 1648 852 1711 Non
909 1651 1138 1730 potuit
1194 1660 1432 1713 tamen
1478 1652 1800 1731 impediri
1857 1651 2236 1731 quominus
2287 1667 2491 1714 usum
2541 1651 2883 1714 ecclesiae
2933 1653 3158 1715 nostri

695 1755 1057 1835 haberent,
1092 1758 1276 1836 quod
1301 1759 1404 1820 eis
1434 1758 1820 1821 auctoritas
1844 1757 2115 1821 Summi
2137 1757 2497 1820 Pontificis
2520 1768 2990 1820 concesserat.
3018 1758 3157 1821 Do·

696 1880 886 1926 mum
915 1864 1142 1944 ipsam
1167 1864 1510 1927 ecclesiae
1534 1864 1985 1945 conjunctam
2009 1866 2405 1945 relinquere
2428 1866 2708 1944 quidem
2728 1866 2990 1928 nostris
3019 1866 3156 1929 Do-

693 1971 883 2033 mina
900 1971 1250 2034 Aldunzia
1274 1972 1581 2049 volebat,
1610 1973 1823 2034 immo
1849 1989 2111 2050 magno
2134 1971 2204 2034 id
2228 1970 2486 2035 affectu
2507 1973 2826 2052 petebat;
2853 1973 2978 2035 sed
3001 1991 3159 2036 eam

692 2076 1011 2140 Societas
1028 2095 1170 2140 non
1186 2079 1492 2155 admisit,
1521 2080 1781 2158 partim
1805 2095 1894 2140 ne
1920 2088 2296 2157 cogeretur
2313 2078 2485 2142 alibi
2506 2079 2792 2142 domum
2815 2097 3159 2159 quaerere

690 2177 998 2248 Domina
1028 2185 1408 2264 Aldunzia,
1443 2187 1704 2265 partim
1734 2187 1900 2265 quia
1931 2184 2080 2265 ejus
2119 2204 2344 2265 soror,
2378 2186 2687 2248 Domina
2716 2185 2928 2249 Anna
2970 2186 3156 2249 Gon—

694 2293 915 2369 zalez,
952 2301 1071 2354 aut
1103 2310 1265 2354 cum
1295 2293 1443 2354 suis
1473 2292 1809 2355 fratribus
1850 2302 1970 2355 aut
2015 2309 2176 2354 cum
2214 2292 2568 2356 Societate
2609 2293 2953 2372 litigaret,
2998 2310 3158 2356 cum

687 2399 858 2461 illud
887 2398 1312 2477 Collegium,
1358 2400 1523 2462 olim
1552 2400 1937 2478 virginum,
1972 2399 2105 2462 sibi
2148 2400 2426 2462 restitui
2464 2400 2696 2462 vellet.
2731 2399 3020 2462 Interim
3055 2410 3153 2462 ta-

687 2523 878 2584 men,
914 2506 1128 2568 etiam
1156 2507 1529 2568 recedente
1560 2505 1768 2589 Patre
1801 2505 2188 2569 Francisco
2219 2506 2306 2569 de
2328 2505 2569 2585 RojaS,
2607 2506 2819 2569 Pater
2850 2505 3152 2585 Roman,

687 2612 808 2691 qui
831 2612 1445 2691 Caesaraugustae
1470 2613 1806 2693 substitit,
1836 2614 2204 2693 copiosam
2236 2612 2720 2676 confitentium
2748 2621 2816 2675 et
2840 2631 3147 2677 commu-

694 2719 1083 2783 nicantium
1113 2738 1414 2783 messem
1445 2722 1519 2783 in
1548 2738 1674 2784 suo
1698 2722 1962 2801 templo
1986 2720 2250 2783 habuit.
2271 2721 2690 2783 Destinatus
2715 2721 2997 2801 quidem
3015 2722 3154 2784 fue-

691 2836 804 2889 rat
843 2827 918 2889 P.
973 2825 1258 2908 Saboya
1307 2837 1382 2890 ut
1430 2827 2052 2907 Caesaraugustae
2103 2845 2266 2890 cum
2313 2827 2388 2890 P.
2444 2826 2813 2907 Alphonso
2864 2827 3144 2891 Roman

692 2943 1125 3013 versaretur3
1153 2934 1277 2996 sed
1301 2934 1644 2997 Tortosae
1672 2932 1688 2964 ¹
1713 2935 1786 2996 in
1804 2934 2057 2997 febrim
2081 2934 2398 2997 incidens
2421 2935 2943 3014 permolestam,
2979 2935 3150 2998 Cae-

689 3051 1188 3119 saraugustam
1228 3059 1370 3103 non
1413 3051 1858 3122 pervenerat.
1890 3041 2054 3104 Alia
2094 3042 2307 3105 etiam
2348 3041 2743 3120 spiritualia
2784 3042 3147 3117 exercitia,

685 3156 1062 3228 postquam
1102 3149 1533 3212 intellectum
1574 3159 1681 3211 est
1727 3149 2103 3212 ecclesiam
2146 3149 2341 3211 illam
2376 3147 2752 3211 Societatis
2793 3166 2981 3225 esse,
3029 3149 3148 3211 ibi·

682 3255 847 3319 dem
876 3256 1125 3318 crebro
1156 3257 1666 3319 exercebantur
1698 3255 1743 3320 ³.

808 3363 949 3426 250.
1035 3362 1367 3426 Redierat
1392 3364 2040 3442 Caesaraugustam
2063 3381 2153 3426 ex
2177 3363 2562 3427 Cantabria
2592 3364 2669 3427 P.
2697 3363 2958 3442 Araoz,
2987 3363 3151 3427 Pro-

682 3471 1038 3550 vincialiS,
1073 3480 1142 3533 et
1171 3469 1525 3533 Gandiam
1555 3471 1686 3532 iter
1714 3470 2124 3533 instituebat
2154 3481 2229 3533 ut
2258 3470 2534 3533 Ducem
2563 3469 2865 3533 Romam
2897 3487 3152 3533 versus

682 3577 1163 3653 comitaretur,
1211 3578 1335 3640 sed
1365 3580 1731 3640 oculorum
1768 3577 2163 3655 aegritudO,
2205 3576 2340 3656 ipsi
2378 3575 2780 3655 familiaris,
2825 3578 2896 3638 in
2934 3594 3148 3657 quam

690 3682 965 3760 incidit,
1001 3684 1073 3745 in
1124 3702 1341 3746 causa
1379 3683 1508 3745 fuit
1549 3692 1622 3746 ut
1662 3683 1899 3762 potius
1948 3683 2472 3746 Barchinonam
2511 3691 2706 3745 recta
2751 3698 3048 3763 pergere
3080 3692 3148 3745 et

682 3788 779 3851 ibi
813 3788 1086 3851 Ducem
1117 3800 1532 3870 exspectare
1564 3790 1819 3852 debere
1846 3789 2229 3853 videretur.

768 4033 787 4063 ¹
842 4031 930 4074 Sic
952 4042 1016 4073 ex
1036 4031 1252 4085 hispano
1272 4041 1365 4084 pro
1388 4029 1673 4072 Dertusae.

780 4104 802 4134 Ξ
858 4103 1123 4148 Polancus.
1145 4113 1209 4144 ex
1229 4102 1620 4153 commissione,
1642 4101 1786 4144 Patri
1808 4101 2087 4145 Francisco
2109 4101 2169 4143 de
2192 4101 2368 4155 Rojas,
2392 4101 2453 4143 de
2476 4102 2623 4144 domo
2644 4101 3152 4157 caesaraugustana.

685 4181 738 4216 ut
771 4179 1037 4226 exspectet
1059 4173 1219 4215 donee
1240 4172 1424 4215 electio
1447 4171 1536 4214 fiat
1572 4171 1851 4224 Pontificis,
1886 4178 1936 4214 et
1971 4172 2037 4214 ad
2058 4171 2251 4214 Ducem
2280 4171 2518 4215 Gandiae
2553 4180 2809 4225 recurrat,
2833 4174 2884 4216 15
2901 4173 3151 4226 januarii;

676 4245 821 4287 idem
856 4244 1002 4288 Patri
1036 4244 1224 4294 Araoz,
1261 4244 1321 4286 de
1358 4243 1515 4298 Rojas
1536 4251 1589 4286 et
1622 4246 1775 4286 rebus
1798 4242 2316 4297 caesaraugustanis,
2353 4254 2525 4286 mense
2560 4242 2861 4295 Februario;
2896 4245 3029 4289 idem
3051 4246 3153 4289 Do-

688 4318 857 4360 minae
881 4317 1165 4360 Aldunciae
1187 4316 1458 4369 Gonzalez,
1481 4316 1541 4359 de
1565 4316 1715 4359 Bulla
1734 4327 1828 4370 pro
1851 4316 2183 4359 dissolutione
2204 4316 2408 4370 collegii
2445 4315 2688 4358 nobilium
2709 4316 3061 4372 foeminarum,
3085 4320 3151 4362 ab

690 4390 803 4444 ejus
824 4395 975 4443 patre
998 4388 1448 4440 Caesaraugustae
1470 4388 1649 4440 erecti,
1668 4388 1776 4442 jam
1796 4389 2026 4439 obtenta,
2051 4388 2102 4430 14
2122 4386 2259 4438 Junii
2281 4393 2332 4430 et
2352 4387 2407 4430 30
2425 4386 2576 4440 Julii;
2607 4387 2742 4430 idem
2763 4388 2908 4432 Patri
2927 4388 3151 4441 Mendez,

686 4460 748 4502 de
769 4461 1032 4514 requisitis
1054 4461 1184 4503 utin
1205 4467 1382 4503 nostra
1403 4467 1455 4502 et
1491 4461 1542 4502 in
1575 4460 1746 4503 aliena
1781 4461 1999 4503 ecclesia
2030 4459 2220 4503 nostris
2256 4459 2510 4512 possimus
2542 4459 2618 4502 uti
2649 4459 2955 4513 privilegiis,
2988 4467 3105 4512 etc..
3125 4462 3154 4504 2

688 4531 1019 4586 Septembris;
1043 4534 1175 4576 idem
1205 4533 1387 4584 Joanni
1419 4532 1674 4575 Gonzalez
1696 4533 1757 4575 de
1779 4532 2133 4586 Villasimplez
2155 4532 2215 4574 de
2250 4530 2474 4573 Domina
2504 4531 2656 4573 Anna
2679 4531 2949 4585 Gonzalez,
2971 4532 3151 4576 eadem

686 4604 785 4656 die;
816 4604 1048 4658 Ignatius
1084 4606 1332 4649 Dominae
1369 4606 1672 4654 Aldunciae.
1708 4605 1768 4647 de
1805 4605 1953 4648 domo
1986 4612 2036 4647 et
2068 4603 2288 4657 collegio
2318 4601 2821 4656 Caesaraugustano.
2853 4604 3032 4647 eadem
3051 4604 3150 4657 die:

686 4676 825 4719 idem
846 4677 1027 4729 Joanni
1052 4678 1325 4730 Gonzalez,
1346 4679 1408 4721 de
1430 4679 1628 4728 iisdem,
1652 4679 1671 4719 1
1693 4677 2006 4720 Decembris·
