<?xml version="1.0" encoding="UTF-8"?>
<!DOCTYPE html PUBLIC "-//W3C//DTD XHTML 1.0 Transitional//EN"
    "http://www.w3.org/TR/xhtml1/DTD/xhtml1-transitional.dtd">
<html xmlns="http://www.w3.org/1999/xhtml" xml:lang="en" lang="en">
 <head>
  <title>
</title>
<meta http-equiv="Content-Type" content="text/html;charset=utf-8" />
  <meta name='ocr-system' content='tesseract 3.04.00' />
  <meta name='ocr-capabilities' content='ocr_page ocr_carea ocr_par ocr_line ocrx_word'/>
</head>
<body>
  <div class='ocr_page' id='page_1' title='image "./vitaignatiiloio03polagoog_0441.png"; bbox 0 0 3679 5414; ppageno 0'>
   <div class='ocr_carea' id='block_1_1' title="bbox 1656 446 3041 507">
    <p class='ocr_par' dir='ltr' id='par_1_1' title="bbox 1656 446 3041 507">
     <span class='ocr_line' id='line_1_1' title="bbox 1656 446 3041 507; baseline 0.002 -3"><span class='ocrx_word' id='word_1_1' title='bbox 1656 448 1780 504; x_wconf 68' lang='lat' dir='ltr'>AN.</span> <span class='ocrx_word' id='word_1_2' title='bbox 1828 446 1967 505; x_wconf 77' lang='lat'>1552</span> <span class='ocrx_word' id='word_1_3' title='bbox 2931 446 3041 507; x_wconf 71' lang='lat'>435</span> 
     </span>
    </p>
   </div>
   <div class='ocr_carea' id='block_1_2' title="bbox 566 593 3111 4322">
    <p class='ocr_par' dir='ltr' id='par_1_2' title="bbox 566 593 3049 2374">
     <span class='ocr_line' id='line_1_2' title="bbox 566 593 3037 675; baseline -0 -17"><span class='ocrx_word' id='word_1_4' title='bbox 566 612 694 658; x_wconf 88' lang='lat' dir='ltr'>nes</span> <span class='ocrx_word' id='word_1_5' title='bbox 723 595 967 675; x_wconf 85' lang='lat' dir='ltr'>Niger,</span> <span class='ocrx_word' id='word_1_6' title='bbox 1001 595 1121 674; x_wconf 93' lang='lat' dir='ltr'>qui</span> <span class='ocrx_word' id='word_1_7' title='bbox 1150 594 1333 661; x_wconf 89' lang='lat' dir='ltr'>forte</span> <span class='ocrx_word' id='word_1_8' title='bbox 1357 613 1448 657; x_wconf 83' lang='lat' dir='ltr'>ex</span> <span class='ocrx_word' id='word_1_9' title='bbox 1476 594 1807 674; x_wconf 91' lang='lat' dir='ltr'>hospitali</span> <span class='ocrx_word' id='word_1_10' title='bbox 1827 595 2124 673; x_wconf 83' lang='lat' dir='ltr'>redibat,</span> <span class='ocrx_word' id='word_1_11' title='bbox 2152 604 2222 657; x_wconf 93' lang='lat' dir='ltr'>et</span> <span class='ocrx_word' id='word_1_12' title='bbox 2253 593 2620 659; x_wconf 88' lang='lat' dir='ltr'>daemonis</span> <span class='ocrx_word' id='word_1_13' title='bbox 2642 602 2869 657; x_wconf 91' lang='lat' dir='ltr'>artem</span> <span class='ocrx_word' id='word_1_14' title='bbox 2893 596 3037 657; x_wconf 89' lang='lat' dir='ltr'>ani-</span> 
     </span>
     <span class='ocr_line' id='line_1_3' title="bbox 568 701 3040 783; baseline -0.001 -16"><span class='ocrx_word' id='word_1_15' title='bbox 568 704 1088 781; x_wconf 87' lang='lat' dir='ltr'>madvertisset,</span> <span class='ocrx_word' id='word_1_16' title='bbox 1125 703 1312 765; x_wconf 90' lang='lat' dir='ltr'>illico</span> <span class='ocrx_word' id='word_1_17' title='bbox 1343 702 1416 765; x_wconf 91' lang='lat' dir='ltr'>in</span> <span class='ocrx_word' id='word_1_18' title='bbox 1445 720 1786 765; x_wconf 88' lang='lat' dir='ltr'>acervum</span> <span class='ocrx_word' id='word_1_19' title='bbox 1807 702 2145 783; x_wconf 87' lang='lat' dir='ltr'>lapidum,</span> <span class='ocrx_word' id='word_1_20' title='bbox 2173 703 2293 782; x_wconf 92' lang='lat' dir='ltr'>qui</span> <span class='ocrx_word' id='word_1_21' title='bbox 2310 701 2515 780; x_wconf 85' lang='lat' dir='ltr'>juxta</span> <span class='ocrx_word' id='word_1_22' title='bbox 2540 703 3040 765; x_wconf 81' lang='lat' dir='ltr'>circulatorem</span> 
     </span>
     <span class='ocr_line' id='line_1_4' title="bbox 569 810 3033 890; baseline -0 -16"><span class='ocrx_word' id='word_1_23' title='bbox 569 820 808 890; x_wconf 90' lang='lat' dir='ltr'>erant,</span> <span class='ocrx_word' id='word_1_24' title='bbox 842 811 1251 889; x_wconf 83' lang='lat' dir='ltr'>subsiliens,</span> <span class='ocrx_word' id='word_1_25' title='bbox 1294 811 1630 890; x_wconf 91' lang='lat' dir='ltr'>populum</span> <span class='ocrx_word' id='word_1_26' title='bbox 1668 810 1878 873; x_wconf 92' lang='lat' dir='ltr'>simul</span> <span class='ocrx_word' id='word_1_27' title='bbox 1916 827 2095 873; x_wconf 85' lang='lat' dir='ltr'>voce</span> <span class='ocrx_word' id='word_1_28' title='bbox 2145 821 2216 873; x_wconf 89' lang='lat' dir='ltr'>et</span> <span class='ocrx_word' id='word_1_29' title='bbox 2266 828 2478 873; x_wconf 90' lang='lat' dir='ltr'>manu</span> <span class='ocrx_word' id='word_1_30' title='bbox 2530 811 2622 874; x_wconf 89' lang='lat' dir='ltr'>ad</span> <span class='ocrx_word' id='word_1_31' title='bbox 2671 828 2747 872; x_wconf 92' lang='lat' dir='ltr'>se</span> <span class='ocrx_word' id='word_1_32' title='bbox 2798 820 3033 889; x_wconf 89' lang='lat' dir='ltr'>vocat,</span> 
     </span>
     <span class='ocr_line' id='line_1_5' title="bbox 570 917 3035 999; baseline -0 -18"><span class='ocrx_word' id='word_1_33' title='bbox 570 918 958 999; x_wconf 90' lang='lat' dir='ltr'>pharmaca</span> <span class='ocrx_word' id='word_1_34' title='bbox 990 919 1198 996; x_wconf 91' lang='lat' dir='ltr'>longe</span> <span class='ocrx_word' id='word_1_35' title='bbox 1229 918 1628 980; x_wconf 81' lang='lat' dir='ltr'>salubriora</span> <span class='ocrx_word' id='word_1_36' title='bbox 1657 926 1727 980; x_wconf 92' lang='lat' dir='ltr'>et</span> <span class='ocrx_word' id='word_1_37' title='bbox 1755 919 1983 997; x_wconf 91' lang='lat' dir='ltr'>gratis</span> <span class='ocrx_word' id='word_1_38' title='bbox 2012 936 2089 979; x_wconf 90' lang='lat' dir='ltr'>se</span> <span class='ocrx_word' id='word_1_39' title='bbox 2128 917 2458 980; x_wconf 90' lang='lat' dir='ltr'>daturum</span> <span class='ocrx_word' id='word_1_40' title='bbox 2501 917 2901 997; x_wconf 84' lang='lat' dir='ltr'>pollicetur3</span> <span class='ocrx_word' id='word_1_41' title='bbox 2940 926 3035 980; x_wconf 90' lang='lat' dir='ltr'>at-</span> 
     </span>
     <span class='ocr_line' id='line_1_6' title="bbox 571 1024 3041 1106; baseline -0 -18"><span class='ocrx_word' id='word_1_42' title='bbox 571 1044 704 1106; x_wconf 92' lang='lat' dir='ltr'>que</span> <span class='ocrx_word' id='word_1_43' title='bbox 762 1026 858 1088; x_wconf 89' lang='lat' dir='ltr'>ita</span> <span class='ocrx_word' id='word_1_44' title='bbox 915 1025 1063 1087; x_wconf 91' lang='lat' dir='ltr'>suis</span> <span class='ocrx_word' id='word_1_45' title='bbox 1120 1025 1557 1088; x_wconf 83' lang='lat' dir='ltr'>auditoribus</span> <span class='ocrx_word' id='word_1_46' title='bbox 1613 1025 1996 1088; x_wconf 83' lang='lat' dir='ltr'>circulator</span> <span class='ocrx_word' id='word_1_47' title='bbox 2054 1025 2431 1088; x_wconf 89' lang='lat' dir='ltr'>destitutus</span> <span class='ocrx_word' id='word_1_48' title='bbox 2460 1075 2472 1102; x_wconf 93' lang='lat'>,</span> <span class='ocrx_word' id='word_1_49' title='bbox 2546 1042 2708 1087; x_wconf 92' lang='lat' dir='ltr'>cum</span> <span class='ocrx_word' id='word_1_50' title='bbox 2765 1024 3041 1087; x_wconf 89' lang='lat' dir='ltr'>videret</span> 
     </span>
     <span class='ocr_line' id='line_1_7' title="bbox 571 1131 3038 1214; baseline -0.001 -19"><span class='ocrx_word' id='word_1_51' title='bbox 571 1132 646 1196; x_wconf 92' lang='lat' dir='ltr'>P.</span> <span class='ocrx_word' id='word_1_52' title='bbox 679 1133 1026 1214; x_wconf 90' lang='lat' dir='ltr'>Joannem</span> <span class='ocrx_word' id='word_1_53' title='bbox 1057 1142 1306 1194; x_wconf 87' lang='lat' dir='ltr'>contra</span> <span class='ocrx_word' id='word_1_54' title='bbox 1338 1132 1777 1211; x_wconf 88' lang='lat' dir='ltr'>daemonem,</span> <span class='ocrx_word' id='word_1_55' title='bbox 1810 1142 2088 1212; x_wconf 91' lang='lat' dir='ltr'>patrem</span> <span class='ocrx_word' id='word_1_56' title='bbox 2117 1132 2496 1209; x_wconf 88' lang='lat' dir='ltr'>mendacii,</span> <span class='ocrx_word' id='word_1_57' title='bbox 2533 1131 2820 1211; x_wconf 91' lang='lat' dir='ltr'>ejusque</span> <span class='ocrx_word' id='word_1_58' title='bbox 2845 1131 3038 1194; x_wconf 86' lang='lat' dir='ltr'>mini·</span> 
     </span>
     <span class='ocr_line' id='line_1_8' title="bbox 575 1239 3043 1320; baseline -0.001 -17"><span class='ocrx_word' id='word_1_59' title='bbox 575 1250 763 1304; x_wconf 91' lang='lat' dir='ltr'>stros</span> <span class='ocrx_word' id='word_1_60' title='bbox 790 1240 1249 1302; x_wconf 87' lang='lat' dir='ltr'>vehementer</span> <span class='ocrx_word' id='word_1_61' title='bbox 1279 1239 1521 1302; x_wconf 90' lang='lat' dir='ltr'>invehi</span> <span class='ocrx_word' id='word_1_62' title='bbox 1549 1249 1762 1320; x_wconf 91' lang='lat' dir='ltr'>atque</span> <span class='ocrx_word' id='word_1_63' title='bbox 1787 1258 1910 1302; x_wconf 92' lang='lat' dir='ltr'>eos</span> <span class='ocrx_word' id='word_1_64' title='bbox 1933 1241 2169 1320; x_wconf 91' lang='lat' dir='ltr'>potius</span> <span class='ocrx_word' id='word_1_65' title='bbox 2191 1239 2543 1319; x_wconf 85' lang='lat' dir='ltr'>lapidibus</span> <span class='ocrx_word' id='word_1_66' title='bbox 2565 1256 2722 1301; x_wconf 91' lang='lat' dir='ltr'>esse</span> <span class='ocrx_word' id='word_1_67' title='bbox 2747 1239 3043 1301; x_wconf 89' lang='lat' dir='ltr'>obruen-</span> 
     </span>
     <span class='ocr_line' id='line_1_9' title="bbox 574 1345 3045 1426; baseline -0 -16"><span class='ocrx_word' id='word_1_68' title='bbox 574 1348 705 1410; x_wconf 92' lang='lat' dir='ltr'>dos</span> <span class='ocrx_word' id='word_1_69' title='bbox 735 1363 1077 1424; x_wconf 82' lang='lat' dir='ltr'>asserere,</span> <span class='ocrx_word' id='word_1_70' title='bbox 1113 1347 1230 1425; x_wconf 89' lang='lat' dir='ltr'>qui</span> <span class='ocrx_word' id='word_1_71' title='bbox 1259 1356 1328 1408; x_wconf 92' lang='lat' dir='ltr'>et</span> <span class='ocrx_word' id='word_1_72' title='bbox 1357 1347 1517 1409; x_wconf 89' lang='lat' dir='ltr'>loca</span> <span class='ocrx_word' id='word_1_73' title='bbox 1548 1363 1756 1409; x_wconf 90' lang='lat' dir='ltr'>sacra</span> <span class='ocrx_word' id='word_1_74' title='bbox 1788 1356 1857 1409; x_wconf 91' lang='lat' dir='ltr'>et</span> <span class='ocrx_word' id='word_1_75' title='bbox 1888 1348 2041 1426; x_wconf 88' lang='lat' dir='ltr'>ipsa</span> <span class='ocrx_word' id='word_1_76' title='bbox 2066 1345 2370 1426; x_wconf 88' lang='lat' dir='ltr'>Spiritus</span> <span class='ocrx_word' id='word_1_77' title='bbox 2392 1345 2635 1409; x_wconf 84' lang='lat' dir='ltr'>Sancti</span> <span class='ocrx_word' id='word_1_78' title='bbox 2661 1347 2922 1426; x_wconf 90' lang='lat' dir='ltr'>templa</span> <span class='ocrx_word' id='word_1_79' title='bbox 2945 1357 3045 1409; x_wconf 88' lang='lat' dir='ltr'>to·</span> 
     </span>
     <span class='ocr_line' id='line_1_10' title="bbox 576 1452 3047 1533; baseline 0 -17"><span class='ocrx_word' id='word_1_80' title='bbox 576 1465 687 1517; x_wconf 93' lang='lat' dir='ltr'>tos</span> <span class='ocrx_word' id='word_1_81' title='bbox 715 1454 866 1517; x_wconf 91' lang='lat' dir='ltr'>dies</span> <span class='ocrx_word' id='word_1_82' title='bbox 896 1453 1074 1516; x_wconf 89' lang='lat' dir='ltr'>adeo</span> <span class='ocrx_word' id='word_1_83' title='bbox 1104 1452 1589 1533; x_wconf 87' lang='lat' dir='ltr'>profanarent,</span> <span class='ocrx_word' id='word_1_84' title='bbox 1622 1454 1895 1516; x_wconf 83' lang='lat' dir='ltr'>veritus</span> <span class='ocrx_word' id='word_1_85' title='bbox 1923 1454 2038 1516; x_wconf 91' lang='lat' dir='ltr'>ille</span> <span class='ocrx_word' id='word_1_86' title='bbox 2070 1471 2231 1516; x_wconf 91' lang='lat' dir='ltr'>cum</span> <span class='ocrx_word' id='word_1_87' title='bbox 2261 1454 2477 1516; x_wconf 88' lang='lat' dir='ltr'>sociis</span> <span class='ocrx_word' id='word_1_88' title='bbox 2507 1472 2595 1516; x_wconf 94' lang='lat' dir='ltr'>ne</span> <span class='ocrx_word' id='word_1_89' title='bbox 2625 1471 2667 1516; x_wconf 89' lang='lat' dir='ltr'>a</span> <span class='ocrx_word' id='word_1_90' title='bbox 2694 1454 2933 1516; x_wconf 84' lang='lat' dir='ltr'>verbis</span> <span class='ocrx_word' id='word_1_91' title='bbox 2957 1454 3047 1517; x_wconf 89' lang='lat' dir='ltr'>ad</span> 
     </span>
     <span class='ocr_line' id='line_1_11' title="bbox 580 1558 3049 1643; baseline 0 -19"><span class='ocrx_word' id='word_1_92' title='bbox 580 1560 850 1643; x_wconf 90' lang='lat' dir='ltr'>lapides</span> <span class='ocrx_word' id='word_1_93' title='bbox 898 1562 1150 1641; x_wconf 90' lang='lat' dir='ltr'>iretur,</span> <span class='ocrx_word' id='word_1_94' title='bbox 1196 1561 1282 1624; x_wconf 92' lang='lat' dir='ltr'>de</span> <span class='ocrx_word' id='word_1_95' title='bbox 1323 1561 1576 1640; x_wconf 90' lang='lat' dir='ltr'>quibus</span> <span class='ocrx_word' id='word_1_96' title='bbox 1613 1561 2045 1623; x_wconf 91' lang='lat' dir='ltr'>mentionem</span> <span class='ocrx_word' id='word_1_97' title='bbox 2085 1558 2237 1623; x_wconf 91' lang='lat' dir='ltr'>fieri</span> <span class='ocrx_word' id='word_1_98' title='bbox 2281 1562 2641 1640; x_wconf 85' lang='lat' dir='ltr'>audierat,</span> <span class='ocrx_word' id='word_1_99' title='bbox 2686 1561 3049 1640; x_wconf 85' lang='lat' dir='ltr'>congestis</span> 
     </span>
     <span class='ocr_line' id='line_1_12' title="bbox 581 1667 3047 1748; baseline -0.001 -16"><span class='ocrx_word' id='word_1_100' title='bbox 581 1669 811 1732; x_wconf 90' lang='lat' dir='ltr'>subito</span> <span class='ocrx_word' id='word_1_101' title='bbox 842 1668 1055 1731; x_wconf 89' lang='lat' dir='ltr'>rebus</span> <span class='ocrx_word' id='word_1_102' title='bbox 1084 1669 1253 1746; x_wconf 80' lang='lat' dir='ltr'>suiS,</span> <span class='ocrx_word' id='word_1_103' title='bbox 1290 1668 1453 1730; x_wconf 91' lang='lat' dir='ltr'>inde</span> <span class='ocrx_word' id='word_1_104' title='bbox 1484 1667 1945 1747; x_wconf 88' lang='lat' dir='ltr'>aufugerunt,</span> <span class='ocrx_word' id='word_1_105' title='bbox 1981 1676 2051 1730; x_wconf 92' lang='lat' dir='ltr'>et</span> <span class='ocrx_word' id='word_1_106' title='bbox 2080 1685 2244 1730; x_wconf 91' lang='lat' dir='ltr'>cum</span> <span class='ocrx_word' id='word_1_107' title='bbox 2271 1669 2578 1748; x_wconf 91' lang='lat' dir='ltr'>primum</span> <span class='ocrx_word' id='word_1_108' title='bbox 2619 1669 2841 1747; x_wconf 91' lang='lat' dir='ltr'>licuit,</span> <span class='ocrx_word' id='word_1_109' title='bbox 2879 1669 3047 1731; x_wconf 88' lang='lat' dir='ltr'>civi-</span> 
     </span>
     <span class='ocr_line' id='line_1_13' title="bbox 578 1775 3048 1854; baseline 0 -16"><span class='ocrx_word' id='word_1_110' title='bbox 578 1784 722 1838; x_wconf 89' lang='lat' dir='ltr'>tate</span> <span class='ocrx_word' id='word_1_111' title='bbox 750 1782 1139 1853; x_wconf 90' lang='lat' dir='ltr'>cesserunt‚</span> <span class='ocrx_word' id='word_1_112' title='bbox 1176 1792 1569 1854; x_wconf 91' lang='lat' dir='ltr'>nunquam,</span> <span class='ocrx_word' id='word_1_113' title='bbox 1604 1784 1680 1837; x_wconf 90' lang='lat' dir='ltr'>ut</span> <span class='ocrx_word' id='word_1_114' title='bbox 1711 1775 2163 1854; x_wconf 89' lang='lat' dir='ltr'>credebatur,</span> <span class='ocrx_word' id='word_1_115' title='bbox 2209 1776 2282 1837; x_wconf 92' lang='lat' dir='ltr'>in</span> <span class='ocrx_word' id='word_1_116' title='bbox 2320 1792 2479 1837; x_wconf 90' lang='lat' dir='ltr'>eam</span> <span class='ocrx_word' id='word_1_117' title='bbox 2518 1776 2902 1838; x_wconf 88' lang='lat' dir='ltr'>reversuri.</span> <span class='ocrx_word' id='word_1_118' title='bbox 2951 1776 3048 1838; x_wconf 92' lang='lat' dir='ltr'>At</span> 
     </span>
     <span class='ocr_line' id='line_1_14' title="bbox 583 1881 3047 1964; baseline 0 -19"><span class='ocrx_word' id='word_1_119' title='bbox 583 1900 782 1945; x_wconf 89' lang='lat' dir='ltr'>suurn</span> <span class='ocrx_word' id='word_1_120' title='bbox 826 1883 1193 1961; x_wconf 88' lang='lat' dir='ltr'>negotium</span> <span class='ocrx_word' id='word_1_121' title='bbox 1231 1881 1309 1944; x_wconf 92' lang='lat' dir='ltr'>P.</span> <span class='ocrx_word' id='word_1_122' title='bbox 1353 1881 1667 1962; x_wconf 91' lang='lat' dir='ltr'>Joannes</span> <span class='ocrx_word' id='word_1_123' title='bbox 1703 1889 2126 1961; x_wconf 91' lang='lat' dir='ltr'>prosecutus</span> <span class='ocrx_word' id='word_1_124' title='bbox 2164 1898 2429 1961; x_wconf 89' lang='lat' dir='ltr'>magna</span> <span class='ocrx_word' id='word_1_125' title='bbox 2467 1882 2792 1945; x_wconf 89' lang='lat' dir='ltr'>libertate</span> <span class='ocrx_word' id='word_1_126' title='bbox 2830 1900 3047 1964; x_wconf 92' lang='lat' dir='ltr'>popu-</span> 
     </span>
     <span class='ocr_line' id='line_1_15' title="bbox 579 1989 3047 2070; baseline 0 -18"><span class='ocrx_word' id='word_1_127' title='bbox 579 1990 725 2052; x_wconf 90' lang='lat' dir='ltr'>lum</span> <span class='ocrx_word' id='word_1_128' title='bbox 753 1989 1224 2069; x_wconf 88' lang='lat' dir='ltr'>reprehendit,</span> <span class='ocrx_word' id='word_1_129' title='bbox 1259 1990 1400 2068; x_wconf 91' lang='lat' dir='ltr'>qui,</span> <span class='ocrx_word' id='word_1_130' title='bbox 1433 1989 1684 2052; x_wconf 75' lang='lat' dir='ltr'>reiicta</span> <span class='ocrx_word' id='word_1_131' title='bbox 1715 2006 1925 2051; x_wconf 89' lang='lat' dir='ltr'>sacra</span> <span class='ocrx_word' id='word_1_132' title='bbox 1954 1990 2276 2068; x_wconf 89' lang='lat' dir='ltr'>lectione,</span> <span class='ocrx_word' id='word_1_133' title='bbox 2311 1989 2520 2051; x_wconf 88' lang='lat' dir='ltr'>vanis</span> <span class='ocrx_word' id='word_1_134' title='bbox 2550 1989 2764 2052; x_wconf 90' lang='lat' dir='ltr'>immo</span> <span class='ocrx_word' id='word_1_135' title='bbox 2797 1999 2866 2052; x_wconf 92' lang='lat' dir='ltr'>et</span> <span class='ocrx_word' id='word_1_136' title='bbox 2889 2008 3047 2070; x_wconf 92' lang='lat' dir='ltr'>pro—</span> 
     </span>
     <span class='ocr_line' id='line_1_16' title="bbox 582 2096 3045 2174; baseline 0.001 -16"><span class='ocrx_word' id='word_1_137' title='bbox 582 2096 770 2159; x_wconf 85' lang='lat' dir='ltr'>fanis</span> <span class='ocrx_word' id='word_1_138' title='bbox 820 2097 1267 2159; x_wconf 90' lang='lat' dir='ltr'>circulatoris</span> <span class='ocrx_word' id='word_1_139' title='bbox 1308 2096 1749 2159; x_wconf 89' lang='lat' dir='ltr'>sermonibus</span> <span class='ocrx_word' id='word_1_140' title='bbox 1792 2096 2211 2174; x_wconf 87' lang='lat' dir='ltr'>assistebat;</span> <span class='ocrx_word' id='word_1_141' title='bbox 2254 2105 2322 2159; x_wconf 93' lang='lat' dir='ltr'>et</span> <span class='ocrx_word' id='word_1_142' title='bbox 2362 2097 2463 2159; x_wconf 95' lang='lat' dir='ltr'>sic</span> <span class='ocrx_word' id='word_1_143' title='bbox 2506 2096 2866 2159; x_wconf 89' lang='lat' dir='ltr'>auditores</span> <span class='ocrx_word' id='word_1_144' title='bbox 2903 2114 3045 2160; x_wconf 91' lang='lat' dir='ltr'>non</span> 
     </span>
     <span class='ocr_line' id='line_1_17' title="bbox 583 2203 3048 2284; baseline 0 -18"><span class='ocrx_word' id='word_1_145' title='bbox 583 2205 815 2266; x_wconf 90' lang='lat' dir='ltr'>minus</span> <span class='ocrx_word' id='word_1_146' title='bbox 872 2204 1340 2266; x_wconf 88' lang='lat' dir='ltr'>admiratione</span> <span class='ocrx_word' id='word_1_147' title='bbox 1399 2221 1612 2283; x_wconf 89' lang='lat' dir='ltr'>quam</span> <span class='ocrx_word' id='word_1_148' title='bbox 1668 2203 2008 2266; x_wconf 81' lang='lat' dir='ltr'>beneficio</span> <span class='ocrx_word' id='word_1_149' title='bbox 2077 2203 2369 2267; x_wconf 83' lang='lat' dir='ltr'>affectos</span> <span class='ocrx_word' id='word_1_150' title='bbox 2434 2204 2884 2284; x_wconf 90' lang='lat' dir='ltr'>postmodum</span> <span class='ocrx_word' id='word_1_151' title='bbox 2954 2205 3048 2267; x_wconf 94' lang='lat' dir='ltr'>di·</span> 
     </span>
     <span class='ocr_line' id='line_1_18' title="bbox 583 2310 794 2374; baseline 0.005 -1"><span class='ocrx_word' id='word_1_152' title='bbox 583 2310 794 2374; x_wconf 91' lang='lat' dir='ltr'>misit.</span> 
     </span>
    </p>

    <p class='ocr_par' dir='ltr' id='par_1_3' title="bbox 586 2416 3056 3248">
     <span class='ocr_line' id='line_1_19' title="bbox 703 2416 3053 2498; baseline 0 -18"><span class='ocrx_word' id='word_1_153' title='bbox 703 2418 804 2480; x_wconf 80' lang='lat'>41.</span> <span class='ocrx_word' id='word_1_154' title='bbox 892 2418 1130 2480; x_wconf 92' lang='lat' dir='ltr'>Bonus</span> <span class='ocrx_word' id='word_1_155' title='bbox 1160 2427 1396 2480; x_wconf 89' lang='lat' dir='ltr'>autem</span> <span class='ocrx_word' id='word_1_156' title='bbox 1427 2418 1541 2480; x_wconf 90' lang='lat' dir='ltr'>ille</span> <span class='ocrx_word' id='word_1_157' title='bbox 1570 2416 1646 2480; x_wconf 90' lang='lat' dir='ltr'>P.</span> <span class='ocrx_word' id='word_1_158' title='bbox 1673 2416 1987 2498; x_wconf 91' lang='lat' dir='ltr'>Joannes</span> <span class='ocrx_word' id='word_1_159' title='bbox 2008 2418 2144 2481; x_wconf 93' lang='lat' dir='ltr'>hoc</span> <span class='ocrx_word' id='word_1_160' title='bbox 2167 2418 2558 2480; x_wconf 91' lang='lat' dir='ltr'>ministerio</span> <span class='ocrx_word' id='word_1_161' title='bbox 2583 2419 3053 2483; x_wconf 88' lang='lat' dir='ltr'>concionandi</span> 
     </span>
     <span class='ocr_line' id='line_1_20' title="bbox 586 2524 3050 2603; baseline 0 -16"><span class='ocrx_word' id='word_1_162' title='bbox 586 2535 654 2589; x_wconf 94' lang='lat' dir='ltr'>et</span> <span class='ocrx_word' id='word_1_163' title='bbox 684 2535 1135 2588; x_wconf 87' lang='lat' dir='ltr'>sacramenta</span> <span class='ocrx_word' id='word_1_164' title='bbox 1166 2526 1640 2603; x_wconf 89' lang='lat' dir='ltr'>poenitentiae</span> <span class='ocrx_word' id='word_1_165' title='bbox 1678 2534 1748 2588; x_wconf 90' lang='lat' dir='ltr'>et</span> <span class='ocrx_word' id='word_1_166' title='bbox 1785 2524 2275 2589; x_wconf 86' lang='lat' dir='ltr'>Eucharistiae</span> <span class='ocrx_word' id='word_1_167' title='bbox 2317 2526 2762 2588; x_wconf 89' lang='lat' dir='ltr'>ministrandi</span> <span class='ocrx_word' id='word_1_168' title='bbox 2802 2542 2887 2588; x_wconf 92' lang='lat' dir='ltr'>eo</span> <span class='ocrx_word' id='word_1_169' title='bbox 2930 2526 3050 2588; x_wconf 92' lang='lat' dir='ltr'>im·</span> 
     </span>
     <span class='ocr_line' id='line_1_21' title="bbox 586 2631 3053 2715; baseline 0 -19"><span class='ocrx_word' id='word_1_170' title='bbox 586 2633 874 2715; x_wconf 92' lang='lat' dir='ltr'>pensius</span> <span class='ocrx_word' id='word_1_171' title='bbox 904 2632 1231 2712; x_wconf 89' lang='lat' dir='ltr'>vacabat,</span> <span class='ocrx_word' id='word_1_172' title='bbox 1267 2649 1406 2713; x_wconf 91' lang='lat' dir='ltr'>quo</span> <span class='ocrx_word' id='word_1_173' title='bbox 1437 2632 1509 2694; x_wconf 91' lang='lat' dir='ltr'>in</span> <span class='ocrx_word' id='word_1_174' title='bbox 1538 2634 1775 2712; x_wconf 91' lang='lat' dir='ltr'>plures</span> <span class='ocrx_word' id='word_1_175' title='bbox 1797 2633 2138 2713; x_wconf 90' lang='lat' dir='ltr'>paulatim</span> <span class='ocrx_word' id='word_1_176' title='bbox 2166 2631 2545 2696; x_wconf 89' lang='lat' dir='ltr'>Societatis</span> <span class='ocrx_word' id='word_1_177' title='bbox 2582 2635 2897 2715; x_wconf 84' lang='lat' dir='ltr'>cognitio</span> <span class='ocrx_word' id='word_1_178' title='bbox 2942 2634 3053 2697; x_wconf 91' lang='lat' dir='ltr'>de-</span> 
     </span>
     <span class='ocr_line' id='line_1_22' title="bbox 590 2740 3056 2821; baseline 0 -18"><span class='ocrx_word' id='word_1_179' title='bbox 590 2742 940 2820; x_wconf 91' lang='lat' dir='ltr'>veniebat;</span> <span class='ocrx_word' id='word_1_180' title='bbox 973 2753 1041 2803; x_wconf 93' lang='lat' dir='ltr'>et</span> <span class='ocrx_word' id='word_1_181' title='bbox 1070 2741 1320 2820; x_wconf 91' lang='lat' dir='ltr'>primis</span> <span class='ocrx_word' id='word_1_182' title='bbox 1348 2740 1631 2820; x_wconf 90' lang='lat' dir='ltr'>quidem</span> <span class='ocrx_word' id='word_1_183' title='bbox 1661 2741 2020 2803; x_wconf 91' lang='lat' dir='ltr'>mensibus</span> <span class='ocrx_word' id='word_1_184' title='bbox 2042 2742 2113 2803; x_wconf 92' lang='lat' dir='ltr'>in</span> <span class='ocrx_word' id='word_1_185' title='bbox 2138 2743 2566 2821; x_wconf 90' lang='lat' dir='ltr'>carceribus,</span> <span class='ocrx_word' id='word_1_186' title='bbox 2594 2742 3056 2805; x_wconf 86' lang='lat' dir='ltr'>xenodochiis</span> 
     </span>
     <span class='ocr_line' id='line_1_23' title="bbox 587 2846 3054 2930; baseline 0 -19"><span class='ocrx_word' id='word_1_187' title='bbox 587 2858 655 2911; x_wconf 93' lang='lat' dir='ltr'>et</span> <span class='ocrx_word' id='word_1_188' title='bbox 684 2848 1139 2912; x_wconf 90' lang='lat' dir='ltr'>monasteriis</span> <span class='ocrx_word' id='word_1_189' title='bbox 1167 2847 1344 2910; x_wconf 88' lang='lat' dir='ltr'>haec</span> <span class='ocrx_word' id='word_1_190' title='bbox 1384 2846 1612 2910; x_wconf 89' lang='lat' dir='ltr'>officia</span> <span class='ocrx_word' id='word_1_191' title='bbox 1649 2848 1881 2926; x_wconf 90' lang='lat' dir='ltr'>magis</span> <span class='ocrx_word' id='word_1_192' title='bbox 1919 2850 2468 2927; x_wconf 81' lang='lat' dir='ltr'>exercebantur3</span> <span class='ocrx_word' id='word_1_193' title='bbox 2512 2849 2635 2911; x_wconf 93' lang='lat' dir='ltr'>sed</span> <span class='ocrx_word' id='word_1_194' title='bbox 2674 2859 3054 2930; x_wconf 89' lang='lat' dir='ltr'>postquam</span> 
     </span>
     <span class='ocr_line' id='line_1_24' title="bbox 589 2953 3051 3035; baseline 0 -16"><span class='ocrx_word' id='word_1_195' title='bbox 589 2956 894 3019; x_wconf 90' lang='lat' dir='ltr'>ecclesia</span> <span class='ocrx_word' id='word_1_196' title='bbox 924 2954 1274 3034; x_wconf 90' lang='lat' dir='ltr'>quaedam</span> <span class='ocrx_word' id='word_1_197' title='bbox 1313 2971 1357 3016; x_wconf 89' lang='lat' dir='ltr'>a</span> <span class='ocrx_word' id='word_1_198' title='bbox 1395 2953 1691 3017; x_wconf 91' lang='lat' dir='ltr'>Vicario</span> <span class='ocrx_word' id='word_1_199' title='bbox 1731 2954 1823 3017; x_wconf 88' lang='lat' dir='ltr'>ad</span> <span class='ocrx_word' id='word_1_200' title='bbox 1854 2972 2058 3017; x_wconf 92' lang='lat' dir='ltr'>usum</span> <span class='ocrx_word' id='word_1_201' title='bbox 2096 2956 2650 3035; x_wconf 89' lang='lat' dir='ltr'>praedicationis</span> <span class='ocrx_word' id='word_1_202' title='bbox 2696 2966 2765 3019; x_wconf 92' lang='lat' dir='ltr'>et</span> <span class='ocrx_word' id='word_1_203' title='bbox 2803 2956 3051 3019; x_wconf 89' lang='lat' dir='ltr'>Sacra-</span> 
     </span>
     <span class='ocr_line' id='line_1_25' title="bbox 594 3061 3052 3141; baseline 0 -16"><span class='ocrx_word' id='word_1_204' title='bbox 594 3070 993 3125; x_wconf 89' lang='lat' dir='ltr'>mentorum</span> <span class='ocrx_word' id='word_1_205' title='bbox 1032 3061 1296 3124; x_wconf 93' lang='lat' dir='ltr'>nostris</span> <span class='ocrx_word' id='word_1_206' title='bbox 1344 3078 1687 3123; x_wconf 91' lang='lat' dir='ltr'>concessa</span> <span class='ocrx_word' id='word_1_207' title='bbox 1729 3069 1859 3140; x_wconf 92' lang='lat' dir='ltr'>est,</span> <span class='ocrx_word' id='word_1_208' title='bbox 1914 3061 2008 3123; x_wconf 92' lang='lat' dir='ltr'>ibi</span> <span class='ocrx_word' id='word_1_209' title='bbox 2045 3061 2223 3124; x_wconf 88' lang='lat' dir='ltr'>haec</span> <span class='ocrx_word' id='word_1_210' title='bbox 2270 3063 2424 3141; x_wconf 91' lang='lat' dir='ltr'>ipsa</span> <span class='ocrx_word' id='word_1_211' title='bbox 2468 3080 2763 3126; x_wconf 91' lang='lat' dir='ltr'>numera</span> <span class='ocrx_word' id='word_1_212' title='bbox 2801 3064 3052 3126; x_wconf 92' lang='lat' dir='ltr'>crebro</span> 
     </span>
     <span class='ocr_line' id='line_1_26' title="bbox 589 3165 3019 3248; baseline -0.003 -16"><span class='ocrx_word' id='word_1_213' title='bbox 589 3170 784 3233; x_wconf 90' lang='lat' dir='ltr'>obire</span> <span class='ocrx_word' id='word_1_214' title='bbox 815 3176 1199 3248; x_wconf 90' lang='lat' dir='ltr'>coeperunt</span> <span class='ocrx_word' id='word_1_215' title='bbox 1226 3165 1267 3230; x_wconf 86' lang='lat'>¹.</span> <span class='ocrx_word' id='word_1_216' title='bbox 3015 3177 3019 3181; x_wconf 86' lang='lat'><em>·</em></span> 
     </span>
    </p>

    <p class='ocr_par' dir='ltr' id='par_1_4' title="bbox 589 3272 3111 4322">
     <span class='ocr_line' id='line_1_27' title="bbox 705 3272 3052 3358; baseline 0.001 -21"><span class='ocrx_word' id='word_1_217' title='bbox 705 3275 805 3338; x_wconf 83' lang='lat'>42.</span> <span class='ocrx_word' id='word_1_218' title='bbox 892 3275 1259 3355; x_wconf 89' lang='lat' dir='ltr'>Nusquam</span> <span class='ocrx_word' id='word_1_219' title='bbox 1281 3284 1520 3337; x_wconf 87' lang='lat' dir='ltr'>tamen</span> <span class='ocrx_word' id='word_1_220' title='bbox 1544 3272 1680 3354; x_wconf 89' lang='lat' dir='ltr'>maj</span> <span class='ocrx_word' id='word_1_221' title='bbox 1690 3292 1816 3338; x_wconf 89' lang='lat' dir='ltr'>ora</span> <span class='ocrx_word' id='word_1_222' title='bbox 1839 3274 2061 3338; x_wconf 82' lang='lat' dir='ltr'>divini</span> <span class='ocrx_word' id='word_1_223' title='bbox 2086 3276 2330 3338; x_wconf 85' lang='lat' dir='ltr'>auxilii</span> <span class='ocrx_word' id='word_1_224' title='bbox 2359 3287 2781 3355; x_wconf 90' lang='lat' dir='ltr'>argumenta</span> <span class='ocrx_word' id='word_1_225' title='bbox 2812 3278 3052 3358; x_wconf 90' lang='lat' dir='ltr'>depre-</span> 
     </span>
     <span class='ocr_line' id='line_1_28' title="bbox 589 3381 3055 3465; baseline 0.001 -19"><span class='ocrx_word' id='word_1_226' title='bbox 589 3383 984 3446; x_wconf 89' lang='lat' dir='ltr'>henderunt</span> <span class='ocrx_word' id='word_1_227' title='bbox 1013 3399 1228 3462; x_wconf 90' lang='lat' dir='ltr'>quam</span> <span class='ocrx_word' id='word_1_228' title='bbox 1257 3382 1329 3444; x_wconf 91' lang='lat' dir='ltr'>in</span> <span class='ocrx_word' id='word_1_229' title='bbox 1358 3381 1741 3461; x_wconf 90' lang='lat' dir='ltr'>praedictis</span> <span class='ocrx_word' id='word_1_230' title='bbox 1771 3382 2296 3461; x_wconf 89' lang='lat' dir='ltr'>aegrotantium</span> <span class='ocrx_word' id='word_1_231' title='bbox 2325 3391 2393 3446; x_wconf 92' lang='lat' dir='ltr'>et</span> <span class='ocrx_word' id='word_1_232' title='bbox 2424 3384 2745 3447; x_wconf 88' lang='lat' dir='ltr'>custodia</span> <span class='ocrx_word' id='word_1_233' title='bbox 2775 3385 3055 3465; x_wconf 91' lang='lat' dir='ltr'>publica</span> 
     </span>
     <span class='ocr_line' id='line_1_29' title="bbox 592 3489 3057 3567; baseline 0.001 -14"><span class='ocrx_word' id='word_1_234' title='bbox 592 3492 1027 3553; x_wconf 89' lang='lat' dir='ltr'>inclusorum</span> <span class='ocrx_word' id='word_1_235' title='bbox 1080 3490 1280 3567; x_wconf 81' lang='lat' dir='ltr'>lociS,</span> <span class='ocrx_word' id='word_1_236' title='bbox 1335 3489 1450 3551; x_wconf 92' lang='lat' dir='ltr'>ubi</span> <span class='ocrx_word' id='word_1_237' title='bbox 1500 3489 1702 3551; x_wconf 87' lang='lat' dir='ltr'>multi</span> <span class='ocrx_word' id='word_1_238' title='bbox 1751 3490 2361 3553; x_wconf 88' lang='lat' dir='ltr'>exhortationibus</span> <span class='ocrx_word' id='word_1_239' title='bbox 2412 3489 2699 3554; x_wconf 89' lang='lat' dir='ltr'>adducti</span> <span class='ocrx_word' id='word_1_240' title='bbox 2750 3501 2915 3555; x_wconf 92' lang='lat' dir='ltr'>sunt</span> <span class='ocrx_word' id='word_1_241' title='bbox 2965 3493 3057 3556; x_wconf 89' lang='lat' dir='ltr'>ad</span> 
     </span>
     <span class='ocr_line' id='line_1_30' title="bbox 592 3594 3056 3678; baseline 0.001 -18"><span class='ocrx_word' id='word_1_242' title='bbox 592 3597 1133 3675; x_wconf 87' lang='lat' dir='ltr'>confessionem,</span> <span class='ocrx_word' id='word_1_243' title='bbox 1168 3614 1381 3676; x_wconf 91' lang='lat' dir='ltr'>quam</span> <span class='ocrx_word' id='word_1_244' title='bbox 1410 3596 1676 3674; x_wconf 88' lang='lat' dir='ltr'>decem,</span> <span class='ocrx_word' id='word_1_245' title='bbox 1711 3594 2134 3676; x_wconf 90' lang='lat' dir='ltr'>quindecim,</span> <span class='ocrx_word' id='word_1_246' title='bbox 2163 3605 2232 3660; x_wconf 93' lang='lat' dir='ltr'>et</span> <span class='ocrx_word' id='word_1_247' title='bbox 2254 3597 2572 3677; x_wconf 91' lang='lat' dir='ltr'>pluribus</span> <span class='ocrx_word' id='word_1_248' title='bbox 2596 3599 2802 3661; x_wconf 89' lang='lat' dir='ltr'>annis</span> <span class='ocrx_word' id='word_1_249' title='bbox 2824 3601 3056 3678; x_wconf 91' lang='lat' dir='ltr'>negle-</span> 
     </span>
     <span class='ocr_line' id='line_1_31' title="bbox 592 3701 3054 3787; baseline 0.001 -20"><span class='ocrx_word' id='word_1_250' title='bbox 592 3713 869 3783; x_wconf 85' lang='lat' dir='ltr'>xerant,</span> <span class='ocrx_word' id='word_1_251' title='bbox 897 3712 1316 3785; x_wconf 89' lang='lat' dir='ltr'>sumptoque</span> <span class='ocrx_word' id='word_1_252' title='bbox 1340 3701 1647 3765; x_wconf 89' lang='lat' dir='ltr'>Sanctae</span> <span class='ocrx_word' id='word_1_253' title='bbox 1667 3703 2159 3767; x_wconf 90' lang='lat' dir='ltr'>Eucharistiae</span> <span class='ocrx_word' id='word_1_254' title='bbox 2184 3702 2648 3768; x_wconf 90' lang='lat' dir='ltr'>Sacramento</span> <span class='ocrx_word' id='word_1_255' title='bbox 2672 3706 2887 3787; x_wconf 91' lang='lat' dir='ltr'>(quod</span> <span class='ocrx_word' id='word_1_256' title='bbox 2908 3708 3054 3786; x_wconf 92' lang='lat' dir='ltr'>qui-</span> 
     </span>
     <span class='ocr_line' id='line_1_32' title="bbox 594 3809 3055 3892; baseline 0.001 -18"><span class='ocrx_word' id='word_1_257' title='bbox 594 3813 758 3874; x_wconf 88' lang='lat' dir='ltr'>dam</span> <span class='ocrx_word' id='word_1_258' title='bbox 805 3811 1019 3873; x_wconf 92' lang='lat' dir='ltr'>etiam</span> <span class='ocrx_word' id='word_1_259' title='bbox 1068 3819 1300 3873; x_wconf 88' lang='lat' dir='ltr'>aetate</span> <span class='ocrx_word' id='word_1_260' title='bbox 1346 3809 1494 3890; x_wconf 90' lang='lat' dir='ltr'>jam</span> <span class='ocrx_word' id='word_1_261' title='bbox 1541 3826 1806 3889; x_wconf 89' lang='lat' dir='ltr'>graves</span> <span class='ocrx_word' id='word_1_262' title='bbox 1856 3828 2220 3891; x_wconf 87' lang='lat' dir='ltr'>nunquam</span> <span class='ocrx_word' id='word_1_263' title='bbox 2270 3814 2781 3892; x_wconf 89' lang='lat' dir='ltr'>sumpserant),</span> <span class='ocrx_word' id='word_1_264' title='bbox 2843 3816 3055 3877; x_wconf 91' lang='lat' dir='ltr'>soluti</span> 
     </span>
     <span class='ocr_line' id='line_1_33' title="bbox 595 3895 3111 3997; baseline 0.002 -17"><span class='ocrx_word' id='word_1_265' title='bbox 595 3918 876 3981; x_wconf 89' lang='lat' dir='ltr'>fuerunt</span> <span class='ocrx_word' id='word_1_266' title='bbox 904 3935 1073 3980; x_wconf 82' lang='lat' dir='ltr'>mox</span> <span class='ocrx_word' id='word_1_267' title='bbox 1103 3918 1190 3980; x_wconf 91' lang='lat' dir='ltr'>ab</span> <span class='ocrx_word' id='word_1_268' title='bbox 1221 3917 1376 3997; x_wconf 91' lang='lat' dir='ltr'>ipso</span> <span class='ocrx_word' id='word_1_269' title='bbox 1411 3916 1761 3979; x_wconf 89' lang='lat' dir='ltr'>materiali</span> <span class='ocrx_word' id='word_1_270' title='bbox 1792 3935 2104 3996; x_wconf 90' lang='lat' dir='ltr'>carcere,</span> <span class='ocrx_word' id='word_1_271' title='bbox 2141 3919 2319 3981; x_wconf 89' lang='lat' dir='ltr'>adeo</span> <span class='ocrx_word' id='word_1_272' title='bbox 2349 3930 2425 3982; x_wconf 93' lang='lat' dir='ltr'>ut</span> <span class='ocrx_word' id='word_1_273' title='bbox 2454 3921 2641 3983; x_wconf 90' lang='lat' dir='ltr'>intra</span> <span class='ocrx_word' id='word_1_274' title='bbox 2670 3921 2961 3983; x_wconf 91' lang='lat' dir='ltr'>biduum</span> <span class='ocrx_word' id='word_1_275' title='bbox 2990 3932 3057 3985; x_wconf 91' lang='lat' dir='ltr'>et</span> <span class='ocrx_word' id='word_1_276' title='bbox 3100 3895 3111 3908; x_wconf 53' lang='grc'><em>’</em></span> 
     </span>
     <span class='ocr_line' id='line_1_34' title="bbox 596 4024 3046 4104; baseline 0.002 -17"><span class='ocrx_word' id='word_1_277' title='bbox 596 4026 904 4089; x_wconf 88' lang='lat' dir='ltr'>triduum</span> <span class='ocrx_word' id='word_1_278' title='bbox 942 4042 1030 4088; x_wconf 91' lang='lat' dir='ltr'>ne</span> <span class='ocrx_word' id='word_1_279' title='bbox 1075 4042 1258 4087; x_wconf 92' lang='lat' dir='ltr'>unus</span> <span class='ocrx_word' id='word_1_280' title='bbox 1296 4024 1579 4104; x_wconf 92' lang='lat' dir='ltr'>quidem</span> <span class='ocrx_word' id='word_1_281' title='bbox 1626 4043 1717 4087; x_wconf 85' lang='lat' dir='ltr'>ex</span> <span class='ocrx_word' id='word_1_282' title='bbox 1754 4026 1888 4101; x_wconf 93' lang='lat' dir='ltr'>eis,</span> <span class='ocrx_word' id='word_1_283' title='bbox 1931 4025 2049 4104; x_wconf 92' lang='lat' dir='ltr'>qui</span> <span class='ocrx_word' id='word_1_284' title='bbox 2087 4025 2341 4089; x_wconf 85' lang='lat' dir='ltr'>devote</span> <span class='ocrx_word' id='word_1_285' title='bbox 2385 4026 2475 4089; x_wconf 90' lang='lat' dir='ltr'>ad</span> <span class='ocrx_word' id='word_1_286' title='bbox 2517 4037 2767 4090; x_wconf 92' lang='lat' dir='ltr'>sancta</span> <span class='ocrx_word' id='word_1_287' title='bbox 2817 4046 3046 4092; x_wconf 90' lang='lat' dir='ltr'>sacra·</span> 
     </span>
     <span class='ocr_line' id='line_1_35' title="bbox 598 4131 3061 4213; baseline 0.001 -16"><span class='ocrx_word' id='word_1_288' title='bbox 598 4142 833 4197; x_wconf 89' lang='lat' dir='ltr'>menta</span> <span class='ocrx_word' id='word_1_289' title='bbox 884 4150 961 4195; x_wconf 90' lang='lat' dir='ltr'>se</span> <span class='ocrx_word' id='word_1_290' title='bbox 1012 4131 1528 4211; x_wconf 90' lang='lat' dir='ltr'>disposuerant,</span> <span class='ocrx_word' id='word_1_291' title='bbox 1577 4131 1650 4194; x_wconf 90' lang='lat' dir='ltr'>in</span> <span class='ocrx_word' id='word_1_292' title='bbox 1695 4131 2020 4194; x_wconf 88' lang='lat' dir='ltr'>custodia</span> <span class='ocrx_word' id='word_1_293' title='bbox 2048 4133 2586 4213; x_wconf 84' lang='lat' dir='ltr'>relinqueretur3</span> <span class='ocrx_word' id='word_1_294' title='bbox 2633 4143 2703 4197; x_wconf 90' lang='lat' dir='ltr'>et</span> <span class='ocrx_word' id='word_1_295' title='bbox 2741 4153 2949 4199; x_wconf 90' lang='lat' dir='ltr'>sacra</span> <span class='ocrx_word' id='word_1_296' title='bbox 2989 4136 3061 4198; x_wconf 93' lang='lat' dir='ltr'>in</span> 
     </span>
     <span class='ocr_line' id='line_1_36' title="bbox 598 4239 3064 4322; baseline 0.001 -18"><span class='ocrx_word' id='word_1_297' title='bbox 598 4241 995 4321; x_wconf 89' lang='lat' dir='ltr'>gratiarum</span> <span class='ocrx_word' id='word_1_298' title='bbox 1025 4240 1378 4303; x_wconf 90' lang='lat' dir='ltr'>actionem</span> <span class='ocrx_word' id='word_1_299' title='bbox 1408 4256 1450 4300; x_wconf 90' lang='lat' dir='ltr'>a</span> <span class='ocrx_word' id='word_1_300' title='bbox 1479 4239 1741 4301; x_wconf 86' lang='lat' dir='ltr'>nostris</span> <span class='ocrx_word' id='word_1_301' title='bbox 1786 4241 2228 4319; x_wconf 91' lang='lat' dir='ltr'>postulantes</span> <span class='ocrx_word' id='word_1_302' title='bbox 2266 4241 2431 4304; x_wconf 89' lang='lat' dir='ltr'>laeti</span> <span class='ocrx_word' id='word_1_303' title='bbox 2471 4242 2759 4305; x_wconf 91' lang='lat' dir='ltr'>domum</span> <span class='ocrx_word' id='word_1_304' title='bbox 2797 4251 3064 4322; x_wconf 91' lang='lat' dir='ltr'>repete-</span> 
     </span>
    </p>
   </div>
   <div class='ocr_carea' id='block_1_3' title="bbox 598 4480 3068 4622">
    <p class='ocr_par' dir='ltr' id='par_1_5' title="bbox 598 4480 3068 4622">
     <span class='ocr_line' id='line_1_37' title="bbox 679 4480 3068 4539; baseline 0.001 -13"><span class='ocrx_word' id='word_1_305' title='bbox 679 4485 696 4516; x_wconf 81' lang='lat'>¹</span> <span class='ocrx_word' id='word_1_306' title='bbox 757 4483 1028 4535; x_wconf 74' lang='lat' dir='ltr'>Polaticus,</span> <span class='ocrx_word' id='word_1_307' title='bbox 1051 4494 1117 4527; x_wconf 79' lang='lat' dir='ltr'>ex</span> <span class='ocrx_word' id='word_1_308' title='bbox 1136 4493 1266 4526; x_wconf 85' lang='lat' dir='ltr'>com.</span> <span class='ocrx_word' id='word_1_309' title='bbox 1281 4515 1295 4534; x_wconf 88' lang='lat'>,</span> <span class='ocrx_word' id='word_1_310' title='bbox 1318 4481 1571 4535; x_wconf 79' lang='lat' dir='ltr'>Magistro</span> <span class='ocrx_word' id='word_1_311' title='bbox 1592 4480 1775 4534; x_wconf 83' lang='lat' dir='ltr'>Joanni</span> <span class='ocrx_word' id='word_1_312' title='bbox 1798 4480 1968 4535; x_wconf 81' lang='lat' dir='ltr'>Nigro</span> <span class='ocrx_word' id='word_1_313' title='bbox 1985 4515 1995 4534; x_wconf 92' lang='lat'>,</span> <span class='ocrx_word' id='word_1_314' title='bbox 2020 4487 2079 4526; x_wconf 88' lang='lat' dir='ltr'>ut</span> <span class='ocrx_word' id='word_1_315' title='bbox 2097 4482 2425 4526; x_wconf 82' lang='lat' dir='ltr'>dialecticam</span> <span class='ocrx_word' id='word_1_316' title='bbox 2452 4484 2513 4527; x_wconf 86' lang='lat' dir='ltr'>iis</span> <span class='ocrx_word' id='word_1_317' title='bbox 2533 4483 2695 4528; x_wconf 84' lang='lat' dir='ltr'>initiis</span> <span class='ocrx_word' id='word_1_318' title='bbox 2710 4517 2722 4539; x_wconf 89' lang='lat'>,</span> <span class='ocrx_word' id='word_1_319' title='bbox 2744 4497 2843 4528; x_wconf 88' lang='lat' dir='ltr'>non</span> <span class='ocrx_word' id='word_1_320' title='bbox 2864 4486 3068 4539; x_wconf 86' lang='lat' dir='ltr'>publice</span> 
     </span>
     <span class='ocr_line' id='line_1_38' title="bbox 598 4553 3067 4622; baseline 0 -22"><span class='ocrx_word' id='word_1_321' title='bbox 598 4557 688 4600; x_wconf 88' lang='lat' dir='ltr'>sed</span> <span class='ocrx_word' id='word_1_322' title='bbox 708 4556 960 4611; x_wconf 87' lang='lat' dir='ltr'>privatim</span> <span class='ocrx_word' id='word_1_323' title='bbox 981 4557 1145 4609; x_wconf 84' lang='lat' dir='ltr'>legat,</span> <span class='ocrx_word' id='word_1_324' title='bbox 1169 4561 1221 4598; x_wconf 89' lang='lat' dir='ltr'>et</span> <span class='ocrx_word' id='word_1_325' title='bbox 1249 4566 1399 4609; x_wconf 87' lang='lat' dir='ltr'>posse</span> <span class='ocrx_word' id='word_1_326' title='bbox 1421 4553 1778 4609; x_wconf 63' lang='lat' dir='ltr'>Everardum,</span> <span class='ocrx_word' id='word_1_327' title='bbox 1807 4565 1921 4606; x_wconf 76' lang='lat' dir='ltr'>cum</span> <span class='ocrx_word' id='word_1_328' title='bbox 1952 4556 2275 4622; x_wconf 53' lang='lat' dir='ltr'>convaluertt</span> <span class='ocrx_word' id='word_1_329' title='bbox 2295 4587 2306 4603; x_wconf 86' lang='lat'><strong>.</strong></span> <span class='ocrx_word' id='word_1_330' title='bbox 2341 4556 2572 4600; x_wconf 83' lang='lat' dir='ltr'>Psalmos</span> <span class='ocrx_word' id='word_1_331' title='bbox 2600 4562 2692 4600; x_wconf 86' lang='lat' dir='ltr'>aut</span> <span class='ocrx_word' id='word_1_332' title='bbox 2721 4559 3067 4602; x_wconf 83' lang='lat' dir='ltr'>conscientiae</span> 
     </span>
    </p>
   </div>
   <div class='ocr_carea' id='block_1_4' title="bbox 599 4625 3067 4752">
    <p class='ocr_par' dir='ltr' id='par_1_6' title="bbox 599 4625 3067 4752">
     <span class='ocr_line' id='line_1_39' title="bbox 599 4625 3067 4690; baseline 0.001 -18"><span class='ocrx_word' id='word_1_333' title='bbox 599 4640 753 4672; x_wconf 85' lang='lat' dir='ltr'>casus</span> <span class='ocrx_word' id='word_1_334' title='bbox 772 4631 1078 4684; x_wconf 79' lang='lat' dir='ltr'>praelegere</span> <span class='ocrx_word' id='word_1_335' title='bbox 1096 4660 1106 4680; x_wconf 90' lang='lat'>‚</span> <span class='ocrx_word' id='word_1_336' title='bbox 1129 4628 1309 4670; x_wconf 85' lang='lat' dir='ltr'>habito</span> <span class='ocrx_word' id='word_1_337' title='bbox 1329 4627 1474 4680; x_wconf 82' lang='lat' dir='ltr'>prius</span> <span class='ocrx_word' id='word_1_338' title='bbox 1496 4625 1696 4669; x_wconf 85' lang='lat' dir='ltr'>Vicarii</span> <span class='ocrx_word' id='word_1_339' title='bbox 1720 4638 1970 4671; x_wconf 81' lang='lat' dir='ltr'>consensu</span> <span class='ocrx_word' id='word_1_340' title='bbox 1991 4635 2043 4670; x_wconf 89' lang='lat' dir='ltr'>et</span> <span class='ocrx_word' id='word_1_341' title='bbox 2074 4635 2173 4670; x_wconf 87' lang='lat' dir='ltr'>non</span> <span class='ocrx_word' id='word_1_342' title='bbox 2194 4629 2378 4671; x_wconf 74' lang='lat' dir='ltr'>mnisso</span> <span class='ocrx_word' id='word_1_343' title='bbox 2401 4628 2570 4671; x_wconf 89' lang='lat' dir='ltr'>studio</span> <span class='ocrx_word' id='word_1_344' title='bbox 2592 4630 2819 4672; x_wconf 81' lang='lat' dir='ltr'>italicam</span> <span class='ocrx_word' id='word_1_345' title='bbox 2842 4630 3067 4690; x_wconf 84' lang='lat' dir='ltr'>lingnam</span> 
     </span>
     <span class='ocr_line' id='line_1_40' title="bbox 601 4698 1282 4752; baseline -0.004 -8"><span class='ocrx_word' id='word_1_346' title='bbox 601 4702 731 4744; x_wconf 88' lang='lat' dir='ltr'>bene</span> <span class='ocrx_word' id='word_1_347' title='bbox 752 4699 1045 4744; x_wconf 84' lang='lat' dir='ltr'>addiscendi</span> <span class='ocrx_word' id='word_1_348' title='bbox 1066 4732 1077 4752; x_wconf 93' lang='lat'>‚</span> <span class='ocrx_word' id='word_1_349' title='bbox 1099 4700 1125 4742; x_wconf 94' lang='lat'><strong>7</strong></span> <span class='ocrx_word' id='word_1_350' title='bbox 1145 4698 1282 4752; x_wconf 86' lang='lat' dir='ltr'>Julii.</span> 
     </span>
    </p>
   </div>
  </div>
 </body>
</html>
