3679 5414
1645 444 1770 502 AN.
1816 445 1957 512 1552
2913 443 3027 500 553

555 591 736 654 inter
773 602 1056 654 caetera
1087 609 1230 653 non
1272 609 1520 670 parum
1564 592 1893 653 movebat
1932 603 2001 654 et
2045 592 2273 671 ipsum
2317 591 2540 654 movit
2580 590 3014 668 Pro-regem,

558 697 744 777 quod
774 699 968 770 circa
996 715 1200 760 usum
1231 698 1687 761 monarchiae
1716 697 2245 777 intelligendam
2284 716 2439 760 esse
2478 696 2748 760 Summi
2788 695 3019 759 Ponti·

559 804 711 868 ficis
741 815 1048 868 mentem
1079 807 1409 868 censebat
1440 803 1479 868 ¹.
1515 805 1691 869 Cum
1720 816 1958 869 autem
1990 804 2285 868 Pro-rex
2314 804 2405 867 ad
2436 805 2505 866 id
2535 803 3015 884 cogitandum,

559 913 743 992 quod
786 912 1007 992 ipsiu's
1048 912 1339 976 arbitrio
1380 912 1927 990 relinquebatur,
1966 923 2244 993 tempus
2284 911 2731 992 sumpsisset,
2775 910 3019 972 ultima

557 1020 880 1102 Januarii
910 1020 1022 1082 die
1052 1019 1416 1082 constituit
1455 1028 1531 1082 ut
1569 1019 1796 1099 primo
1827 1037 2105 1099 quoque
2137 1029 2453 1100 tempore
2491 1017 2791 1082 Romam
2830 1018 3018 1079 veni-

559 1138 697 1206 ret,
731 1145 875 1190 non
905 1129 1134 1189 solum
1164 1126 1255 1189 ad
1294 1128 1362 1190 id
1392 1136 1625 1191 motus
1655 1127 1765 1189 his
1797 1127 2211 1205 rationibuS,
2239 1144 2419 1206 quae
2444 1144 2486 1188 a
2516 1125 2592 1188 P.
2620 1125 2854 1188 Natali
2878 1125 3017 1187 sue-

559 1245 722 1297 rant
750 1234 816 1296 ei
844 1235 1277 1314 propositae,
1312 1235 1438 1298 sed
1469 1236 1609 1298 alia
1639 1233 1869 1297 eidem
1897 1234 2425 1310 committendO,
2458 1249 2638 1313 quae
2671 1232 2762 1295 ad
2792 1232 3019 1312 ipsum

560 1352 630 1404 et
659 1342 751 1403 ad
779 1340 1062 1405 Siciliae
1091 1359 1389 1421 regnum
1419 1343 1884 1422 pertinebant.
1923 1343 2026 1404 Ita
2067 1341 2407 1422 postridie
2437 1339 2626 1404 Stae.
2663 1339 3017 1418 Agathae,

559 1446 760 1528 cujus
808 1449 1065 1511 festum
1116 1448 1434 1512 Catanae
1484 1449 1891 1529 exspectari
1937 1466 2237 1527 aequum
2289 1458 2474 1525 erat,
2520 1445 2871 1527 proficisci
2909 1446 3024 1509 de·.

568 1557 819 1620 crevit.
863 1557 1043 1619 Eum
1083 1557 1232 1618 suis
1261 1556 1511 1618 litteris
1541 1555 1835 1618 Pro-rex
1869 1556 1959 1618 ad
1990 1555 2064 1617 P.
2102 1555 2453 1634 Ignatium
2484 1563 2590 1615 est
2619 1547 3017 1630 comitatuS,

560 1665 764 1744 eique
796 1664 1324 1725 commendavit
1355 1673 1451 1741 ut,
1486 1664 1544 1725 si
1577 1681 1754 1743 opus
1784 1673 2004 1741 esset,
2032 1662 2101 1724 in
2133 1662 2265 1740 his,
2301 1679 2480 1741 quae
2505 1678 2665 1724 cum
2688 1659 3023 1722 Pontifice

556 1771 839 1849 agenda
868 1770 1170 1849 serebat,
1207 1788 1371 1833 eum
1397 1770 1712 1850 juvaret,
1748 1780 1815 1832 et
1863 1788 2077 1849 quam
2110 1770 2419 1831 breviter
2457 1768 2608 1831 fieri
2646 1777 2913 1848 posset,
2952 1767 3020 1829 in

555 1877 874 1942 Siciliam
903 1878 1290 1941 remitteret
1303 1879 1326 1957 ',
1360 1886 1438 1939 ut
1461 1880 1678 1940 multa
1702 1877 1989 1956 pietatis
2023 1895 2237 1956 opera
2263 1885 2514 1955 coepta
2546 1893 2670 1954 per
2700 1874 3021 1937 eumdem

556 1985 914 2048 conficere
945 1995 1204 2065 posset.
2346 1971 2351 1976 ’

681 2092 822 2154 336.
912 2093 1127 2156 Venit
1156 2109 1330 2170 ergo
1371 2092 1665 2154 Romam
1696 2091 1924 2172 primo
1955 2110 2123 2154 vere
2163 2100 2536 2172 appetente
2576 2100 2644 2152 et
2674 2089 3021 2168 vigesima

559 2202 805 2281 quinta
838 2201 950 2263 die
981 2200 1217 2262 Martii
1249 2201 1318 2261 in
1350 2199 1675 2262 manibus
1704 2198 1778 2262 P.
1815 2199 2071 2278 Ignatii
2093 2215 2296 2261 suam
2326 2196 2838 2277 professionem
2861 2195 3024 2258 emi·

559 2308 676 2385 sit,
715 2315 784 2370 et
823 2299 1042 2369 multa
1082 2324 1242 2369 cum
1284 2307 1528 2369 eodem
1569 2306 1883 2369 contulit.
1925 2305 2174 2369 Eidem
2215 2305 2528 2368 vicissim
2581 2304 2654 2367 P.
2712 2303 3027 2384 Ignatius-

557 2414 1114 2477 constitutiones
1162 2415 1501 2491 legendas
1552 2414 1764 2490 dedit,
1820 2426 1888 2477 ct
1938 2425 2014 2477 ut
2066 2424 2460 2491 annotaret,
2516 2414 2575 2476 si
2627 2412 2793 2492 quid
2843 2412 2908 2474 ei
2958 2411 3028 2473 in

574 2533 879 2585 mentem
911 2509 1639 2601 veniret‚'admonuit;
1672 2533 1739 2583 et
1771 2532 1845 2584 ut
1877 2532 2029 2585 erat
2072 2522 2268 2584 senio
2309 2531 2377 2584 et
2416 2521 2678 2584 afflicta
2710 2518 3029 2599 corporis

565 2630 1000 2709 valetudine,
1055 2630 1400 2710 cogitavit
1450 2628 1634 2692 idem
1685 2629 1758 2691 P.
1814 2629 2163 2710 Ignatius‚
2218 2630 2338 2711 qui
2387 2646 2527 2691 non
2577 2635 2904 2709 potuerat
2953 2643 3028 2688 se

560 2738 850 2801 omnino
886 2738 956 2800 in
989 2756 1173 2800 anno
1197 2737 1498 2814 jubilaei
1535 2755 1926 2800 exonerare
1956 2755 2084 2800 suo
2124 2755 2445 2815 munere,
2493 2737 2566 2799 in
2604 2735 2841 2799 multis
2869 2752 3029 2797 eum

563 2845 701 2908 sibi
728 2846 1174 2908 substituere.
1243 2844 1581 2907 Attamen
1621 2844 1784 2923 quia
1833 2845 2412 2907 constitutionum
2457 2842 2932 2924 promulgatio
2963 2850 3029 2904 et

564 2951 810 3031 praxis
831 2952 906 3013 in
935 2950 1288 3013 Societate
1311 2951 1554 3029 magni
1577 2959 1732 3013 erat
1759 2951 2114 3028 momenti,
2144 2959 2213 3012 et
2237 2951 2499 3030 alioqui
2526 2950 2797 3029 initium
2823 2949 3031 3028 huJus

567 3058 670 3121 rei
701 3067 1093 3138 opportune
1124 3058 1195 3119 in
1224 3058 1509 3120 Siciliae
1540 3057 1875 3136 Collegiis
1896 3057 2048 3120 fieri
2077 3066 2388 3138 poterat,
2423 3066 2492 3120 et
2515 3057 2798 3120 interim
2829 3057 3030 3119 satis·

567 3163 967 3227 faciendum
997 3172 1152 3227 erat
1174 3163 1519 3243 Pro-regi,
1555 3174 1630 3226 ut
1663 3163 1933 3227 dictum
1966 3174 2094 3243 est,
2130 3164 2467 3245 quamdiu
2499 3165 2742 3226 aberat
2769 3161 2844 3223 P.
2870 3161 3028 3225 Hie-

566 3288 907 3353 ronymus
954 3271 1396 3350 Domenech,
1452 3272 1807 3334 remittere
1858 3273 1928 3334 in
1975 3270 2289 3335 Siciliam
2328 3271 2651 3333 eumdem
2697 3269 2768 3333 P.
2817 3270 3026 3333 Nata-

566 3380 726 3458 lem,
759 3381 935 3443 bene
966 3380 1052 3441 de
1082 3396 1212 3441 sua
1253 3388 1484 3441 mente
1510 3378 1965 3458 instructum,
1995 3380 2332 3442 decrevit.
2362 3378 2568 3442 Prius
2591 3388 2830 3441 tamen
2854 3394 3033 3458 quae

568 3487 660 3549 ad
689 3504 891 3550 usum
924 3487 1377 3549 monarchiae
1407 3486 1878 3566 pertinebant,
1904 3486 2002 3549 ita
2026 3486 2296 3549 Romae
2320 3486 2701 3550 constituta
2723 3485 3029 3561 fuerunt,

570 3603 649 3665 ut
676 3593 988 3675 Joannes
1018 3594 1104 3656 de
1127 3594 1335 3672 Vega
1367 3610 1496 3655 suo
1526 3592 1756 3656 officio
1786 3593 1987 3673 fungi
2016 3594 2169 3657 sine
2190 3595 2522 3673 scrupulo
2544 3601 2803 3674 posset.
2833 3592 3032 3655 Com·

573 3700 763 3763 misit
814 3700 1062 3793 eidem·
1099 3709 1175 3762 ut
1231 3698 1602 3780 Neapolim
1660 3701 2120 3776 transeundO,
2174 3718 2316 3781 quo
2375 3700 2683 3763 nondum
2740 3709 3035 3762 venerat

573 3806 650 3869 P.
697 3805 1097 3885 Salmeron,
1146 3806 1501 3886 quomodo
1546 3824 1622 3869 se
1665 3825 1779 3869 res
1822 3808 2165 3871 haberent
2207 3808 2278 3871 in
2330 3825 2517 3869 novo
2558 3807 2677 3868 illo
2720 3805 3035 3885 Collegio

571 3914 1055 3978 consideraret
1085 3923 1153 3977 et
1183 3914 1272 3976 ad
1303 3932 1379 3976 se
1409 3931 1535 3993 per
1564 3914 1835 3977 litteras
1858 3915 2153 3978 referret
2183 3914 2228 3978 ².

657 4117 673 4149 ¹
732 4117 862 4169 Quid
881 4118 964 4161 hic
985 4129 1105 4161 usus
1124 4118 1456 4162 monarchiae
1478 4120 1570 4173 sit,
1595 4119 1655 4161 de
1677 4130 1775 4174 quo
1797 4120 2071 4163 dubitabat
2091 4119 2314 4172 Joannes
2345 4121 2406 4163 de
2430 4120 2578 4173 Vega
2595 4152 2605 4171 ,
2627 4118 2888 4163 affirmare
2911 4118 3036 4161 nihii

573 4190 705 4232 certi
736 4201 1029 4243 possumus;
1065 4190 1266 4234 indiciis
1299 4198 1472 4234 tamen
1508 4191 1644 4235 haud
1679 4192 2005 4246 spernendis,
2041 4203 2172 4246 quae
2208 4191 2258 4234 in
2291 4191 2524 4245 pluribus
2552 4201 2736 4245 sparsa
2764 4190 2957 4234 litteris
2987 4195 3039 4232 et

575 4260 776 4314 legibus
794 4263 945 4317 hujus
967 4263 1214 4315 temporis
1244 4264 1599 4317 reperiuntur,
1634 4265 1685 4306 in
1720 4264 1853 4307 hanc
1887 4265 2190 4308 adducimur
2222 4263 2532 4317 opinionem,
2561 4264 2785 4313 scilicet,
2815 4262 3038 4305 voluisse

574 4331 824 4384 Joannem
842 4336 904 4377 de
925 4334 1077 4388 Vega
1098 4343 1154 4377 ut
1176 4333 1411 4378 Summus
1432 4335 1669 4379 Pontifex
1689 4344 1935 4380 accurate
1958 4337 2194 4381 definiret
2215 4337 2408 4381 limites
2423 4369 2433 4387 ,
2456 4336 2638 4390 quibus
2657 4333 3041 4379 circumscribe-

576 4410 722 4449 retur
740 4404 888 4459 regia
909 4406 1152 4450 Caesaris
1172 4412 1404 4459 potestas
1424 4406 1474 4448 in
1496 4417 1657 4461 regno
1678 4405 1885 4450 Siciliae
1901 4440 1911 4457 .
1934 4409 2067 4462 quod
2089 4408 2237 4460 olim,
2260 4414 2317 4452 ut
2339 4415 2515 4451 notum
2547 4412 2626 4450 est
2645 4439 2655 4459 ,
2678 4406 2745 4449 ad
2767 4404 3043 4449 Pontifices

576 4475 836 4520 Romanos
849 4478 1158 4531 pertinebat.
1180 4477 1246 4520 V.
1268 4476 1499 4520 Litteras
1519 4477 1694 4521 Patris
1709 4477 1931 4532 Natalia,
1951 4487 2001 4523 et
2026 4480 2273 4534 capitula
2291 4480 2469 4533 Regni
2484 4478 2723 4532 Siciliae,
2740 4478 2888 4521 edica
2910 4488 3041 4520 cura

575 4548 821 4603 ejusdem
846 4550 999 4602 regni
1019 4550 1436 4603 Deputatorum.
1458 4548 1727 4603 Panormi,
1749 4549 2121 4595 MDCCXLIII.

660 4621 682 4652 2
735 4620 971 4675 Ignatius
992 4620 1201 4665 Siciliae
1225 4620 1482 4674 Pro-regi,
1506 4620 1566 4663 de
1589 4622 1782 4671 causis,
1805 4634 1936 4676 quae
1961 4623 2170 4667 Patrem
2204 4623 2442 4667 Natalem
2476 4622 2667 4666 diutius
2701 4622 2893 4666 Romae
2923 4622 3056 4665 hae--

579 4702 696 4734 rere
719 4700 908 4747 cogunt
931 4704 1082 4747 quam
1105 4694 1263 4736 veliet
1285 4692 1499 4736 Pro-rex
1522 4702 1572 4736 et
1597 4695 1907 4748 promiserat
1930 4694 2178 4748 Ignatius‚
2201 4695 2256 4738 23
2276 4695 2488 4749 Aprilis.
