3679 5414
673 467 784 528 502
1575 467 1828 527 Canos.
1873 467 2024 527 Soc.
2066 469 2205 541 JES.

668 615 1074 696 quamdam,
1110 633 1322 695 quam
1351 614 1646 678 Parisiis
1671 615 1971 696 legerat,
2005 634 2302 679 narrare
2332 617 2419 679 de
2451 617 2780 697 quodam,
2813 618 2935 697 qui
2968 617 3132 682 Car-

670 723 978 786 thusiam
1008 723 1372 803 ingressus
1400 723 1757 803 publicam
1788 722 2309 787 confessionem
2331 741 2576 787 coram
2601 724 2925 788 omnibus
2944 724 3130 804 fecit,

670 829 851 892 inter
903 848 1080 909 quos
1130 829 1414 909 quidam
1455 830 1566 892 vir
1618 839 1909 893 sanctus
1947 829 2234 893 videbat
2281 830 2698 894 daemonem
2748 830 2820 894 in
2870 832 3135 912 scripto

670 936 979 1016 quodam
1000 937 1169 999 illud
1190 945 1560 1017 peccatum
1584 937 1822 1000 statim
1848 938 2106 1017 delere,
2132 937 2319 1017 quod
2342 937 2456 1001 ille
2477 937 2967 1002 confitebatur.
2993 937 3134 1002 Ad-

673 1044 849 1106 didit
902 1044 1317 1107 Pelletarius
1359 1045 1579 1108 verba
1627 1045 1979 1124 quaedam
2030 1044 2116 1107 de
2160 1044 2426 1124 judicio
2476 1044 2741 1109 Christi
2789 1056 3131 1123 extremO,

671 1169 834 1213 cum
873 1150 1108 1214 omnia
1150 1152 1474 1214 omnibus
1513 1151 2034 1215 manifestanda
2078 1163 2259 1215 sunt.
2304 1151 2504 1215 Tunc
2544 1154 2976 1233 paupercula
3016 1153 3137 1216 illa

672 1258 903 1338 coepit
933 1276 1022 1320 ex
1051 1259 1300 1321 intimo
1331 1259 1546 1322 corde
1574 1259 1869 1323 fluvium
1897 1260 2379 1340 lacrymarum
2408 1260 2759 1339 emittere,
2808 1269 2883 1323 ut
2921 1260 3137 1322 etiam

673 1365 850 1427 alios
880 1365 972 1427 ad
999 1367 1365 1445 planctum
1392 1375 1870 1446 permoveret,
1906 1366 2157 1429 deinde
2197 1383 2494 1429 narrare
2535 1367 2771 1430 omnia
2812 1384 2941 1429 sua
2980 1384 3133 1447 pec-

673 1482 835 1534 cata
864 1489 1212 1552 aggressa
1243 1482 1384 1552 est,
1419 1483 1489 1535 et
1520 1490 1679 1536 cum
1711 1474 1948 1553 aliqua
1986 1473 2327 1554 graviora
2366 1473 2602 1537 dicere
2646 1475 2888 1552 vellet,
2935 1474 3135 1553 quasi

671 1578 1008 1642 suffocari
1037 1589 1104 1643 et
1133 1580 1376 1659 lingua
1404 1579 1555 1660 ejus
1584 1581 1794 1661 ligari
1832 1580 2241 1658 videbatur;
2286 1581 2410 1643 sed
2449 1599 2611 1643 cum
2654 1581 2744 1644 ad
2787 1581 3135 1644 orandum

672 1704 918 1749 coram
947 1686 1408 1750 Sanctissimo
1440 1685 1907 1750 Sacramento
1934 1688 2351 1766 mitteretur,
2386 1688 2662 1751 redibat
2692 1698 2760 1751 et
2789 1705 2952 1750 cum
2982 1705 3132 1750 ma-

665 1794 805 1875 jori
835 1793 1064 1857 adhuc
1095 1795 1515 1858 contritione
1545 1795 1857 1874 dicebat,
1891 1804 1960 1857 et
1990 1795 2274 1860 veniam
2306 1814 2347 1858 a
2385 1794 2541 1858 Deo
2571 1804 2640 1859 et
2673 1796 2759 1858 ab
2798 1794 2900 1857 eis
2933 1811 3123 1858 crea·

673 1903 879 1981 turis,
914 1919 1091 1982 quas
1134 1900 1547 1982 offenderat,
1581 1903 1884 1982 petebat.
1921 1903 2131 1966 Petiit
2160 1904 2248 1966 ab
2290 1920 2372 1965 ea
2404 1912 2572 1965 tunc
2602 1901 2678 1964 P.
2713 1902 3130 1965 Pelletarius

672 2010 1022 2089 quomodo
1074 2027 1149 2072 se
1196 2009 1521 2089 haberet,
1565 2008 1849 2090 quando
1900 2027 2079 2090 quae
2121 2010 2357 2073 dicere
2409 2009 2652 2088 voluit,
2697 2009 3124 2071 absolverat.

670 2115 1061 2197 Respondit
1112 2117 1231 2179 illa
1272 2117 1468 2179 velut
1518 2117 1766 2179 turrim
1817 2116 2196 2196 quamdam
2227 2117 2638 2196 gravisshni
2668 2115 3001 2195 ponderis
3044 2134 3132 2178 ex

672 2222 825 2303 ejus
870 2224 1082 2287 corde
1120 2224 1475 2287 sublatam
1524 2225 1656 2287 sibi
1696 2225 1923 2288 videri
1950 2274 1964 2303 ,
2007 2235 2076 2287 et
2114 2224 2300 2304 quod
2340 2224 2542 2303 quasi
2583 2233 2749 2286 tunc
2789 2232 2956 2286 nata
2999 2223 3129 2285 sibi

673 2332 1069 2394 videbatur.
1105 2332 1541 2395 Exhortatus
1571 2340 1678 2395 est
1710 2333 1996 2395 tandem
2035 2349 2192 2394 eam
2224 2341 2299 2395 ut
2337 2349 2465 2394 suo
2505 2329 2944 2394 confessario
2985 2347 3129 2392 rur·

670 2455 791 2501 sus
820 2440 1226 2518 generalem
1262 2438 1780 2512 confessionem
1820 2438 2036 2501 totius
2078 2439 2269 2501 vitae
2314 2437 2579 2500 faceret
2617 2446 2685 2499 et
2729 2436 3131 2516 diligentius

670 2545 882 2607 etiam
915 2545 1487 2608 circumstantias
1516 2546 2024 2609 consideraret.

790 2653 877 2715 Et
908 2652 1084 2715 haec
1116 2653 1201 2716 de
1231 2652 1671 2717 Ferrariensi
1703 2652 2022 2731 Collegio
2052 2653 2190 2716 sint
2222 2651 2432 2715 dicta.

1291 2973 1416 3035 DE
1461 2972 1928 3037 COLLEGIO
1975 2972 2157 3036 BON
2163 2971 2286 3035 ΟΝ
2292 2972 2527 3036 IENSI

786 3188 928 3251 215.
1019 3188 1163 3251 Sub
1192 3188 1403 3252 finem
1439 3190 1605 3252 anni
1641 3188 1787 3250 1551
1823 3188 2090 3251 dictum
2120 3196 2225 3250 est
2248 3204 2339 3250 ex
2361 3187 2802 3268 praescripto
2825 3186 2902 3249 P.
2932 3186 3133 3266 Igna-

673 3295 752 3359 tii
783 3295 1066 3359 scholas
1089 3296 1451 3359 Bononiae
1476 3295 1831 3359 institutas
1856 3294 2094 3357 fuisse.
2123 3293 2710 3357 Commendatum
2734 3304 2968 3357 autem
2991 3294 3133 3356 fue-

668 3412 785 3465 rat
825 3403 1109 3466 cuidam
1161 3403 1494 3483 religioso
1550 3402 1816 3465 ordinis
1862 3402 2216 3464 minorum
2254 3411 2329 3463 ut
2367 3402 2627 3483 populo
2676 3400 3134 3463 denunciaret

664 3510 799 3572 hoc
830 3509 964 3572 sibi
988 3527 1165 3572 onus
1194 3509 1623 3573 Societatem
1646 3510 1815 3592 Jesu
1839 3508 1972 3572 sibi
2002 3509 2471 3588 assumpsisse
2497 3508 2588 3571 ad
2609 3508 2952 3571 honorem
2974 3505 3130 3581 Dei,

668 3627 744 3679 ut
767 3615 1209 3696 juventutem
1242 3617 1450 3679 bonis
1480 3617 1800 3680 moribus
1830 3617 2037 3678 simul
2068 3626 2137 3678 et
2166 3615 2417 3678 litteris
2447 3615 2627 3678 citra
2667 3631 3130 3694 personarum

665 3724 1049 3788 discrimen
1099 3734 1167 3787 et
1211 3725 1361 3787 sine
1412 3725 1553 3787 ulla
1604 3724 2018 3804 temporalis
2079 3723 2375 3803 praemii
2426 3740 2550 3803 spe
2601 3722 2963 3785 imbueret.
3012 3722 3132 3786 Ille

665 3840 904 3894 autem
943 3831 1194 3910 (frater
1231 3831 1540 3912 Joannes
1580 3830 1938 3894 Antonius
1981 3830 2067 3911 de
2108 3830 2381 3894 Buxeto
2433 3829 2825 3908 dicebatur)
2874 3845 3133 3908 magna

666 3938 1094 4002 dexteritate
1130 3940 1254 4002 sed
1285 3957 1426 4002 non
1455 3938 1710 4002 minori
1755 3938 2103 4001 charitate
2136 3938 2206 4001 id
2247 3948 2354 4001 est
2384 3942 2797 4017 exsecutus;
2831 3947 2900 3999 et
2932 3946 3132 3999 tanta

669 4046 1161 4109 benevolentia
1219 4056 1540 4109 nostram
1596 4045 2024 4109 Societatem
2080 4045 2710 4125 complectebatur,
2773 4061 2931 4107 cum
2989 4043 3132 4106 fru-

674 4163 867 4216 ctum
896 4154 1332 4233 spiritualem
1363 4171 1451 4217 ex
1481 4153 1632 4234 ejus
1673 4154 2087 4216 ministeriis
2129 4153 2664 4234 provenientem
2704 4152 3007 4230 videret,
3056 4160 3134 4214 ut

673 4261 908 4340 dignis
941 4260 1264 4324 laudibus
1293 4278 1368 4323 se
1399 4278 1557 4324 eam
1586 4279 1730 4323 non
1759 4278 1974 4341 posse
2018 4259 2272 4323 efferre
2316 4260 2777 4323 existimaret.
2822 4256 2967 4321 Sub
3014 4259 3136 4320 ini-

674 4368 850 4432 tium
879 4367 1085 4448 hujus
1126 4370 1292 4431 anni
1335 4370 1731 4432 orationem
1775 4369 2066 4431 latinam
2121 4367 2364 4430 habuit
2405 4367 2480 4429 P.
2523 4366 2950 4429 Franciscus
2986 4365 3132 4428 Pal-

679 4477 861 4539 mius
892 4478 965 4540 in
994 4477 1300 4539 ecclesia
1330 4474 1493 4538 Sssae
1531 4476 1795 4539 Luciae
1825 4485 2070 4538 nostro
2100 4474 2414 4554 Collegio
2457 4473 2866 4554 conjuncta,
2903 4474 3021 4536 ubi
3050 4475 3137 4536 de

667 4584 920 4647 schola
950 4583 1304 4661 instituta,
1340 4583 1426 4646 de
1457 4582 1531 4646 P.
1568 4583 1877 4663 IgnatiO,
1911 4582 2288 4645 Societatis
2316 4581 2544 4662 primo
2577 4590 2890 4660 auctore,
2925 4588 3135 4661 atque

676 4691 854 4754 adeo
885 4691 972 4753 de
1003 4691 1223 4771 ipsius
1256 4690 1633 4753 Societatis
1663 4690 1985 4777 instituto
2011 4707 2251 4752 coram
2276 4690 2630 4768 Episcopo
2656 4686 3130 4767 suffraganeO,
