3679 5414
1660 404 1789 464 AN.
1843 404 1983 465 1552
2946 408 3057 466 455

568 552 1004 633 praecipuos
1034 551 1132 614 illi
1169 551 1483 630 fuerunt,
1518 568 1695 631 quos
1734 551 2133 615 parisiense
2170 551 2566 630 Collegium
2606 550 2907 630 Romam
2939 551 3049 614 de-

566 662 1000 725 stinaverat.
1035 659 1583 738 peregrinantes
1623 677 1795 738 ergo
1834 669 1905 723 et
1946 661 2019 722 in
2066 659 2404 740 hospitiis
2438 677 2523 721 ac
2563 659 2699 721 viis
2750 659 3051 737 publicis

569 767 996 831 benemeriti
1026 767 1110 829 de
1140 767 1399 845 multis,
1435 766 1804 830 Perusium
1832 777 2212 846 venerunt,
2247 776 2488 841 etnon
2519 783 2773 846 parum
2803 784 3047 829 conso·

578 864 968 938 lationis'et
997 883 1427 954 acceperunt
1456 884 1524 938 et
1554 876 1817 938 nostris
1848 873 2210 950 dederunt;
2246 883 2316 937 et
2345 891 2507 937 cum
2540 873 2628 936 ab
2652 872 2902 935 amicis
2930 891 3049 953 pe·

568 982 841 1045 ‘rusinis
878 983 952 1044 in
989 982 1289 1061 privatis
1329 981 1655 1045 domibus
1693 980 1906 1045 divisi
1946 982 2508 1060 admitterentur,
2551 980 2842 1043 odorem
2874 979 3046 1060 opti-

574 1106 773 1152 mum
802 1106 973 1152 suae
1007 1090 1286 1151 virtutis
1316 1106 1400 1151 ac
1431 1089 1721 1169 spiritus
1764 1090 1954 1169 apud
1993 1107 2116 1152 eos
2143 1089 2599 1169 reliquerunt.
2644 1087 3046 1150 Florentiae

572 1205 649 1259 et
703 1196 1067 1259 Bononiae
1118 1213 1161 1258 a
1210 1197 1476 1259 nostris
1518 1197 1732 1259 etiam
1781 1206 2104 1259 amanter
2148 1196 2457 1276 excepti,
2512 1196 2793 1259 demum
2842 1193 3044 1257 Muti-

577 1321 747 1367 nam
774 1303 855 1365 24
890 1302 1323 1383 Septembris
1360 1313 1873 1384 pervenerunt,
1925 1314 1995 1367 et
2038 1304 2126 1367 ab
2164 1304 2519 1383 Episcopo
2563 1320 2725 1365 cum
2768 1317 3046 1364 summa

575 1410 1018 1474 humanitate
1046 1412 1346 1491 excepti,
1375 1420 1443 1474 et
1466 1411 1654 1490 apud
1678 1429 1837 1475 eum
1862 1428 2108 1474 omnes
2135 1411 2343 1474 simul
2365 1410 2632 1490 pransi,
2660 1408 2751 1471 ad
2781 1425 3046 1472 novum

566 1517 970 1597 Collegium
1013 1518 1300 1582 deducti
1347 1528 1539 1599 sunt,
1583 1517 1784 1599 cujus
1822 1518 2347 1599 possessionem
2386 1516 2635 1580 eodem
2684 1517 2796 1580 die
2846 1533 3042 1597 cepe·

572 1635 764 1689 runt.
799 1626 867 1689 A
895 1626 1408 1690 Mutinensibus
1436 1629 1652 1690 etiam
1681 1645 1824 1690 non
1856 1628 2086 1690 solum
2118 1626 2388 1704 amiciS,
2424 1627 2545 1705 qui
2572 1642 2745 1705 prae
2776 1624 3046 1687 laetitia

586 1732 678 1794 Te
706 1733 938 1795 Deum
976 1732 1365 1796 laudamus
1403 1752 1565 1797 cum
1604 1751 1866 1814 magna
1906 1734 2282 1797 devotione
2321 1734 2758 1811 cecinerunt,
2807 1731 2931 1794 sed
2975 1740 3045 1795 et

574 1839 866 1919 reliquis
904 1849 1226 1903 amanter
1264 1851 1332 1904 et
1371 1859 1532 1903 cum
1562 1841 2179 1920 congratulatione
2214 1841 2502 1920 ,excepti
2542 1840 2847 1903 fuerunt.
2881 1839 3043 1902 Fuit

568 1947 791 2010 etiam
834 1948 937 2010 eis
977 1949 1066 2010 ab
1104 1948 1457 2029 Episcopo
1499 1948 2071 2011 commendatum
2112 1957 2188 2011 ut
2239 1948 2766 2012 Conversarum
2796 1963 3043 2009 curam

563 2054 887 2133 :aliquam
936 2057 1397 2135 susciperent,
1455 2074 1666 2137 quam
1717 2057 2020 2120 instituti
2067 2056 2297 2119 nostri
2346 2055 2527 2118 ratio
2575 2054 2827 2132 ferret;
2880 2053 3042 2116 illae

561 2162 787 2242 enim,
823 2173 893 2225 et
915 2161 1199 2242 jejuniis
1223 2173 1290 2226 et
1314 2164 1749 2227 orationibus
1770 2173 1839 2227 et
1867 2164 2057 2226 votis
2078 2163 2357 2226 emissis
2386 2178 2516 2241 pro
2548 2162 2859 2224 adventu
2888 2160 3041 2224 Col-

577 2267 768 2347 legii,
801 2269 936 2331 hoc
965 2272 1358 2349 promereri
1385 2272 1832 2334 videbantur.
1861 2271 2253 2352 Episcopus
2283 2270 2471 2333 idem
2494 2279 2562 2332 et
2584 2269 2798 2332 libros
2827 2277 2897 2330 et
2923 2285 3039 2330 ve·

564 2376 934 2456 stimenta,
969 2378 1353 2457 frumenta,
1388 2379 1555 2441 vina
1585 2388 1655 2442 et
1684 2380 2060 2458 pecuniam
2091 2387 2158 2442 et
2188 2379 2356 2457 alia,
2393 2395 2574 2458 quae
2604 2394 2781 2457 opus
2812 2384 3038 2454 erant,

566 2481 764 2546 dono
810 2485 1021 2563 dedit,
1077 2496 1146 2548 et
1195 2486 1269 2547 in
1306 2495 1669 2566 posterum
1711 2504 1915 2549 suam
1959 2502 2252 2565 operam
2293 2485 2575 2564 obtulit;
2619 2492 2864 2547 ettam
2893 2481 3042 2545 dili-

564 2599 826 2669 genter
864 2592 1252 2655 domestica
1301 2594 1618 2672 supellex
1668 2601 1923 2673 parata
1950 2592 2215 2671 fuerat,
2256 2600 2327 2654 et
2363 2600 2565 2654 tanto
2598 2608 2757 2654 cum
2790 2589 3041 2652 favore

567 2699 892 2762 -omnium
924 2700 1099 2762 haec
1130 2700 1332 2763 initia
1364 2698 1663 2779 Collegii
1702 2699 2282 2779 transigebantur
2323 2709 2402 2763 ut
2439 2698 2516 2762 P.
2551 2697 2842 2762 Caesari
2880 2715 3038 2778 pro·

564 2807 884 2884 speritas
911 2808 1127 2870 nimia
1159 2817 1490 2888 suspecta
1519 2808 1906 2871 videretur.
2115 2795 2125 2805 '

696 2913 796 2975 95.
885 2912 1026 2977 Sed
1086 2916 1461 2994 laetitiam,
1516 2933 1729 2995 quam
1778 2915 2213 2977 mutinenses
2270 2915 2483 2978 amici
2541 2920 3039 2992 conceperant,

564 3035 756 3098 quae
788 3030 977 3083 certe
1009 3023 1320 3085 maxima
1348 3022 1501 3102 fuit,
1535 3024 1964 3103 temperavit
1992 3022 2193 3085 dolor
2222 3021 2661 3085 obedientiae
2691 3020 2767 3083 P.
2801 3019 3018 3100 Sylve

562 3136 724 3190 stro
764 3128 1027 3191 missae
1059 3139 1134 3191 ut
1165 3130 1237 3192 in
1266 3129 1632 3193 Corsicam
1671 3131 2261 3210 proficisceretur.
2296 3129 2474 3193 Cum
2502 3129 2689 3191 enim
2721 3126 3041 3190 Genuen-

572 3234 758 3296 sium
789 3237 1222 3316 respublica,
1257 3238 1369 3299 cui
1398 3236 1694 3300 Corsica
1726 3236 2074 3317 subjacet,
2109 3236 2396 3300 Summo
2426 3234 2750 3298 Pontifici
2780 3231 3040 3312 signifi-

562 3341 882 3404 ·candum
915 3353 1236 3406 curasset
1280 3362 1439 3407 eam
1475 3345 1929 3423 provinciam
1965 3344 2037 3406 in
2080 3360 2357 3406 summa
2394 3359 2634 3407 rerum
2674 3341 2884 3403 saluti
2926 3356 3042 3402 ne-

567 3450 1054 3513 cessariarum
1103 3451 1509 3529 ignorantia
1560 3460 1629 3514 et
1678 3452 1993 3530 peccatis
2043 3450 2358 3529 versari,
2416 3449 2509 3512 ad
2558 3448 2632 3512 P.
2688 3448 3044 3526 Ignatium

574 3553 903 3620 Pontifex
953 3575 1342 3620 conversus
1393 3566 1461 3620 et
1512 3558 1688 3621 duos
1736 3557 2147 3621 sacerdotes
2193 3566 2482 3620 nostrae
2531 3554 2910 3620 Societatis
2959 3571 3044 3616 eo

566 3663 855 3726 mittere
876 3664 1199 3745 injunxit,
1222 3674 1289 3727 et
1306 3666 1533 3728 Breve
1549 3666 2019 3746 apostolicum
2035 3664 2112 3728 P.
2131 3663 2500 3745 Sylvestro
2517 3663 2729 3742 misit,
2751 3680 2888 3743 quo
2900 3679 3045 3725 non

565 3771 806 3833 solum
835 3771 1179 3851 profectio
1209 3771 1709 3852 injungebatur
1738 3773 1865 3836 sed
1907 3773 2281 3836 facultates
2319 3773 2531 3835 etiam
2564 3770 3043 3850 amplissimae

562 3875 783 3940 -Sedis
810 3878 1272 3958 Apostolicae
1295 3881 1360 3942 ei
1382 3897 1543 3942 cum
1567 3881 1761 3943 socio
1786 3879 2356 3942 conferebantur.
2391 3877 2612 3942 Simul
2643 3877 2858 3956 igitur
2881 3893 3043 3939 cum

564 3982 892 4064 Collegio
945 3985 1323 4049 Mutinensi
1362 3988 1620 4049 missus
1650 3996 1756 4049 est
1794 3987 1872 4050 P.
1915 3987 2331 4050 Emmanuel
2360 3986 2448 4048 de
2477 3985 2716 4048 Monte
2745 3981 3039 4063 Majore,

561 4092 696 4170 qui
724 4091 919 4156 Patri
950 4092 1319 4173 Sylvestro
1349 4095 1585 4157 socius
1615 4092 1823 4173 huJus
1853 4094 2211 4157 missionis
2247 4093 2320 4155 in
2360 4091 2727 4157 Corsicam
2762 4091 3042 4154 futurus

566 4209 752 4278 erat,
795 4211 864 4264 et
913 4202 1140 4264 eidem
1185 4199 1555 4282 S‘ylvestro
1594 4203 1872 4265 litterae
1912 4220 1954 4264 a
1990 4201 2066 4265 P.
2109 4200 2387 4280 Ignatio
2429 4200 2691 4262 missae
2731 4198 3038 4273 fuerunt,

565 4306 830 4385 quibus
870 4325 960 4370 ex
1010 4310 1451 4390 praescripto
1490 4307 1760 4373 Summi
1790 4308 2153 4372 Pontificis
2182 4317 2259 4370 ut
2289 4308 2614 4372 Genuam
2657 4323 2734 4368 se
2772 4305 3042 4369 confer·

565 4423 682 4476 ret
714 4424 782 4478 et
814 4415 975 4478 inde
1008 4417 1079 4478 in
1110 4416 1478 4480 Corsicam
1506 4415 1896 4497 injunctum
1924 4416 1991 4479 ei
2015 4416 2145 4479 fuit
2172 4413 2211 4479 ¹.

657 4581 674 4613 ¹
731 4582 966 4636 Ignatius
988 4584 1243 4640 Episcopo
1263 4586 1554 4633 mutinensi.
1589 4586 1748 4630 alium
1783 4585 2043 4642 Sylvestri
2071 4585 2291 4630 Laudini
2321 4587 2434 4629 loco
2467 4586 2791 4629 sacerdotem
2809 4586 3039 4640 aliosque

567 4650 852 4698 'societatis
873 4656 1213 4700 scholasticos
1233 4657 1445 4701 Octobri
1467 4659 1672 4702 ineunte
1694 4659 1968 4702 missurum
2000 4669 2054 4701 se
2088 4658 2415 4714 promittens.
2449 4658 2534 4712 qui
2569 4658 2774 4702 litteras
2807 4659 2957 4703 simul
2986 4663 3040 4702 et
