3679 5414
699 437 810 497 322
1613 436 1869 496 Canon.
1912 433 2064 496 Soc.
2106 438 2245 510 jas.

819 580 961 644 318.
1051 581 1227 644 Cum
1269 581 1519 645 mulier
1562 581 1914 661 quaedam
1951 582 2289 661 primaria
2341 582 2584 645 ultimo
2633 582 2982 663 supplicio
3023 584 3160 647 affi-

700 688 949 753 cienda
981 698 1197 766 esset,
1230 698 1307 751 ut
1335 688 2097 769 adultera,'postquam
2137 688 2288 769 ejus
2317 689 2837 753 confessionem
2861 690 2937 753 P.
2975 690 3160 755 Gon·

700 797 892 859 zalez
941 795 1356 874 audivisset,
1409 795 1930 876 antequam'ad
1980 796 2400 877 supplicium
2449 797 2946 877 deduceretur,
3003 816 3163 863 cum

699 904 851 984 ejus
878 904 1134 967 marito
1164 903 1443 966 curavit
1480 912 1557 966 ut
1597 903 1821 967 vitam
1859 903 1960 966 illi
1997 903 2467 983 condonaret,
2509 902 2890 968 dummodo
2925 924 3162 970 mona·

697 1012 990 1074 sterium
1027 1010 1548 1091 ingrederetur,
1592 1020 1669 1074 ut
1706 1011 1802 1074 ibi
1842 1020 2183 1091 perpetuo
2213 1012 2519 1090 viveret;
2566 1022 2636 1075 et
2675 1012 2774 1075 ita
2820 1030 2983 1075 cum
3016 1010 3164 1092 jam

691 1117 839 1198 jam
867 1136 956 1180 ex
987 1134 1277 1180 carcere
1307 1117 1671 1181 educenda
1699 1127 1916 1195 esset,
1955 1129 1997 1180 a‘
2026 1126 2250 1181 morte
2282 1119 2419 1181 hac
2447 1119 2723 1183 ratione
2752 1129 2994 1200 erepta
3026 1130 3155 1185 est.

816 1224 957 1287 319.
1047 1224 1204 1289 Non
1252 1240 1506 1304 parum
1552 1224 2067 1288 aedificationis
2114 1226 2496 1304 praebebat
2546 1226 2732 1306 quod
2771 1235 2916 1289 tam
2959 1228 3164 1307 pauci

696 1343 845 1397 tam
873 1333 1110 1395 multis
1140 1332 1424 1411 pietatis
1453 1332 1784 1412 operibus
1814 1340 1884 1395 et
1916 1349 2076 1394 cum
2115 1341 2261 1394 tam
2291 1332 2528 1395 multis
2557 1333 2920 1396 hominum
2949 1350 3158 1414 gene·

699 1441 892 1503 ribus
922 1457 1078 1502 sese
1106 1448 1396 1519 possent
1424 1438 1863 1520 impendere;
1909 1447 1978 1501 et
2017 1438 2203 1519 quod
2246 1438 2510 1519 optime
2539 1439 2625 1501 de
2653 1440 2921 1502 nostris
2951 1439 3164 1503 Sena·

698 1557 812 1610 tus
859 1547 1183 1625 sentiret,
1238 1546 1499 1611 indicio
1542 1563 1696 1608 esse
1736 1553 1998 1625 potest,
2040 1546 2259 1625 quod,
2313 1562 2473 1625 cum
2524 1546 2609 1609 de
2661 1547 2870 1609 rebus
2921 1548 3168 1628 magni

697 1654 1031 1717 momenti
1081 1653 1171 1716 ad
1216 1653 1431 1715 totius
1478 1651 1706 1731 Regni
1753 1652 2126 1715 utilitatem
2176 1653 2404 1715 acturi
2455 1662 2721 1730 essent,
2778 1662 3159 1734 antequam

698 1769 1337 1842 congregarentur,
1383 1758 1474 1822 ad
1519 1768 1838 1821 nostram
1887 1759 2260 1821 ecclesiam
2300 1759 2590 1822 Missam
2632 1760 2941 1823 audituri
2978 1769 3047 1824 et
3089 1779 3164 1825 se

696 1868 852 1931 Deo
876 1867 1439 1931 commendaturi
1468 1874 1953 1930 accesserunt.
2421 1932 2426 1937 ,
2902 1872 2929 1887 ··

816 1974 958 2038 320.
1048 1973 1226 2037 Cum
1256 1973 1330 2036 P.
1366 1973 1838 2036 Provincialis
1868 1972 2106 2035 Araoz
2135 1973 2630 2037 Vallisoletum
2661 1973 2953 2038 Octobri
2977 1993 3162 2039 men-

699 2100 775 2146 se
813 2082 1160 2160 venisset,
1204 2090 1273 2143 et
1317 2079 1625 2144 triduum
1675 2080 1971 2142 haerere
2021 2081 2262 2158 vellet,
2297 2090 2443 2143 tres
2489 2079 2637 2144 sere
2681 2080 3165 2146 hebdomadas

698 2190 793 2253 ibi
823 2207 1112 2252 manere
1142 2197 1432 2251 coactus
1464 2197 1600 2265 est,
1635 2196 1711 2249 ut
1740 2186 2215 2266 spiritualium
2254 2188 2644 2251 amicorum
2684 2188 3045 2252 devotioni
3075 2207 3160 2252 ac

697 2297 922 2359 variis
949 2296 1086 2376 piis
1114 2296 1445 2375 operibus
1474 2293 1939 2357 satisfaceret.
1984 2292 2173 2356 Inter
2214 2294 2391 2356 alios
2434 2294 2545 2357 die
2587 2293 2828 2358 Sancti
2859 2294 3165 2359 Simonis

698 2412 768 2467 et
817 2403 1043 2486 Judae
1084 2410 1432 2465 venerunt
1477 2402 1566 2464 ad
1617 2400 2011 2480 Collegium
2053 2409 2375 2464 nostrum
2416 2398 2674 2464 fratres
2719 2401 3030 2484 Joannes
3080 2402 3166 2466 de

700 2510 971 2573 Vivero
1001 2518 1070 2572 et
1104 2510 1320 2572 frater
1347 2508 1659 2589 Joannes
1689 2508 1774 2570 de
1804 2509 1876 2570 la
1913 2507 2187 2588 Pegna,
2233 2508 2350 2587 qui
2396 2508 2719 2571 eumdem
2757 2508 3164 2572 Provincia·

699 2619 871 2694 lem,
924 2617 1206 2678 nomine
1264 2615 1584 2694 Collegii*
1616 2611 1735 2677 Sti
1797 2614 2047 2692 Pauli,
2084 2615 2351 2677 ordinis
2408 2614 3020 2695 Praedicatorum,
3075 2615 3167 2679 ad

701 2724 1076 2805 prandium
1127 2724 1531 2786 invitarent.
1587 2721 1788 2787 Unde
1837 2739 1983 2785 non
2031 2740 2282 2803 parum
2333 2722 2657 2785 utilitatis
2707 2732 3164 2787 consecutum

702 2842 840 2911 est,
883 2849 1044 2894 cum
1085 2849 1173 2893 ex
1213 2831 1325 2894 his
1357 2848 1537 2911 quae
1581 2839 1747 2892 tunc
1792 2839 2190 2892 tractarunt
2231 2839 2300 2892 et
2337 2848 2428 2892 ex
2473 2830 2726 2892 litteris
2758 2830 3168 2911 apostolicis

700 2949 990 3002 nostrae
1023 2938 1421 3018 SocietatiS,
1456 2954 1632 3017 quas
1664 2937 1905 3000 videre
1936 2937 2272 3016 postridie
2303 2937 2694 3017 cupierunt,
2729 2936 2906 3000 bene
2930 2937 3163 3001 admo-

702 3046 869 3110 dum
897 3046 1128 3109 affecti
1162 3062 1336 3124 erga
1365 3044 1791 3108 Societatem
1822 3045 1893 3106 in
1924 3053 2283 3122 posterum
2314 3045 2756 3123 exstiterunt,
2788 3043 2974 3125 quod
3005 3062 3165 3108 con-

700 3162 812 3217 tra
843 3153 1445 3233 oppugnationem
1481 3152 1814 3231 aliorum,
1863 3151 2077 3213 etiam
2116 3150 2430 3231 ejusdem
2474 3150 2776 3229 ordiniS,
2820 3169 2962 3215 non
3006 3168 3163 3215 con·

700 3260 1150 3323 temnendum
1216 3259 1826 3338 propugnaculum
1862 3256 2262 3321 >Societati
2299 3258 2450 3321 fuit.
2522 3257 2863 3337 Quamvis
2932 3267 3169 3321 autem

701 3367 1117 3430 Vallisoleto
1151 3366 1348 3429 curia
1378 3365 1579 3444 regia
1608 3364 2043 3442 recessisset,
2078 3381 2342 3444 magna
2374 3375 2609 3428 tamen
2641 3364 3037 3445 frequentia
3077 3366 3170 3427 ad

702 3483 984 3564 nostros
1014 3472 1517 3536 confluentium
1544 3471 1837 3550 proinde
1868 3489 2010 3533 non
2038 3472 2371 3534 cessavit.
2408 3471 2561 3534 Pax
2590 3472 2774 3535 inter
2805 3472 3169 3554 discordes

702 3598 845 3643 non
879 3596 1147 3660 paucos
1185 3588 1434 3642 curata
1475 3587 1581 3640 est
1622 3586 1689 3640 et
1729 3578 2014 3641 demum
2056 3577 2126 3640 in
2168 3597 2274 3656 e0,
2317 3578 2481 3641 licet
2522 3579 2804 3658 exiguO,
2849 3577 3167 3659 Collegio

704 3705 846 3749 non
876 3687 1176 3766 exiguus
1205 3687 1479 3749 fructus
1507 3685 1642 3747 hoc
1676 3703 1864 3747 anno
1894 3694 2269 3765 perceptus
2301 3694 2428 3748 est.
2494 3705 2497 3708 ·

1108 4033 1245 4096 DE
1305 4030 1833 4096 COLLEGIO
1896 4029 2758 4095 SALMANTICENSI

1469 4238 1559 4282 ET
1600 4236 1807 4282 1N1T10
1852 4236 2390 4282 METHYMNENSIS

824 4438 965 4501 321.
1052 4437 1314 4511 Primis
1336 4435 1694 4498 mensibus
1725 4431 1931 4513 hujus
1968 4433 2133 4495 anni
2175 4442 2319 4495 tam
2350 4432 2624 4496 Doctor
2655 4432 2914 4495 Torres
2955 4448 3168 4510 quam

705 4546 826 4609 alii
854 4543 1434 4608 Salmanticensis
1464 4540 1761 4619 Collegii
1791 4539 2101 4619 operarii
2129 4539 2388 4619 partim
2417 4539 2669 4603 studiis
2712 4555 3002 4619 operam
3053 4536 3164 4600 de-

706 4651 979 4730 derunt,
1013 4651 1272 4730 partim
1303 4648 1678 4712 Societatis
1707 4645 2117 4708 ministeriis
2145 4646 2215 4708 in
2246 4646 2493 4710 eadem
2517 4646 2809 4710 civitate
2830 4662 3165 4709 exercen-
