<?xml version="1.0" encoding="UTF-8"?>
<!DOCTYPE html PUBLIC "-//W3C//DTD XHTML 1.0 Transitional//EN"
    "http://www.w3.org/TR/xhtml1/DTD/xhtml1-transitional.dtd">
<html xmlns="http://www.w3.org/1999/xhtml" xml:lang="en" lang="en">
 <head>
  <title>
</title>
<meta http-equiv="Content-Type" content="text/html;charset=utf-8" />
  <meta name='ocr-system' content='tesseract 3.04.00' />
  <meta name='ocr-capabilities' content='ocr_page ocr_carea ocr_par ocr_line ocrx_word'/>
</head>
<body>
  <div class='ocr_page' id='page_1' title='image "./vitaignatiiloio03polagoog_0037.png"; bbox 0 0 3679 5414; ppageno 0'>
   <div class='ocr_carea' id='block_1_1' title="bbox 1441 434 2901 529">
    <p class='ocr_par' dir='ltr' id='par_1_1' title="bbox 1441 434 2901 529">
     <span class='ocr_line' id='line_1_1' title="bbox 1441 434 2901 529; baseline -0.001 -36"><span class='ocrx_word' id='word_1_1' title='bbox 1441 522 1446 529; x_wconf 28' lang='lat'>.</span> <span class='ocrx_word' id='word_1_2' title='bbox 1521 434 1650 493; x_wconf 70' lang='lat' dir='ltr'>AN.</span> <span class='ocrx_word' id='word_1_3' title='bbox 1695 435 1833 492; x_wconf 79' lang='lat'>1550</span> <span class='ocrx_word' id='word_1_4' title='bbox 2833 436 2901 494; x_wconf 81' lang='lat'>31</span> 
     </span>
    </p>
   </div>
   <div class='ocr_carea' id='block_1_2' title="bbox 425 580 2906 2795">
    <p class='ocr_par' dir='ltr' id='par_1_2' title="bbox 425 580 2906 2795">
     <span class='ocr_line' id='line_1_2' title="bbox 428 580 2905 660; baseline 0.001 -18"><span class='ocrx_word' id='word_1_5' title='bbox 428 580 860 643; x_wconf 85' lang='lat' dir='ltr'>dotationem</span> <span class='ocrx_word' id='word_1_6' title='bbox 903 580 1214 660; x_wconf 91' lang='lat' dir='ltr'>pendere</span> <span class='ocrx_word' id='word_1_7' title='bbox 1243 581 1595 643; x_wconf 86' lang='lat' dir='ltr'>volebant.</span> <span class='ocrx_word' id='word_1_8' title='bbox 1641 580 1820 644; x_wconf 90' lang='lat' dir='ltr'>Cum</span> <span class='ocrx_word' id='word_1_9' title='bbox 1870 591 2108 644; x_wconf 91' lang='lat' dir='ltr'>autem</span> <span class='ocrx_word' id='word_1_10' title='bbox 2147 590 2215 643; x_wconf 92' lang='lat' dir='ltr'>et</span> <span class='ocrx_word' id='word_1_11' title='bbox 2255 581 2496 660; x_wconf 85' lang='lat' dir='ltr'>exigui</span> <span class='ocrx_word' id='word_1_12' title='bbox 2535 582 2804 644; x_wconf 90' lang='lat' dir='ltr'>reditus</span> <span class='ocrx_word' id='word_1_13' title='bbox 2835 592 2905 645; x_wconf 93' lang='lat' dir='ltr'>et</span> 
     </span>
     <span class='ocr_line' id='line_1_3' title="bbox 428 687 2905 766; baseline 0.002 -19"><span class='ocrx_word' id='word_1_14' title='bbox 428 687 870 749; x_wconf 89' lang='lat' dir='ltr'>conditiones</span> <span class='ocrx_word' id='word_1_15' title='bbox 931 704 1077 749; x_wconf 91' lang='lat' dir='ltr'>non</span> <span class='ocrx_word' id='word_1_16' title='bbox 1133 688 1545 750; x_wconf 86' lang='lat' dir='ltr'>tolerandae</span> <span class='ocrx_word' id='word_1_17' title='bbox 1602 687 2034 766; x_wconf 89' lang='lat' dir='ltr'>viderentur,</span> <span class='ocrx_word' id='word_1_18' title='bbox 2079 688 2287 750; x_wconf 88' lang='lat' dir='ltr'>facile</span> <span class='ocrx_word' id='word_1_19' title='bbox 2315 688 2749 751; x_wconf 90' lang='lat' dir='ltr'>intellectum</span> <span class='ocrx_word' id='word_1_20' title='bbox 2798 697 2905 751; x_wconf 89' lang='lat' dir='ltr'>est</span> 
     </span>
     <span class='ocr_line' id='line_1_4' title="bbox 427 793 2905 874; baseline 0.001 -19"><span class='ocrx_word' id='word_1_21' title='bbox 427 802 894 873; x_wconf 80' lang='lat' dir='ltr'>exasperatos</span> <span class='ocrx_word' id='word_1_22' title='bbox 934 811 1093 856; x_wconf 91' lang='lat' dir='ltr'>esse</span> <span class='ocrx_word' id='word_1_23' title='bbox 1124 795 1386 857; x_wconf 88' lang='lat' dir='ltr'>civium</span> <span class='ocrx_word' id='word_1_24' title='bbox 1427 795 1702 857; x_wconf 88' lang='lat' dir='ltr'>animos</span> <span class='ocrx_word' id='word_1_25' title='bbox 1742 804 1997 857; x_wconf 90' lang='lat' dir='ltr'>contra</span> <span class='ocrx_word' id='word_1_26' title='bbox 2027 795 2473 873; x_wconf 89' lang='lat' dir='ltr'>Pro-regem,</span> <span class='ocrx_word' id='word_1_27' title='bbox 2520 793 2720 874; x_wconf 90' lang='lat' dir='ltr'>cujus</span> <span class='ocrx_word' id='word_1_28' title='bbox 2750 813 2905 858; x_wconf 89' lang='lat' dir='ltr'>esse</span> 
     </span>
     <span class='ocr_line' id='line_1_5' title="bbox 433 901 2904 981; baseline 0 -18"><span class='ocrx_word' id='word_1_29' title='bbox 433 902 563 963; x_wconf 88' lang='lat' dir='ltr'>hoc</span> <span class='ocrx_word' id='word_1_30' title='bbox 614 918 796 981; x_wconf 88' lang='lat' dir='ltr'>opus</span> <span class='ocrx_word' id='word_1_31' title='bbox 837 901 1365 964; x_wconf 84' lang='lat' dir='ltr'><strong>existimabant.</strong></span> <span class='ocrx_word' id='word_1_32' title='bbox 1412 901 1590 964; x_wconf 92' lang='lat' dir='ltr'>Cum</span> <span class='ocrx_word' id='word_1_33' title='bbox 1638 911 1879 964; x_wconf 91' lang='lat' dir='ltr'>autem</span> <span class='ocrx_word' id='word_1_34' title='bbox 1920 919 2037 964; x_wconf 90' lang='lat' dir='ltr'>res</span> <span class='ocrx_word' id='word_1_35' title='bbox 2077 902 2169 963; x_wconf 90' lang='lat' dir='ltr'>ad</span> <span class='ocrx_word' id='word_1_36' title='bbox 2208 901 2283 964; x_wconf 92' lang='lat' dir='ltr'>P.</span> <span class='ocrx_word' id='word_1_37' title='bbox 2328 902 2681 981; x_wconf 90' lang='lat' dir='ltr'>Ignatium</span> <span class='ocrx_word' id='word_1_38' title='bbox 2720 911 2904 965; x_wconf 91' lang='lat' dir='ltr'>esset</span> 
     </span>
     <span class='ocr_line' id='line_1_6' title="bbox 426 1008 2901 1087; baseline 0.001 -18"><span class='ocrx_word' id='word_1_39' title='bbox 426 1008 659 1070; x_wconf 88' lang='lat' dir='ltr'>delata</span> <span class='ocrx_word' id='word_1_40' title='bbox 683 1057 699 1083; x_wconf 91' lang='lat'>,</span> <span class='ocrx_word' id='word_1_41' title='bbox 731 1008 970 1070; x_wconf 82' lang='lat' dir='ltr'>visum</span> <span class='ocrx_word' id='word_1_42' title='bbox 999 1017 1106 1070; x_wconf 90' lang='lat' dir='ltr'>est</span> <span class='ocrx_word' id='word_1_43' title='bbox 1135 1009 1198 1071; x_wconf 92' lang='lat' dir='ltr'>ei</span> <span class='ocrx_word' id='word_1_44' title='bbox 1228 1008 1668 1071; x_wconf 88' lang='lat' dir='ltr'>conditiones</span> <span class='ocrx_word' id='word_1_45' title='bbox 1696 1008 1855 1070; x_wconf 88' lang='lat' dir='ltr'>illas</span> <span class='ocrx_word' id='word_1_46' title='bbox 1896 1009 2088 1071; x_wconf 93' lang='lat' dir='ltr'>nullo</span> <span class='ocrx_word' id='word_1_47' title='bbox 2116 1009 2326 1070; x_wconf 90' lang='lat' dir='ltr'>modo</span> <span class='ocrx_word' id='word_1_48' title='bbox 2365 1008 2694 1071; x_wconf 88' lang='lat' dir='ltr'>ferendas</span> <span class='ocrx_word' id='word_1_49' title='bbox 2723 1026 2901 1087; x_wconf 89' lang='lat' dir='ltr'>esse;</span> 
     </span>
     <span class='ocr_line' id='line_1_7' title="bbox 428 1094 2904 1196; baseline 0 -19"><span class='ocrx_word' id='word_1_50' title='bbox 428 1124 496 1177; x_wconf 92' lang='lat' dir='ltr'>et</span> <span class='ocrx_word' id='word_1_51' title='bbox 523 1114 790 1177; x_wconf 87' lang='lat' dir='ltr'>rationi</span> <span class='ocrx_word' id='word_1_52' title='bbox 819 1114 1198 1178; x_wconf 80' lang='lat' dir='ltr'>videbatur</span> <span class='ocrx_word' id='word_1_53' title='bbox 1226 1094 1780 1178; x_wconf 83' lang='lat' dir='ltr'>consentaneum</span> <span class='ocrx_word' id='word_1_54' title='bbox 1802 1124 1881 1178; x_wconf 93' lang='lat' dir='ltr'>ut</span> <span class='ocrx_word' id='word_1_55' title='bbox 1904 1116 2004 1177; x_wconf 92' lang='lat' dir='ltr'>illi</span> <span class='ocrx_word' id='word_1_56' title='bbox 2026 1116 2295 1178; x_wconf 85' lang='lat' dir='ltr'>reditus</span> <span class='ocrx_word' id='word_1_57' title='bbox 2318 1116 2563 1196; x_wconf 83' lang='lat' dir='ltr'>aequis</span> <span class='ocrx_word' id='word_1_58' title='bbox 2584 1116 2904 1195; x_wconf 90' lang='lat' dir='ltr'>partibus</span> 
     </span>
     <span class='ocr_line' id='line_1_8' title="bbox 429 1221 2906 1302; baseline 0.002 -21"><span class='ocrx_word' id='word_1_59' title='bbox 429 1221 496 1282; x_wconf 90' lang='lat' dir='ltr'>in</span> <span class='ocrx_word' id='word_1_60' title='bbox 535 1221 681 1284; x_wconf 92' lang='lat' dir='ltr'>duo</span> <span class='ocrx_word' id='word_1_61' title='bbox 725 1222 843 1283; x_wconf 87' lang='lat' dir='ltr'>illa</span> <span class='ocrx_word' id='word_1_62' title='bbox 884 1238 1185 1301; x_wconf 90' lang='lat' dir='ltr'>corpora</span> <span class='ocrx_word' id='word_1_63' title='bbox 1230 1221 1746 1300; x_wconf 87' lang='lat' dir='ltr'>dividerentur;</span> <span class='ocrx_word' id='word_1_64' title='bbox 1791 1221 1979 1301; x_wconf 88' lang='lat' dir='ltr'>quod</span> <span class='ocrx_word' id='word_1_65' title='bbox 2026 1222 2086 1284; x_wconf 92' lang='lat' dir='ltr'>si</span> <span class='ocrx_word' id='word_1_66' title='bbox 2127 1222 2426 1285; x_wconf 85' lang='lat' dir='ltr'>obtineri</span> <span class='ocrx_word' id='word_1_67' title='bbox 2476 1240 2618 1285; x_wconf 93' lang='lat' dir='ltr'>non</span> <span class='ocrx_word' id='word_1_68' title='bbox 2668 1232 2906 1302; x_wconf 87' lang='lat' dir='ltr'>posset</span> 
     </span>
     <span class='ocr_line' id='line_1_9' title="bbox 430 1326 2905 1408; baseline 0 -18"><span class='ocrx_word' id='word_1_69' title='bbox 430 1328 650 1408; x_wconf 87' lang='lat' dir='ltr'>major</span> <span class='ocrx_word' id='word_1_70' title='bbox 685 1327 979 1405; x_wconf 90' lang='lat' dir='ltr'>dotatio,</span> <span class='ocrx_word' id='word_1_71' title='bbox 1014 1337 1089 1390; x_wconf 92' lang='lat' dir='ltr'>ut</span> <span class='ocrx_word' id='word_1_72' title='bbox 1119 1327 1208 1390; x_wconf 89' lang='lat' dir='ltr'>ad</span> <span class='ocrx_word' id='word_1_73' title='bbox 1239 1328 1616 1408; x_wconf 85' lang='lat' dir='ltr'>pauciores</span> <span class='ocrx_word' id='word_1_74' title='bbox 1648 1329 1952 1390; x_wconf 89' lang='lat' dir='ltr'>lectores</span> <span class='ocrx_word' id='word_1_75' title='bbox 1982 1326 2305 1408; x_wconf 84' lang='lat' dir='ltr'>Societas</span> <span class='ocrx_word' id='word_1_76' title='bbox 2336 1328 2801 1407; x_wconf 82' lang='lat' dir='ltr'>obligaretur3</span> <span class='ocrx_word' id='word_1_77' title='bbox 2835 1337 2905 1391; x_wconf 93' lang='lat' dir='ltr'>et</span> 
     </span>
     <span class='ocr_line' id='line_1_10' title="bbox 427 1433 2904 1515; baseline 0.001 -20"><span class='ocrx_word' id='word_1_78' title='bbox 427 1434 485 1495; x_wconf 91' lang='lat' dir='ltr'>si</span> <span class='ocrx_word' id='word_1_79' title='bbox 512 1433 710 1513; x_wconf 88' lang='lat' dir='ltr'>quod</span> <span class='ocrx_word' id='word_1_80' title='bbox 750 1435 1126 1514; x_wconf 90' lang='lat' dir='ltr'>optabatur</span> <span class='ocrx_word' id='word_1_81' title='bbox 1158 1434 1458 1497; x_wconf 87' lang='lat' dir='ltr'>obtineri</span> <span class='ocrx_word' id='word_1_82' title='bbox 1497 1452 1639 1496; x_wconf 93' lang='lat' dir='ltr'>non</span> <span class='ocrx_word' id='word_1_83' title='bbox 1684 1443 1954 1514; x_wconf 89' lang='lat' dir='ltr'>posset,</span> <span class='ocrx_word' id='word_1_84' title='bbox 1990 1443 2067 1497; x_wconf 93' lang='lat' dir='ltr'>ut</span> <span class='ocrx_word' id='word_1_85' title='bbox 2093 1435 2328 1515; x_wconf 89' lang='lat' dir='ltr'>potius</span> <span class='ocrx_word' id='word_1_86' title='bbox 2358 1435 2749 1514; x_wconf 88' lang='lat' dir='ltr'>Collegium</span> <span class='ocrx_word' id='word_1_87' title='bbox 2776 1436 2904 1497; x_wconf 93' lang='lat' dir='ltr'>sic-</span> 
     </span>
     <span class='ocr_line' id='line_1_11' title="bbox 430 1540 2905 1622; baseline 0 -19"><span class='ocrx_word' id='word_1_88' title='bbox 430 1542 524 1603; x_wconf 92' lang='lat' dir='ltr'>uti</span> <span class='ocrx_word' id='word_1_89' title='bbox 573 1550 770 1619; x_wconf 85' lang='lat' dir='ltr'>erat,</span> <span class='ocrx_word' id='word_1_90' title='bbox 835 1540 1236 1621; x_wconf 85' lang='lat' dir='ltr'>quingentis</span> <span class='ocrx_word' id='word_1_91' title='bbox 1295 1549 1573 1604; x_wconf 90' lang='lat' dir='ltr'>tantum</span> <span class='ocrx_word' id='word_1_92' title='bbox 1630 1541 1865 1604; x_wconf 90' lang='lat' dir='ltr'>aureis</span> <span class='ocrx_word' id='word_1_93' title='bbox 1917 1541 2235 1603; x_wconf 91' lang='lat' dir='ltr'>dotatum</span> <span class='ocrx_word' id='word_1_94' title='bbox 2296 1551 2634 1619; x_wconf 90' lang='lat' dir='ltr'>maneret,</span> <span class='ocrx_word' id='word_1_95' title='bbox 2694 1559 2905 1622; x_wconf 91' lang='lat' dir='ltr'>quam</span> 
     </span>
     <span class='ocr_line' id='line_1_12' title="bbox 425 1647 2904 1728; baseline 0 -18"><span class='ocrx_word' id='word_1_96' title='bbox 425 1665 583 1710; x_wconf 91' lang='lat' dir='ltr'>cum</span> <span class='ocrx_word' id='word_1_97' title='bbox 622 1657 1019 1725; x_wconf 86' lang='lat' dir='ltr'>augmento</span> <span class='ocrx_word' id='word_1_98' title='bbox 1073 1648 1426 1711; x_wconf 87' lang='lat' dir='ltr'>redituum</span> <span class='ocrx_word' id='word_1_99' title='bbox 1467 1665 1685 1710; x_wconf 90' lang='lat' dir='ltr'>onera</span> <span class='ocrx_word' id='word_1_100' title='bbox 1730 1647 1849 1709; x_wconf 88' lang='lat' dir='ltr'>illa</span> <span class='ocrx_word' id='word_1_101' title='bbox 1894 1657 2040 1710; x_wconf 90' lang='lat' dir='ltr'>tam</span> <span class='ocrx_word' id='word_1_102' title='bbox 2085 1648 2339 1726; x_wconf 84' lang='lat' dir='ltr'>gravia</span> <span class='ocrx_word' id='word_1_103' title='bbox 2391 1649 2677 1712; x_wconf 89' lang='lat' dir='ltr'>subiret.</span> <span class='ocrx_word' id='word_1_104' title='bbox 2724 1649 2904 1728; x_wconf 83' lang='lat' dir='ltr'>Quia</span> 
     </span>
     <span class='ocr_line' id='line_1_13' title="bbox 429 1753 2905 1837; baseline 0.001 -22"><span class='ocrx_word' id='word_1_105' title='bbox 429 1773 595 1817; x_wconf 80' lang='lat' dir='ltr'>vero</span> <span class='ocrx_word' id='word_1_106' title='bbox 624 1754 937 1816; x_wconf 85' lang='lat' dir='ltr'>Pro-rex</span> <span class='ocrx_word' id='word_1_107' title='bbox 960 1753 1051 1816; x_wconf 85' lang='lat' dir='ltr'>ad</span> <span class='ocrx_word' id='word_1_108' title='bbox 1074 1754 1594 1834; x_wconf 84' lang='lat' dir='ltr'>expeditionem</span> <span class='ocrx_word' id='word_1_109' title='bbox 1616 1753 2037 1817; x_wconf 88' lang='lat' dir='ltr'>Africanam</span> <span class='ocrx_word' id='word_1_110' title='bbox 2060 1773 2137 1817; x_wconf 92' lang='lat' dir='ltr'>se</span> <span class='ocrx_word' id='word_1_111' title='bbox 2153 1754 2303 1834; x_wconf 90' lang='lat' dir='ltr'>jam</span> <span class='ocrx_word' id='word_1_112' title='bbox 2326 1756 2656 1835; x_wconf 88' lang='lat' dir='ltr'>parabat,</span> <span class='ocrx_word' id='word_1_113' title='bbox 2683 1773 2905 1837; x_wconf 91' lang='lat' dir='ltr'>usque</span> 
     </span>
     <span class='ocr_line' id='line_1_14' title="bbox 427 1861 2905 1940; baseline 0.002 -18"><span class='ocrx_word' id='word_1_114' title='bbox 427 1861 513 1923; x_wconf 87' lang='lat' dir='ltr'>ad</span> <span class='ocrx_word' id='word_1_115' title='bbox 539 1861 774 1940; x_wconf 88' lang='lat' dir='ltr'>ipsius</span> <span class='ocrx_word' id='word_1_116' title='bbox 799 1861 1103 1923; x_wconf 90' lang='lat' dir='ltr'>reditum</span> <span class='ocrx_word' id='word_1_117' title='bbox 1143 1878 1258 1939; x_wconf 88' lang='lat' dir='ltr'>res</span> <span class='ocrx_word' id='word_1_118' title='bbox 1288 1869 1395 1922; x_wconf 91' lang='lat' dir='ltr'>est</span> <span class='ocrx_word' id='word_1_119' title='bbox 1435 1861 1685 1939; x_wconf 89' lang='lat' dir='ltr'>dilata;</span> <span class='ocrx_word' id='word_1_120' title='bbox 1720 1869 1789 1923; x_wconf 92' lang='lat' dir='ltr'>et</span> <span class='ocrx_word' id='word_1_121' title='bbox 1829 1861 1932 1923; x_wconf 91' lang='lat' dir='ltr'>sic</span> <span class='ocrx_word' id='word_1_122' title='bbox 1971 1862 2316 1940; x_wconf 86' lang='lat' dir='ltr'>paulatim</span> <span class='ocrx_word' id='word_1_123' title='bbox 2357 1871 2757 1926; x_wconf 87' lang='lat' dir='ltr'>extractum</span> <span class='ocrx_word' id='word_1_124' title='bbox 2798 1872 2905 1927; x_wconf 92' lang='lat' dir='ltr'>est</span> 
     </span>
     <span class='ocr_line' id='line_1_15' title="bbox 427 1966 2905 2048; baseline 0.001 -19"><span class='ocrx_word' id='word_1_125' title='bbox 427 1978 712 2048; x_wconf 87' lang='lat' dir='ltr'>tempus</span> <span class='ocrx_word' id='word_1_126' title='bbox 743 1967 950 2047; x_wconf 90' lang='lat' dir='ltr'>hujus</span> <span class='ocrx_word' id='word_1_127' title='bbox 981 1969 1169 2029; x_wconf 88' lang='lat' dir='ltr'>anni.</span> <span class='ocrx_word' id='word_1_128' title='bbox 1203 1966 1387 2031; x_wconf 90' lang='lat' dir='ltr'>Nam</span> <span class='ocrx_word' id='word_1_129' title='bbox 1417 1967 1838 2047; x_wconf 86' lang='lat' dir='ltr'>quibusdam</span> <span class='ocrx_word' id='word_1_130' title='bbox 1878 1986 1968 2030; x_wconf 83' lang='lat' dir='ltr'>ex</span> <span class='ocrx_word' id='word_1_131' title='bbox 1997 1968 2566 2047; x_wconf 81' lang='lat' dir='ltr'>magistratibuS,</span> <span class='ocrx_word' id='word_1_132' title='bbox 2596 1968 2905 2047; x_wconf 81' lang='lat' dir='ltr'>J&#39;uratos</span> 
     </span>
     <span class='ocr_line' id='line_1_16' title="bbox 435 2072 2903 2155; baseline 0.002 -21"><span class='ocrx_word' id='word_1_133' title='bbox 435 2084 727 2151; x_wconf 76' lang='lat' dir='ltr'>vocant,</span> <span class='ocrx_word' id='word_1_134' title='bbox 755 2075 828 2137; x_wconf 89' lang='lat' dir='ltr'>in</span> <span class='ocrx_word' id='word_1_135' title='bbox 858 2091 1223 2137; x_wconf 86' lang='lat' dir='ltr'>carcerem</span> <span class='ocrx_word' id='word_1_136' title='bbox 1254 2072 1624 2153; x_wconf 79' lang='lat' dir='ltr'>conjectis,</span> <span class='ocrx_word' id='word_1_137' title='bbox 1660 2083 1944 2154; x_wconf 89' lang='lat' dir='ltr'>praeter</span> <span class='ocrx_word' id='word_1_138' title='bbox 1967 2075 2145 2137; x_wconf 92' lang='lat' dir='ltr'>alios</span> <span class='ocrx_word' id='word_1_139' title='bbox 2175 2075 2683 2155; x_wconf 87' lang='lat' dir='ltr'>praecedentes</span> <span class='ocrx_word' id='word_1_140' title='bbox 2715 2075 2903 2155; x_wconf 87' lang='lat' dir='ltr'>jura-</span> 
     </span>
     <span class='ocr_line' id='line_1_17' title="bbox 425 2179 2900 2261; baseline 0.001 -18"><span class='ocrx_word' id='word_1_141' title='bbox 425 2192 552 2259; x_wconf 85' lang='lat' dir='ltr'>tOS,</span> <span class='ocrx_word' id='word_1_142' title='bbox 602 2199 792 2261; x_wconf 89' lang='lat' dir='ltr'>quos</span> <span class='ocrx_word' id='word_1_143' title='bbox 834 2181 904 2243; x_wconf 92' lang='lat' dir='ltr'>in</span> <span class='ocrx_word' id='word_1_144' title='bbox 950 2181 1238 2243; x_wconf 85' lang='lat' dir='ltr'>exilium</span> <span class='ocrx_word' id='word_1_145' title='bbox 1287 2181 1608 2258; x_wconf 90' lang='lat' dir='ltr'>miserat,</span> <span class='ocrx_word' id='word_1_146' title='bbox 1659 2179 1867 2260; x_wconf 88' lang='lat' dir='ltr'>hujus</span> <span class='ocrx_word' id='word_1_147' title='bbox 1910 2181 2178 2259; x_wconf 83' lang='lat' dir='ltr'>negotii</span> <span class='ocrx_word' id='word_1_148' title='bbox 2225 2182 2557 2245; x_wconf 90' lang='lat' dir='ltr'>tractatio</span> <span class='ocrx_word' id='word_1_149' title='bbox 2602 2182 2900 2245; x_wconf 85' lang='lat' dir='ltr'>difficilis</span> 
     </span>
     <span class='ocr_line' id='line_1_18' title="bbox 425 2285 2897 2368; baseline 0.001 -20"><span class='ocrx_word' id='word_1_150' title='bbox 425 2287 811 2350; x_wconf 88' lang='lat' dir='ltr'>admodum</span> <span class='ocrx_word' id='word_1_151' title='bbox 833 2298 940 2350; x_wconf 88' lang='lat' dir='ltr'>est</span> <span class='ocrx_word' id='word_1_152' title='bbox 969 2287 1267 2350; x_wconf 91' lang='lat' dir='ltr'>reddita.</span> <span class='ocrx_word' id='word_1_153' title='bbox 1301 2285 1545 2351; x_wconf 87' lang='lat' dir='ltr'>Nostri</span> <span class='ocrx_word' id='word_1_154' title='bbox 1567 2304 1958 2367; x_wconf 87' lang='lat' dir='ltr'>numquam</span> <span class='ocrx_word' id='word_1_155' title='bbox 1979 2304 2186 2349; x_wconf 92' lang='lat' dir='ltr'>suum</span> <span class='ocrx_word' id='word_1_156' title='bbox 2207 2306 2580 2351; x_wconf 88' lang='lat' dir='ltr'>assensum</span> <span class='ocrx_word' id='word_1_157' title='bbox 2609 2290 2897 2368; x_wconf 90' lang='lat' dir='ltr'>praesti-</span> 
     </span>
     <span class='ocr_line' id='line_1_19' title="bbox 431 2392 2900 2473; baseline 0.001 -18"><span class='ocrx_word' id='word_1_158' title='bbox 431 2403 703 2471; x_wconf 88' lang='lat' dir='ltr'>terunt;</span> <span class='ocrx_word' id='word_1_159' title='bbox 757 2393 883 2455; x_wconf 89' lang='lat' dir='ltr'>sed</span> <span class='ocrx_word' id='word_1_160' title='bbox 921 2392 1122 2473; x_wconf 76' lang='lat' dir='ltr'>juxta</span> <span class='ocrx_word' id='word_1_161' title='bbox 1174 2392 1406 2456; x_wconf 90' lang='lat' dir='ltr'>Patris</span> <span class='ocrx_word' id='word_1_162' title='bbox 1435 2393 1691 2472; x_wconf 88' lang='lat' dir='ltr'>Ignatii</span> <span class='ocrx_word' id='word_1_163' title='bbox 1728 2402 2038 2455; x_wconf 90' lang='lat' dir='ltr'>mentem</span> <span class='ocrx_word' id='word_1_164' title='bbox 2077 2392 2403 2473; x_wconf 88' lang='lat' dir='ltr'>Pro-regi</span> <span class='ocrx_word' id='word_1_165' title='bbox 2440 2405 2900 2458; x_wconf 88' lang='lat' dir='ltr'>reservarunt</span> 
     </span>
     <span class='ocr_line' id='line_1_20' title="bbox 429 2499 2897 2582; baseline 0.001 -20"><span class='ocrx_word' id='word_1_166' title='bbox 429 2518 570 2562; x_wconf 91' lang='lat' dir='ltr'>rem</span> <span class='ocrx_word' id='word_1_167' title='bbox 598 2500 997 2579; x_wconf 87' lang='lat' dir='ltr'>integram;</span> <span class='ocrx_word' id='word_1_168' title='bbox 1031 2501 1180 2580; x_wconf 91' lang='lat' dir='ltr'>qui,</span> <span class='ocrx_word' id='word_1_169' title='bbox 1216 2518 1376 2562; x_wconf 91' lang='lat' dir='ltr'>cum</span> <span class='ocrx_word' id='word_1_170' title='bbox 1405 2501 1477 2562; x_wconf 91' lang='lat' dir='ltr'>in</span> <span class='ocrx_word' id='word_1_171' title='bbox 1506 2499 1829 2563; x_wconf 87' lang='lat' dir='ltr'>Africam</span> <span class='ocrx_word' id='word_1_172' title='bbox 1851 2499 2441 2581; x_wconf 89' lang='lat' dir='ltr'>proficisceretur,</span> <span class='ocrx_word' id='word_1_173' title='bbox 2476 2520 2568 2564; x_wconf 84' lang='lat' dir='ltr'>ex</span> <span class='ocrx_word' id='word_1_174' title='bbox 2590 2502 2897 2582; x_wconf 88' lang='lat' dir='ltr'>quadam</span> 
     </span>
     <span class='ocr_line' id='line_1_21' title="bbox 431 2606 2897 2688; baseline 0.002 -20"><span class='ocrx_word' id='word_1_175' title='bbox 431 2606 650 2670; x_wconf 90' lang='lat' dir='ltr'>insula</span> <span class='ocrx_word' id='word_1_176' title='bbox 690 2607 974 2687; x_wconf 90' lang='lat' dir='ltr'>scripsit</span> <span class='ocrx_word' id='word_1_177' title='bbox 1007 2615 1081 2669; x_wconf 90' lang='lat' dir='ltr'>ut</span> <span class='ocrx_word' id='word_1_178' title='bbox 1103 2626 1144 2670; x_wconf 87' lang='lat' dir='ltr'>a</span> <span class='ocrx_word' id='word_1_179' title='bbox 1171 2607 1462 2669; x_wconf 86' lang='lat' dir='ltr'>civitate</span> <span class='ocrx_word' id='word_1_180' title='bbox 1488 2608 1676 2687; x_wconf 89' lang='lat' dir='ltr'>quod</span> <span class='ocrx_word' id='word_1_181' title='bbox 1698 2616 1988 2686; x_wconf 89' lang='lat' dir='ltr'>possent</span> <span class='ocrx_word' id='word_1_182' title='bbox 2013 2617 2548 2688; x_wconf 82' lang='lat' dir='ltr'>extorquerent,</span> <span class='ocrx_word' id='word_1_183' title='bbox 2578 2609 2703 2672; x_wconf 90' lang='lat' dir='ltr'>sed</span> <span class='ocrx_word' id='word_1_184' title='bbox 2726 2610 2897 2672; x_wconf 89' lang='lat' dir='ltr'>nihil</span> 
     </span>
     <span class='ocr_line' id='line_1_22' title="bbox 431 2713 1148 2795; baseline 0.003 -20"><span class='ocrx_word' id='word_1_185' title='bbox 431 2714 556 2793; x_wconf 87' lang='lat' dir='ltr'>ipsi</span> <span class='ocrx_word' id='word_1_186' title='bbox 582 2715 1080 2795; x_wconf 86' lang='lat' dir='ltr'>permitterent</span> <span class='ocrx_word' id='word_1_187' title='bbox 1109 2713 1148 2777; x_wconf 89' lang='lat'>¹.</span> 
     </span>
    </p>
   </div>
   <div class='ocr_carea' id='block_1_3' title="bbox 426 2879 2905 4717">
    <p class='ocr_par' dir='ltr' id='par_1_3' title="bbox 426 2879 2905 4717">
     <span class='ocr_line' id='line_1_23' title="bbox 503 2879 2899 2938; baseline 0.003 -15"><span class='ocrx_word' id='word_1_188' title='bbox 503 2881 520 2911; x_wconf 88' lang='lat'>¹</span> <span class='ocrx_word' id='word_1_189' title='bbox 575 2879 854 2934; x_wconf 83' lang='lat' dir='ltr'>Polancus,</span> <span class='ocrx_word' id='word_1_190' title='bbox 873 2893 939 2925; x_wconf 83' lang='lat' dir='ltr'>ex</span> <span class='ocrx_word' id='word_1_191' title='bbox 960 2883 1352 2934; x_wconf 82' lang='lat' dir='ltr'>commissione,</span> <span class='ocrx_word' id='word_1_192' title='bbox 1367 2882 1513 2925; x_wconf 89' lang='lat' dir='ltr'>Patri</span> <span class='ocrx_word' id='word_1_193' title='bbox 1532 2882 1849 2938; x_wconf 70' lang='lat' dir='ltr'>Hieronymo</span> <span class='ocrx_word' id='word_1_194' title='bbox 1871 2882 2062 2934; x_wconf 86' lang='lat' dir='ltr'>Natali,</span> <span class='ocrx_word' id='word_1_195' title='bbox 2094 2884 2155 2926; x_wconf 89' lang='lat' dir='ltr'>de</span> <span class='ocrx_word' id='word_1_196' title='bbox 2178 2884 2539 2928; x_wconf 86' lang='lat' dir='ltr'>Universitate</span> <span class='ocrx_word' id='word_1_197' title='bbox 2564 2885 2899 2936; x_wconf 84' lang='lat' dir='ltr'>Messanensi.</span> 
     </span>
     <span class='ocr_line' id='line_1_24' title="bbox 426 2950 2905 3008; baseline 0.003 -16"><span class='ocrx_word' id='word_1_198' title='bbox 426 2951 485 2992; x_wconf 86' lang='lat' dir='ltr'>de</span> <span class='ocrx_word' id='word_1_199' title='bbox 506 2950 764 3005; x_wconf 81' lang='lat' dir='ltr'>Sbraudo,</span> <span class='ocrx_word' id='word_1_200' title='bbox 787 2953 848 2995; x_wconf 90' lang='lat' dir='ltr'>de</span> <span class='ocrx_word' id='word_1_201' title='bbox 868 2953 930 2996; x_wconf 85' lang='lat' dir='ltr'>iis</span> <span class='ocrx_word' id='word_1_202' title='bbox 946 2953 1033 3007; x_wconf 87' lang='lat' dir='ltr'>qui</span> <span class='ocrx_word' id='word_1_203' title='bbox 1056 2964 1086 2995; x_wconf 89' lang='lat' dir='ltr'>a</span> <span class='ocrx_word' id='word_1_204' title='bbox 1108 2952 1369 2996; x_wconf 87' lang='lat' dir='ltr'>Societate</span> <span class='ocrx_word' id='word_1_205' title='bbox 1391 2953 1456 2996; x_wconf 88' lang='lat' dir='ltr'>ad</span> <span class='ocrx_word' id='word_1_206' title='bbox 1477 2952 1610 2996; x_wconf 85' lang='lat' dir='ltr'>alias</span> <span class='ocrx_word' id='word_1_207' title='bbox 1630 2952 1909 3005; x_wconf 81' lang='lat' dir='ltr'>religiones</span> <span class='ocrx_word' id='word_1_208' title='bbox 1932 2953 2155 2996; x_wconf 87' lang='lat' dir='ltr'>transire</span> <span class='ocrx_word' id='word_1_209' title='bbox 2174 2954 2409 3008; x_wconf 77' lang='lat' dir='ltr'>cupiant,</span> <span class='ocrx_word' id='word_1_210' title='bbox 2433 2955 2495 2997; x_wconf 91' lang='lat' dir='ltr'>de</span> <span class='ocrx_word' id='word_1_211' title='bbox 2518 2954 2667 2998; x_wconf 87' lang='lat' dir='ltr'>Bulla</span> <span class='ocrx_word' id='word_1_212' title='bbox 2689 2956 2738 2998; x_wconf 89' lang='lat' dir='ltr'>in</span> <span class='ocrx_word' id='word_1_213' title='bbox 2760 2956 2811 2999; x_wconf 81' lang='lat' dir='ltr'>fa</span> <span class='ocrx_word' id='word_1_214' title='bbox 2821 2967 2905 2999; x_wconf 80' lang='lat' dir='ltr'>vo·</span> 
     </span>
     <span class='ocr_line' id='line_1_25' title="bbox 431 3023 2903 3082; baseline 0.003 -19"><span class='ocrx_word' id='word_1_215' title='bbox 431 3035 529 3067; x_wconf 79' lang='lat' dir='ltr'>rem</span> <span class='ocrx_word' id='word_1_216' title='bbox 547 3024 931 3068; x_wconf 80' lang='lat' dir='ltr'>Universitatis</span> <span class='ocrx_word' id='word_1_217' title='bbox 953 3024 1294 3068; x_wconf 85' lang='lat' dir='ltr'>Messanensis</span> <span class='ocrx_word' id='word_1_218' title='bbox 1318 3025 1614 3078; x_wconf 86' lang='lat' dir='ltr'>impetrata,</span> <span class='ocrx_word' id='word_1_219' title='bbox 1647 3024 1707 3067; x_wconf 92' lang='lat' dir='ltr'>de</span> <span class='ocrx_word' id='word_1_220' title='bbox 1744 3023 1891 3067; x_wconf 87' lang='lat' dir='ltr'>libris</span> <span class='ocrx_word' id='word_1_221' title='bbox 1911 3036 2038 3078; x_wconf 90' lang='lat' dir='ltr'>quos</span> <span class='ocrx_word' id='word_1_222' title='bbox 2062 3026 2300 3070; x_wconf 83' lang='lat' dir='ltr'>Andreas</span> <span class='ocrx_word' id='word_1_223' title='bbox 2323 3026 2539 3070; x_wconf 88' lang='lat' dir='ltr'>Frusius</span> <span class='ocrx_word' id='word_1_224' title='bbox 2561 3030 2855 3082; x_wconf 84' lang='lat' dir='ltr'>expetebat,</span> <span class='ocrx_word' id='word_1_225' title='bbox 2875 3029 2903 3071; x_wconf 77' lang='grc'>4</span> 
     </span>
     <span class='ocr_line' id='line_1_26' title="bbox 429 3092 2903 3152; baseline 0.002 -17"><span class='ocrx_word' id='word_1_226' title='bbox 429 3092 674 3143; x_wconf 75' lang='lat' dir='ltr'>januarii.</span> <span class='ocrx_word' id='word_1_227' title='bbox 701 3094 934 3148; x_wconf 79' lang='lat' dir='ltr'>ignatius</span> <span class='ocrx_word' id='word_1_228' title='bbox 955 3095 1189 3139; x_wconf 89' lang='lat' dir='ltr'>Sbrando</span> <span class='ocrx_word' id='word_1_229' title='bbox 1211 3096 1256 3138; x_wconf 89' lang='lat' dir='ltr'>ei</span> <span class='ocrx_word' id='word_1_230' title='bbox 1284 3097 1511 3138; x_wconf 88' lang='lat' dir='ltr'>animum</span> <span class='ocrx_word' id='word_1_231' title='bbox 1535 3093 1771 3148; x_wconf 85' lang='lat' dir='ltr'>injiciens</span> <span class='ocrx_word' id='word_1_232' title='bbox 1797 3100 1854 3136; x_wconf 92' lang='lat' dir='ltr'>ut</span> <span class='ocrx_word' id='word_1_233' title='bbox 1882 3094 2009 3137; x_wconf 91' lang='lat' dir='ltr'>bene</span> <span class='ocrx_word' id='word_1_234' title='bbox 2037 3095 2086 3138; x_wconf 91' lang='lat' dir='ltr'>in</span> <span class='ocrx_word' id='word_1_235' title='bbox 2109 3096 2340 3139; x_wconf 89' lang='lat' dir='ltr'>omnibus</span> <span class='ocrx_word' id='word_1_236' title='bbox 2361 3098 2454 3139; x_wconf 89' lang='lat' dir='ltr'>sub</span> <span class='ocrx_word' id='word_1_237' title='bbox 2476 3097 2770 3140; x_wconf 84' lang='lat' dir='ltr'>obedientia</span> <span class='ocrx_word' id='word_1_238' title='bbox 2790 3108 2903 3152; x_wconf 83' lang='lat' dir='ltr'>pro-</span> 
     </span>
     <span class='ocr_line' id='line_1_27' title="bbox 429 3166 2902 3220; baseline 0.003 -14"><span class='ocrx_word' id='word_1_239' title='bbox 429 3167 585 3218; x_wconf 83' lang='lat' dir='ltr'>cedat,</span> <span class='ocrx_word' id='word_1_240' title='bbox 617 3167 808 3210; x_wconf 82' lang='lat' dir='ltr'>eadem</span> <span class='ocrx_word' id='word_1_241' title='bbox 827 3167 924 3210; x_wconf 88' lang='lat' dir='ltr'>die.</span> <span class='ocrx_word' id='word_1_242' title='bbox 947 3166 1089 3211; x_wconf 89' lang='lat' dir='ltr'>Idem</span> <span class='ocrx_word' id='word_1_243' title='bbox 1109 3167 1302 3220; x_wconf 86' lang='lat' dir='ltr'>Natali,</span> <span class='ocrx_word' id='word_1_244' title='bbox 1336 3167 1397 3210; x_wconf 91' lang='lat' dir='ltr'>de</span> <span class='ocrx_word' id='word_1_245' title='bbox 1429 3167 1668 3210; x_wconf 83' lang='lat' dir='ltr'>articulis</span> <span class='ocrx_word' id='word_1_246' title='bbox 1696 3178 1785 3209; x_wconf 87' lang='lat' dir='ltr'>seu</span> <span class='ocrx_word' id='word_1_247' title='bbox 1816 3166 2194 3211; x_wconf 82' lang='lat' dir='ltr'>conditionibus</span> <span class='ocrx_word' id='word_1_248' title='bbox 2223 3168 2496 3211; x_wconf 84' lang='lat' dir='ltr'>erectionis</span> <span class='ocrx_word' id='word_1_249' title='bbox 2528 3168 2902 3213; x_wconf 86' lang='lat' dir='ltr'>Universitatis</span> 
     </span>
     <span class='ocr_line' id='line_1_28' title="bbox 426 3237 2897 3293; baseline 0.001 -12"><span class='ocrx_word' id='word_1_250' title='bbox 426 3237 786 3290; x_wconf 64' lang='lat' dir='ltr'>Hemnensis,</span> <span class='ocrx_word' id='word_1_251' title='bbox 808 3239 868 3280; x_wconf 91' lang='lat' dir='ltr'>de</span> <span class='ocrx_word' id='word_1_252' title='bbox 893 3237 1122 3291; x_wconf 84' lang='lat' dir='ltr'>Collegio</span> <span class='ocrx_word' id='word_1_253' title='bbox 1153 3244 1446 3282; x_wconf 85' lang='lat' dir='ltr'>nostrorum</span> <span class='ocrx_word' id='word_1_254' title='bbox 1479 3237 1763 3292; x_wconf 87' lang='lat' dir='ltr'>separatim</span> <span class='ocrx_word' id='word_1_255' title='bbox 1795 3240 1861 3281; x_wconf 81' lang='lat' dir='ltr'>ab</span> <span class='ocrx_word' id='word_1_256' title='bbox 1894 3237 2253 3282; x_wconf 85' lang='lat' dir='ltr'>Universitate</span> <span class='ocrx_word' id='word_1_257' title='bbox 2284 3239 2543 3293; x_wconf 84' lang='lat' dir='ltr'>erigendo,</span> <span class='ocrx_word' id='word_1_258' title='bbox 2577 3241 2623 3282; x_wconf 98' lang='grc'>11</span> <span class='ocrx_word' id='word_1_259' title='bbox 2646 3239 2897 3291; x_wconf 89' lang='lat' dir='ltr'>Januarii.</span> 
     </span>
     <span class='ocr_line' id='line_1_29' title="bbox 430 3309 2896 3364; baseline 0.002 -14"><span class='ocrx_word' id='word_1_260' title='bbox 430 3309 560 3353; x_wconf 84' lang='lat' dir='ltr'>Idem</span> <span class='ocrx_word' id='word_1_261' title='bbox 579 3310 753 3353; x_wconf 81' lang='lat' dir='ltr'>eidem</span> <span class='ocrx_word' id='word_1_262' title='bbox 772 3310 1022 3353; x_wconf 87' lang='lat' dir='ltr'>articulos</span> <span class='ocrx_word' id='word_1_263' title='bbox 1041 3321 1135 3363; x_wconf 86' lang='lat' dir='ltr'>pro</span> <span class='ocrx_word' id='word_1_264' title='bbox 1156 3309 1517 3353; x_wconf 85' lang='lat' dir='ltr'>Universitate</span> <span class='ocrx_word' id='word_1_265' title='bbox 1539 3309 1831 3363; x_wconf 86' lang='lat' dir='ltr'>propositos</span> <span class='ocrx_word' id='word_1_266' title='bbox 1854 3320 1953 3352; x_wconf 91' lang='lat' dir='ltr'>non</span> <span class='ocrx_word' id='word_1_267' title='bbox 1974 3310 2249 3353; x_wconf 84' lang='lat' dir='ltr'>convenire</span> <span class='ocrx_word' id='word_1_268' title='bbox 2272 3310 2550 3354; x_wconf 83' lang='lat' dir='ltr'>Societatis</span> <span class='ocrx_word' id='word_1_269' title='bbox 2571 3309 2824 3364; x_wconf 83' lang='lat' dir='ltr'>instituto,</span> <span class='ocrx_word' id='word_1_270' title='bbox 2844 3318 2896 3355; x_wconf 90' lang='lat' dir='ltr'>et</span> 
     </span>
     <span class='ocr_line' id='line_1_30' title="bbox 430 3378 2900 3435; baseline 0.003 -15"><span class='ocrx_word' id='word_1_271' title='bbox 430 3379 486 3420; x_wconf 88' lang='lat' dir='ltr'>de</span> <span class='ocrx_word' id='word_1_272' title='bbox 506 3379 741 3434; x_wconf 83' lang='lat' dir='ltr'>collegio</span> <span class='ocrx_word' id='word_1_273' title='bbox 761 3385 813 3422; x_wconf 91' lang='lat' dir='ltr'>et</span> <span class='ocrx_word' id='word_1_274' title='bbox 834 3380 984 3422; x_wconf 88' lang='lat' dir='ltr'>domo</span> <span class='ocrx_word' id='word_1_275' title='bbox 1005 3381 1267 3434; x_wconf 84' lang='lat' dir='ltr'>separatis</span> <span class='ocrx_word' id='word_1_276' title='bbox 1289 3380 1563 3434; x_wconf 80' lang='lat' dir='ltr'>erigendis,</span> <span class='ocrx_word' id='word_1_277' title='bbox 1585 3379 1640 3422; x_wconf 87' lang='grc'>25</span> <span class='ocrx_word' id='word_1_278' title='bbox 1657 3378 1911 3431; x_wconf 77' lang='lat' dir='ltr'>januarii.</span> <span class='ocrx_word' id='word_1_279' title='bbox 1945 3379 2090 3423; x_wconf 89' lang='lat' dir='ltr'>Idem</span> <span class='ocrx_word' id='word_1_280' title='bbox 2124 3382 2305 3433; x_wconf 84' lang='lat' dir='ltr'>eidem,</span> <span class='ocrx_word' id='word_1_281' title='bbox 2342 3382 2402 3424; x_wconf 91' lang='lat' dir='ltr'>de</span> <span class='ocrx_word' id='word_1_282' title='bbox 2438 3382 2656 3435; x_wconf 83' lang='lat' dir='ltr'>collegio</span> <span class='ocrx_word' id='word_1_283' title='bbox 2691 3389 2743 3425; x_wconf 92' lang='lat' dir='ltr'>et</span> <span class='ocrx_word' id='word_1_284' title='bbox 2778 3382 2900 3427; x_wconf 91' lang='lat' dir='ltr'>Uni·</span> 
     </span>
     <span class='ocr_line' id='line_1_31' title="bbox 433 3451 2898 3509; baseline 0.004 -18"><span class='ocrx_word' id='word_1_285' title='bbox 433 3451 701 3502; x_wconf 76' lang='lat' dir='ltr'>versitate,</span> <span class='ocrx_word' id='word_1_286' title='bbox 725 3451 787 3493; x_wconf 90' lang='lat' dir='ltr'>de</span> <span class='ocrx_word' id='word_1_287' title='bbox 817 3462 1028 3494; x_wconf 89' lang='lat' dir='ltr'>numero</span> <span class='ocrx_word' id='word_1_288' title='bbox 1048 3457 1100 3494; x_wconf 91' lang='lat' dir='ltr'>et</span> <span class='ocrx_word' id='word_1_289' title='bbox 1124 3451 1450 3494; x_wconf 91' lang='lat' dir='ltr'>distinctione</span> <span class='ocrx_word' id='word_1_290' title='bbox 1474 3453 1724 3495; x_wconf 85' lang='lat' dir='ltr'>lectorum</span> <span class='ocrx_word' id='word_1_291' title='bbox 1748 3458 1856 3495; x_wconf 88' lang='lat' dir='ltr'>tam</span> <span class='ocrx_word' id='word_1_292' title='bbox 1877 3452 1928 3495; x_wconf 90' lang='lat' dir='ltr'>in</span> <span class='ocrx_word' id='word_1_293' title='bbox 1950 3452 2230 3507; x_wconf 78' lang='lat' dir='ltr'>theologia,</span> <span class='ocrx_word' id='word_1_294' title='bbox 2254 3465 2407 3507; x_wconf 87' lang='lat' dir='ltr'>quam</span> <span class='ocrx_word' id='word_1_295' title='bbox 2428 3454 2478 3497; x_wconf 88' lang='lat' dir='ltr'>in</span> <span class='ocrx_word' id='word_1_296' title='bbox 2497 3454 2824 3509; x_wconf 84' lang='lat' dir='ltr'>philosophia</span> <span class='ocrx_word' id='word_1_297' title='bbox 2848 3462 2898 3500; x_wconf 87' lang='lat' dir='ltr'>et</span> 
     </span>
     <span class='ocr_line' id='line_1_32' title="bbox 433 3521 2902 3581; baseline 0.003 -18"><span class='ocrx_word' id='word_1_298' title='bbox 433 3522 814 3566; x_wconf 70' lang='lat' dir='ltr'>humanioribus</span> <span class='ocrx_word' id='word_1_299' title='bbox 846 3523 1055 3575; x_wconf 83' lang='lat' dir='ltr'>litteris,</span> <span class='ocrx_word' id='word_1_300' title='bbox 1079 3523 1139 3565; x_wconf 90' lang='lat' dir='ltr'>de</span> <span class='ocrx_word' id='word_1_301' title='bbox 1164 3522 1400 3566; x_wconf 88' lang='lat' dir='ltr'>Rectoris</span> <span class='ocrx_word' id='word_1_302' title='bbox 1420 3529 1473 3566; x_wconf 91' lang='lat' dir='ltr'>et</span> <span class='ocrx_word' id='word_1_303' title='bbox 1495 3521 1805 3566; x_wconf 80' lang='lat' dir='ltr'>cancellarii</span> <span class='ocrx_word' id='word_1_304' title='bbox 1829 3523 2020 3571; x_wconf 85' lang='lat' dir='ltr'>officio.</span> <span class='ocrx_word' id='word_1_305' title='bbox 2041 3526 2371 3578; x_wconf 87' lang='lat' dir='ltr'>auctoritate,</span> <span class='ocrx_word' id='word_1_306' title='bbox 2401 3526 2691 3579; x_wconf 83' lang='lat' dir='ltr'>praesidiis,</span> <span class='ocrx_word' id='word_1_307' title='bbox 2725 3534 2843 3581; x_wconf 66' lang='lat' dir='ltr'>etc„</span> <span class='ocrx_word' id='word_1_308' title='bbox 2874 3529 2902 3570; x_wconf 86' lang='grc'><strong>8</strong></span> 
     </span>
     <span class='ocr_line' id='line_1_33' title="bbox 435 3591 2901 3652; baseline 0.003 -18"><span class='ocrx_word' id='word_1_309' title='bbox 435 3591 718 3637; x_wconf 75' lang='lat' dir='ltr'>Februarii.</span> <span class='ocrx_word' id='word_1_310' title='bbox 738 3592 881 3636; x_wconf 88' lang='lat' dir='ltr'>Idem</span> <span class='ocrx_word' id='word_1_311' title='bbox 902 3593 1085 3644; x_wconf 89' lang='lat' dir='ltr'>eidem,</span> <span class='ocrx_word' id='word_1_312' title='bbox 1107 3594 1168 3636; x_wconf 88' lang='lat' dir='ltr'>de</span> <span class='ocrx_word' id='word_1_313' title='bbox 1195 3594 1476 3637; x_wconf 82' lang='lat' dir='ltr'>liberandis</span> <span class='ocrx_word' id='word_1_314' title='bbox 1492 3605 1518 3636; x_wconf 89' lang='lat' dir='ltr'>e</span> <span class='ocrx_word' id='word_1_315' title='bbox 1537 3604 1747 3637; x_wconf 87' lang='lat' dir='ltr'>carcere</span> <span class='ocrx_word' id='word_1_316' title='bbox 1771 3594 2181 3638; x_wconf 81' lang='lat' dir='ltr'>Messanensibus</span> <span class='ocrx_word' id='word_1_317' title='bbox 2201 3595 2399 3648; x_wconf 85' lang='lat' dir='ltr'>Juratis</span> <span class='ocrx_word' id='word_1_318' title='bbox 2415 3607 2447 3639; x_wconf 88' lang='lat' dir='ltr'>a</span> <span class='ocrx_word' id='word_1_319' title='bbox 2463 3596 2656 3649; x_wconf 89' lang='lat' dir='ltr'>Joanne</span> <span class='ocrx_word' id='word_1_320' title='bbox 2673 3599 2734 3641; x_wconf 88' lang='lat' dir='ltr'>de</span> <span class='ocrx_word' id='word_1_321' title='bbox 2751 3598 2901 3652; x_wconf 80' lang='lat' dir='ltr'>Vega</span> 
     </span>
     <span class='ocr_line' id='line_1_34' title="bbox 433 3663 2901 3723; baseline 0.002 -16"><span class='ocrx_word' id='word_1_322' title='bbox 433 3665 478 3706; x_wconf 90' lang='lat' dir='ltr'>in</span> <span class='ocrx_word' id='word_1_323' title='bbox 503 3676 765 3708; x_wconf 80' lang='lat' dir='ltr'>carcerem</span> <span class='ocrx_word' id='word_1_324' title='bbox 787 3665 1057 3719; x_wconf 86' lang='lat' dir='ltr'>conjectis.</span> <span class='ocrx_word' id='word_1_325' title='bbox 1082 3665 1110 3707; x_wconf 83' lang='lat'>8</span> <span class='ocrx_word' id='word_1_326' title='bbox 1141 3664 1332 3708; x_wconf 87' lang='lat' dir='ltr'>Martii.</span> <span class='ocrx_word' id='word_1_327' title='bbox 1358 3663 1499 3709; x_wconf 87' lang='lat' dir='ltr'>Idem</span> <span class='ocrx_word' id='word_1_328' title='bbox 1518 3664 1684 3708; x_wconf 89' lang='lat' dir='ltr'>eidem</span> <span class='ocrx_word' id='word_1_329' title='bbox 1704 3666 1765 3708; x_wconf 88' lang='lat' dir='ltr'>de</span> <span class='ocrx_word' id='word_1_330' title='bbox 1789 3665 2163 3709; x_wconf 85' lang='lat' dir='ltr'>Universitatis</span> <span class='ocrx_word' id='word_1_331' title='bbox 2183 3667 2556 3719; x_wconf 81' lang='lat' dir='ltr'>gubernatione</span> <span class='ocrx_word' id='word_1_332' title='bbox 2587 3669 2719 3723; x_wconf 87' lang='lat' dir='ltr'>quod</span> <span class='ocrx_word' id='word_1_333' title='bbox 2739 3675 2901 3714; x_wconf 84' lang='lat' dir='ltr'>statu-</span> 
     </span>
     <span class='ocr_line' id='line_1_35' title="bbox 433 3735 2896 3793; baseline 0.003 -16"><span class='ocrx_word' id='word_1_334' title='bbox 433 3743 532 3778; x_wconf 87' lang='lat' dir='ltr'>tum</span> <span class='ocrx_word' id='word_1_335' title='bbox 552 3738 699 3788; x_wconf 76' lang='lat' dir='ltr'>velit,</span> <span class='ocrx_word' id='word_1_336' title='bbox 723 3742 782 3779; x_wconf 88' lang='lat' dir='ltr'>ut</span> <span class='ocrx_word' id='word_1_337' title='bbox 803 3735 1009 3790; x_wconf 78' lang='lat' dir='ltr'>Ignatio</span> <span class='ocrx_word' id='word_1_338' title='bbox 1030 3737 1083 3779; x_wconf 91' lang='lat' dir='ltr'>in</span> <span class='ocrx_word' id='word_1_339' title='bbox 1102 3736 1314 3790; x_wconf 86' lang='lat' dir='ltr'>scriptis</span> <span class='ocrx_word' id='word_1_340' title='bbox 1346 3737 1560 3789; x_wconf 81' lang='lat' dir='ltr'>referat,</span> <span class='ocrx_word' id='word_1_341' title='bbox 1597 3737 1739 3792; x_wconf 87' lang='lat' dir='ltr'>cujus</span> <span class='ocrx_word' id='word_1_342' title='bbox 1764 3737 1957 3791; x_wconf 78' lang='lat' dir='ltr'>judicio</span> <span class='ocrx_word' id='word_1_343' title='bbox 1992 3738 2181 3781; x_wconf 84' lang='lat' dir='ltr'>similia</span> <span class='ocrx_word' id='word_1_344' title='bbox 2211 3745 2566 3793; x_wconf 85' lang='lat' dir='ltr'>reservantur;</span> <span class='ocrx_word' id='word_1_345' title='bbox 2590 3741 2713 3784; x_wconf 89' lang='lat' dir='ltr'>item</span> <span class='ocrx_word' id='word_1_346' title='bbox 2734 3741 2793 3783; x_wconf 89' lang='lat' dir='ltr'>de</span> <span class='ocrx_word' id='word_1_347' title='bbox 2817 3742 2896 3792; x_wconf 88' lang='lat' dir='ltr'>iis,</span> 
     </span>
     <span class='ocr_line' id='line_1_36' title="bbox 432 3807 2899 3866; baseline 0.002 -16"><span class='ocrx_word' id='word_1_348' title='bbox 432 3810 512 3860; x_wconf 87' lang='lat' dir='ltr'>qui</span> <span class='ocrx_word' id='word_1_349' title='bbox 531 3809 596 3851; x_wconf 75' lang='lat' dir='ltr'>ad</span> <span class='ocrx_word' id='word_1_350' title='bbox 613 3809 812 3861; x_wconf 78' lang='lat' dir='ltr'>gradus</span> <span class='ocrx_word' id='word_1_351' title='bbox 831 3809 882 3851; x_wconf 90' lang='lat' dir='ltr'>in</span> <span class='ocrx_word' id='word_1_352' title='bbox 913 3807 1271 3851; x_wconf 81' lang='lat' dir='ltr'>Universitate</span> <span class='ocrx_word' id='word_1_353' title='bbox 1294 3808 1645 3863; x_wconf 85' lang='lat' dir='ltr'>suscipiendos</span> <span class='ocrx_word' id='word_1_354' title='bbox 1666 3809 2024 3862; x_wconf 84' lang='lat' dir='ltr'>admittentur,</span> <span class='ocrx_word' id='word_1_355' title='bbox 2048 3810 2096 3852; x_wconf 96' lang='grc'>11</span> <span class='ocrx_word' id='word_1_356' title='bbox 2124 3809 2263 3854; x_wconf 85' lang='lat' dir='ltr'>Maii.</span> <span class='ocrx_word' id='word_1_357' title='bbox 2285 3809 2427 3853; x_wconf 87' lang='lat' dir='ltr'>Idem</span> <span class='ocrx_word' id='word_1_358' title='bbox 2446 3811 2627 3864; x_wconf 89' lang='lat' dir='ltr'>Joanni</span> <span class='ocrx_word' id='word_1_359' title='bbox 2648 3813 2710 3855; x_wconf 88' lang='lat' dir='ltr'>de</span> <span class='ocrx_word' id='word_1_360' title='bbox 2734 3812 2899 3866; x_wconf 78' lang='lat' dir='ltr'>Vega,</span> 
     </span>
     <span class='ocr_line' id='line_1_37' title="bbox 437 3877 2902 3938; baseline 0.003 -20"><span class='ocrx_word' id='word_1_361' title='bbox 437 3878 492 3920; x_wconf 87' lang='lat' dir='ltr'>dc</span> <span class='ocrx_word' id='word_1_362' title='bbox 525 3879 778 3921; x_wconf 87' lang='lat' dir='ltr'>reditibus</span> <span class='ocrx_word' id='word_1_363' title='bbox 811 3877 1158 3922; x_wconf 84' lang='lat' dir='ltr'>Universitati</span> <span class='ocrx_word' id='word_1_364' title='bbox 1194 3879 1491 3932; x_wconf 80' lang='lat' dir='ltr'>assignatis.</span> <span class='ocrx_word' id='word_1_365' title='bbox 1528 3879 1578 3920; x_wconf 89' lang='grc'>17</span> <span class='ocrx_word' id='word_1_366' title='bbox 1612 3877 1750 3922; x_wconf 77' lang='lat' dir='ltr'>Maii,</span> <span class='ocrx_word' id='word_1_367' title='bbox 1785 3878 1927 3922; x_wconf 87' lang='lat' dir='ltr'>Idem</span> <span class='ocrx_word' id='word_1_368' title='bbox 1961 3879 2105 3922; x_wconf 88' lang='lat' dir='ltr'>Patri</span> <span class='ocrx_word' id='word_1_369' title='bbox 2142 3880 2458 3938; x_wconf 84' lang='lat' dir='ltr'>Hieronymo</span> <span class='ocrx_word' id='word_1_370' title='bbox 2493 3881 2687 3935; x_wconf 85' lang='lat' dir='ltr'>Natali,</span> <span class='ocrx_word' id='word_1_371' title='bbox 2724 3883 2785 3925; x_wconf 89' lang='lat' dir='ltr'>de</span> <span class='ocrx_word' id='word_1_372' title='bbox 2813 3882 2902 3926; x_wconf 88' lang='lat' dir='ltr'>mi·</span> 
     </span>
     <span class='ocr_line' id='line_1_38' title="bbox 436 3949 2901 4007; baseline 0.003 -18"><span class='ocrx_word' id='word_1_373' title='bbox 436 3950 620 3992; x_wconf 85' lang='lat' dir='ltr'>nuendo</span> <span class='ocrx_word' id='word_1_374' title='bbox 643 3952 895 3993; x_wconf 87' lang='lat' dir='ltr'>lectorum</span> <span class='ocrx_word' id='word_1_375' title='bbox 920 3960 1133 3992; x_wconf 87' lang='lat' dir='ltr'>numero</span> <span class='ocrx_word' id='word_1_376' title='bbox 1155 3950 1204 3993; x_wconf 90' lang='lat' dir='ltr'>in</span> <span class='ocrx_word' id='word_1_377' title='bbox 1227 3949 1601 4000; x_wconf 78' lang='lat' dir='ltr'>Universitate‚</span> <span class='ocrx_word' id='word_1_378' title='bbox 1624 3950 1685 3992; x_wconf 87' lang='lat' dir='ltr'>de</span> <span class='ocrx_word' id='word_1_379' title='bbox 1710 3949 2173 3994; x_wconf 78' lang='lat' dir='ltr'>constitutionibus</span> <span class='ocrx_word' id='word_1_380' title='bbox 2197 3951 2541 4007; x_wconf 83' lang='lat' dir='ltr'>Collegiorum</span> <span class='ocrx_word' id='word_1_381' title='bbox 2562 3959 2613 3996; x_wconf 91' lang='lat' dir='ltr'>et</span> <span class='ocrx_word' id='word_1_382' title='bbox 2635 3953 2901 3997; x_wconf 84' lang='lat' dir='ltr'>Universi·</span> 
     </span>
     <span class='ocr_line' id='line_1_39' title="bbox 435 4020 2898 4078; baseline 0.003 -17"><span class='ocrx_word' id='word_1_383' title='bbox 435 4027 606 4072; x_wconf 81' lang='lat' dir='ltr'>tatum,</span> <span class='ocrx_word' id='word_1_384' title='bbox 629 4021 808 4064; x_wconf 87' lang='lat' dir='ltr'>eadem</span> <span class='ocrx_word' id='word_1_385' title='bbox 832 4021 931 4064; x_wconf 90' lang='lat' dir='ltr'>die.</span> <span class='ocrx_word' id='word_1_386' title='bbox 955 4020 1096 4064; x_wconf 90' lang='lat' dir='ltr'>Idem</span> <span class='ocrx_word' id='word_1_387' title='bbox 1118 4021 1302 4074; x_wconf 87' lang='lat' dir='ltr'>eidem,</span> <span class='ocrx_word' id='word_1_388' title='bbox 1325 4021 1386 4064; x_wconf 89' lang='lat' dir='ltr'>de</span> <span class='ocrx_word' id='word_1_389' title='bbox 1411 4021 1770 4064; x_wconf 84' lang='lat' dir='ltr'>controversia</span> <span class='ocrx_word' id='word_1_390' title='bbox 1802 4033 1916 4065; x_wconf 89' lang='lat' dir='ltr'>cum</span> <span class='ocrx_word' id='word_1_391' title='bbox 1947 4021 2361 4068; x_wconf 84' lang='lat' dir='ltr'>Messanensibus</span> <span class='ocrx_word' id='word_1_392' title='bbox 2387 4025 2577 4078; x_wconf 87' lang='lat' dir='ltr'>juratis</span> <span class='ocrx_word' id='word_1_393' title='bbox 2609 4025 2749 4067; x_wconf 88' lang='lat' dir='ltr'>circa</span> <span class='ocrx_word' id='word_1_394' title='bbox 2771 4025 2898 4069; x_wconf 78' lang='lat' dir='ltr'>divi·</span> 
     </span>
     <span class='ocr_line' id='line_1_40' title="bbox 435 4091 2901 4148; baseline 0.003 -16"><span class='ocrx_word' id='word_1_395' title='bbox 435 4091 618 4135; x_wconf 85' lang='lat' dir='ltr'>sionem</span> <span class='ocrx_word' id='word_1_396' title='bbox 636 4093 897 4135; x_wconf 88' lang='lat' dir='ltr'>redituum</span> <span class='ocrx_word' id='word_1_397' title='bbox 923 4099 973 4134; x_wconf 88' lang='lat' dir='ltr'>et</span> <span class='ocrx_word' id='word_1_398' title='bbox 991 4102 1258 4135; x_wconf 88' lang='lat' dir='ltr'>numerum</span> <span class='ocrx_word' id='word_1_399' title='bbox 1278 4093 1546 4145; x_wconf 89' lang='lat' dir='ltr'>lectorum,</span> <span class='ocrx_word' id='word_1_400' title='bbox 1567 4092 1621 4134; x_wconf 84' lang='lat'>28</span> <span class='ocrx_word' id='word_1_401' title='bbox 1639 4092 1775 4144; x_wconf 88' lang='lat' dir='ltr'>Junii</span> <span class='ocrx_word' id='word_1_402' title='bbox 1796 4098 1848 4135; x_wconf 90' lang='lat' dir='ltr'>et</span> <span class='ocrx_word' id='word_1_403' title='bbox 1872 4093 1923 4135; x_wconf 87' lang='lat'>19</span> <span class='ocrx_word' id='word_1_404' title='bbox 1941 4091 2077 4145; x_wconf 87' lang='lat' dir='ltr'>Julii.</span> <span class='ocrx_word' id='word_1_405' title='bbox 2096 4094 2238 4139; x_wconf 87' lang='lat' dir='ltr'>Idem</span> <span class='ocrx_word' id='word_1_406' title='bbox 2258 4095 2420 4138; x_wconf 83' lang='lat' dir='ltr'>eidem</span> <span class='ocrx_word' id='word_1_407' title='bbox 2454 4096 2514 4138; x_wconf 90' lang='lat' dir='ltr'>de</span> <span class='ocrx_word' id='word_1_408' title='bbox 2546 4095 2785 4148; x_wconf 87' lang='lat' dir='ltr'>capitulis</span> <span class='ocrx_word' id='word_1_409' title='bbox 2809 4107 2901 4140; x_wconf 79' lang='lat' dir='ltr'>seu</span> 
     </span>
     <span class='ocr_line' id='line_1_41' title="bbox 435 4161 2900 4218; baseline 0.003 -16"><span class='ocrx_word' id='word_1_410' title='bbox 435 4163 686 4216; x_wconf 82' lang='lat' dir='ltr'>requisitis</span> <span class='ocrx_word' id='word_1_411' title='bbox 706 4171 762 4206; x_wconf 88' lang='lat' dir='ltr'>ut</span> <span class='ocrx_word' id='word_1_412' title='bbox 787 4161 1027 4206; x_wconf 84' lang='lat' dir='ltr'>Societas</span> <span class='ocrx_word' id='word_1_413' title='bbox 1057 4162 1432 4207; x_wconf 86' lang='lat' dir='ltr'>Universitatis</span> <span class='ocrx_word' id='word_1_414' title='bbox 1466 4174 1645 4207; x_wconf 86' lang='lat' dir='ltr'>curam</span> <span class='ocrx_word' id='word_1_415' title='bbox 1679 4164 1944 4217; x_wconf 85' lang='lat' dir='ltr'>suscipiat,</span> <span class='ocrx_word' id='word_1_416' title='bbox 1981 4171 2031 4208; x_wconf 89' lang='lat' dir='ltr'>ct</span> <span class='ocrx_word' id='word_1_417' title='bbox 2061 4166 2123 4208; x_wconf 91' lang='lat' dir='ltr'>de</span> <span class='ocrx_word' id='word_1_418' title='bbox 2160 4167 2410 4209; x_wconf 88' lang='lat' dir='ltr'>lectorum</span> <span class='ocrx_word' id='word_1_419' title='bbox 2445 4178 2671 4218; x_wconf 89' lang='lat' dir='ltr'>numero,</span> <span class='ocrx_word' id='word_1_420' title='bbox 2710 4166 2761 4208; x_wconf 90' lang='grc'>16</span> <span class='ocrx_word' id='word_1_421' title='bbox 2795 4167 2900 4210; x_wconf 88' lang='lat' dir='ltr'>Au-</span> 
     </span>
     <span class='ocr_line' id='line_1_42' title="bbox 437 4234 2901 4288; baseline 0.002 -12"><span class='ocrx_word' id='word_1_422' title='bbox 437 4234 588 4286; x_wconf 60' lang='lat' dir='ltr'>gustu</span> <span class='ocrx_word' id='word_1_423' title='bbox 620 4246 685 4277; x_wconf 87' lang='lat' dir='ltr'>ne</span> <span class='ocrx_word' id='word_1_424' title='bbox 715 4237 893 4287; x_wconf 83' lang='lat' dir='ltr'>plures</span> <span class='ocrx_word' id='word_1_425' title='bbox 928 4245 1080 4288; x_wconf 88' lang='lat' dir='ltr'>quam</span> <span class='ocrx_word' id='word_1_426' title='bbox 1115 4241 1233 4278; x_wconf 91' lang='lat' dir='ltr'>octo</span> <span class='ocrx_word' id='word_1_427' title='bbox 1268 4236 1492 4278; x_wconf 87' lang='lat' dir='ltr'>lectores</span> <span class='ocrx_word' id='word_1_428' title='bbox 1522 4234 1869 4279; x_wconf 82' lang='lat' dir='ltr'>Universitati</span> <span class='ocrx_word' id='word_1_429' title='bbox 1904 4237 2168 4287; x_wconf 84' lang='lat' dir='ltr'>concedat.</span> <span class='ocrx_word' id='word_1_430' title='bbox 2205 4245 2257 4280; x_wconf 90' lang='lat' dir='ltr'>et</span> <span class='ocrx_word' id='word_1_431' title='bbox 2285 4243 2342 4281; x_wconf 92' lang='lat' dir='ltr'>ut</span> <span class='ocrx_word' id='word_1_432' title='bbox 2372 4238 2550 4281; x_wconf 75' lang='lat' dir='ltr'>videat</span> <span class='ocrx_word' id='word_1_433' title='bbox 2572 4248 2637 4280; x_wconf 88' lang='lat' dir='ltr'>an</span> <span class='ocrx_word' id='word_1_434' title='bbox 2659 4248 2690 4281; x_wconf 88' lang='lat' dir='ltr'>a</span> <span class='ocrx_word' id='word_1_435' title='bbox 2712 4238 2901 4281; x_wconf 90' lang='lat' dir='ltr'>nostris</span> 
     </span>
     <span class='ocr_line' id='line_1_43' title="bbox 433 4305 2902 4363; baseline 0.002 -15"><span class='ocrx_word' id='word_1_436' title='bbox 433 4307 692 4358; x_wconf 70' lang='lat' dir='ltr'>segregati</span> <span class='ocrx_word' id='word_1_437' title='bbox 733 4313 784 4349; x_wconf 89' lang='lat' dir='ltr'>ct</span> <span class='ocrx_word' id='word_1_438' title='bbox 820 4305 1218 4360; x_wconf 85' lang='lat' dir='ltr'>independentes</span> <span class='ocrx_word' id='word_1_439' title='bbox 1252 4307 1456 4350; x_wconf 88' lang='lat' dir='ltr'>omnino</span> <span class='ocrx_word' id='word_1_440' title='bbox 1493 4306 1595 4350; x_wconf 88' lang='lat' dir='ltr'>sint</span> <span class='ocrx_word' id='word_1_441' title='bbox 1628 4308 1800 4359; x_wconf 84' lang='lat' dir='ltr'>legum</span> <span class='ocrx_word' id='word_1_442' title='bbox 1828 4313 1881 4349; x_wconf 88' lang='lat' dir='ltr'>et</span> <span class='ocrx_word' id='word_1_443' title='bbox 1914 4308 2195 4352; x_wconf 88' lang='lat' dir='ltr'>medicinae</span> <span class='ocrx_word' id='word_1_444' title='bbox 2230 4310 2572 4363; x_wconf 79' lang='lat' dir='ltr'>professores,</span> <span class='ocrx_word' id='word_1_445' title='bbox 2593 4314 2682 4352; x_wconf 90' lang='lat' dir='ltr'>aut</span> <span class='ocrx_word' id='word_1_446' title='bbox 2714 4311 2902 4354; x_wconf 82' lang='lat' dir='ltr'>saltem</span> 
     </span>
     <span class='ocr_line' id='line_1_44' title="bbox 439 4376 2902 4434; baseline 0.002 -15"><span class='ocrx_word' id='word_1_447' title='bbox 439 4377 713 4421; x_wconf 85' lang='lat' dir='ltr'>medicinae</span> <span class='ocrx_word' id='word_1_448' title='bbox 729 4411 741 4432; x_wconf 87' lang='lat'>,</span> <span class='ocrx_word' id='word_1_449' title='bbox 762 4379 816 4421; x_wconf 82' lang='lat'>27</span> <span class='ocrx_word' id='word_1_450' title='bbox 836 4376 1411 4431; x_wconf 83' lang='lat' dir='ltr'>Septembris.—Eidem</span> <span class='ocrx_word' id='word_1_451' title='bbox 1431 4378 1590 4420; x_wconf 88' lang='lat' dir='ltr'>missa</span> <span class='ocrx_word' id='word_1_452' title='bbox 1612 4383 1729 4420; x_wconf 91' lang='lat' dir='ltr'>sunt</span> <span class='ocrx_word' id='word_1_453' title='bbox 1748 4379 1793 4420; x_wconf 90' lang='lat' dir='ltr'>ll</span> <span class='ocrx_word' id='word_1_454' title='bbox 1819 4377 2058 4422; x_wconf 90' lang='lat' dir='ltr'>Octobris</span> <span class='ocrx_word' id='word_1_455' title='bbox 2080 4381 2352 4423; x_wconf 88' lang='lat' dir='ltr'>emendata</span> <span class='ocrx_word' id='word_1_456' title='bbox 2373 4381 2603 4434; x_wconf 85' lang='lat' dir='ltr'>capitula</span> <span class='ocrx_word' id='word_1_457' title='bbox 2621 4392 2712 4423; x_wconf 88' lang='lat' dir='ltr'>seu</span> <span class='ocrx_word' id='word_1_458' title='bbox 2733 4381 2902 4425; x_wconf 90' lang='lat' dir='ltr'>condi-</span> 
     </span>
     <span class='ocr_line' id='line_1_45' title="bbox 441 4448 2901 4504; baseline 0.002 -14"><span class='ocrx_word' id='word_1_459' title='bbox 441 4449 599 4493; x_wconf 85' lang='lat' dir='ltr'>tiones</span> <span class='ocrx_word' id='word_1_460' title='bbox 617 4450 684 4493; x_wconf 82' lang='lat' dir='ltr'>ad</span> <span class='ocrx_word' id='word_1_461' title='bbox 704 4448 1078 4493; x_wconf 81' lang='lat' dir='ltr'>admittendam</span> <span class='ocrx_word' id='word_1_462' title='bbox 1098 4448 1476 4492; x_wconf 85' lang='lat' dir='ltr'>Universitatis</span> <span class='ocrx_word' id='word_1_463' title='bbox 1497 4460 1674 4493; x_wconf 88' lang='lat' dir='ltr'>euram</span> <span class='ocrx_word' id='word_1_464' title='bbox 1704 4450 2361 4495; x_wconf 61' lang='lat' dir='ltr'>necessariae—Polaticus</span> <span class='ocrx_word' id='word_1_465' title='bbox 2377 4484 2387 4503; x_wconf 84' lang='grc'>,</span> <span class='ocrx_word' id='word_1_466' title='bbox 2410 4462 2475 4494; x_wconf 87' lang='lat' dir='ltr'>ex</span> <span class='ocrx_word' id='word_1_467' title='bbox 2509 4453 2901 4504; x_wconf 78' lang='lat' dir='ltr'>commissione,</span> 
     </span>
     <span class='ocr_line' id='line_1_46' title="bbox 443 4518 2903 4578; baseline 0.002 -17"><span class='ocrx_word' id='word_1_468' title='bbox 443 4518 577 4565; x_wconf 80' lang='lat' dir='ltr'>Patri</span> <span class='ocrx_word' id='word_1_469' title='bbox 597 4521 799 4575; x_wconf 78' lang='lat' dir='ltr'>Natali,</span> <span class='ocrx_word' id='word_1_470' title='bbox 831 4520 893 4562; x_wconf 91' lang='lat' dir='ltr'>de</span> <span class='ocrx_word' id='word_1_471' title='bbox 925 4530 1136 4563; x_wconf 85' lang='lat' dir='ltr'>numero</span> <span class='ocrx_word' id='word_1_472' title='bbox 1158 4521 1407 4565; x_wconf 88' lang='lat' dir='ltr'>lectorum</span> <span class='ocrx_word' id='word_1_473' title='bbox 1442 4520 1491 4564; x_wconf 85' lang='lat' dir='ltr'>in</span> <span class='ocrx_word' id='word_1_474' title='bbox 1527 4520 1901 4573; x_wconf 84' lang='lat' dir='ltr'>Universitate,</span> <span class='ocrx_word' id='word_1_475' title='bbox 1939 4523 2308 4567; x_wconf 86' lang='lat' dir='ltr'>reservandum</span> <span class='ocrx_word' id='word_1_476' title='bbox 2339 4523 2588 4578; x_wconf 87' lang='lat' dir='ltr'>judicium</span> <span class='ocrx_word' id='word_1_477' title='bbox 2611 4522 2826 4578; x_wconf 77' lang='lat' dir='ltr'>ignatio,</span> <span class='ocrx_word' id='word_1_478' title='bbox 2851 4525 2903 4567; x_wconf 85' lang='lat'>15</span> 
     </span>
     <span class='ocr_line' id='line_1_47' title="bbox 446 4590 2901 4645; baseline 0.002 -11"><span class='ocrx_word' id='word_1_479' title='bbox 446 4591 986 4636; x_wconf 61' lang='lat' dir='ltr'>Novembris—Patris</span> <span class='ocrx_word' id='word_1_480' title='bbox 1008 4591 1214 4634; x_wconf 80' lang='lat' dir='ltr'>Natalis</span> <span class='ocrx_word' id='word_1_481' title='bbox 1237 4592 1448 4636; x_wconf 84' lang='lat' dir='ltr'>litterae</span> <span class='ocrx_word' id='word_1_482' title='bbox 1474 4592 1537 4635; x_wconf 87' lang='lat' dir='ltr'>ad</span> <span class='ocrx_word' id='word_1_483' title='bbox 1561 4590 1816 4645; x_wconf 78' lang='lat' dir='ltr'>ignatium</span> <span class='ocrx_word' id='word_1_484' title='bbox 1853 4599 1904 4635; x_wconf 89' lang='lat' dir='ltr'>et</span> <span class='ocrx_word' id='word_1_485' title='bbox 1942 4593 2427 4639; x_wconf 83' lang='lat' dir='ltr'>Polancum.—-Vide</span> <span class='ocrx_word' id='word_1_486' title='bbox 2461 4595 2618 4638; x_wconf 80' lang='lat' dir='ltr'>etiam</span> <span class='ocrx_word' id='word_1_487' title='bbox 2652 4601 2827 4639; x_wconf 88' lang='lat' dir='ltr'>annot.</span> <span class='ocrx_word' id='word_1_488' title='bbox 2849 4596 2901 4640; x_wconf 92' lang='lat' dir='ltr'>in</span> 
     </span>
     <span class='ocr_line' id='line_1_48' title="bbox 445 4662 1358 4717; baseline 0.003 -14"><span class='ocrx_word' id='word_1_489' title='bbox 445 4671 480 4704; x_wconf 85' lang='lat' dir='ltr'>t.</span> <span class='ocrx_word' id='word_1_490' title='bbox 495 4675 527 4711; x_wconf 81' lang='grc' dir='ltr'>ι,</span> <span class='ocrx_word' id='word_1_491' title='bbox 549 4665 855 4717; x_wconf 82' lang='lat' dir='ltr'>praesertim</span> <span class='ocrx_word' id='word_1_492' title='bbox 873 4662 968 4706; x_wconf 83' lang='lat' dir='ltr'>sub</span> <span class='ocrx_word' id='word_1_493' title='bbox 987 4674 1070 4706; x_wconf 86' lang='lat' dir='ltr'>nn.</span> <span class='ocrx_word' id='word_1_494' title='bbox 1087 4663 1169 4705; x_wconf 64' lang='lat'>348</span> <span class='ocrx_word' id='word_1_495' title='bbox 1190 4669 1243 4706; x_wconf 87' lang='lat' dir='ltr'>et</span> <span class='ocrx_word' id='word_1_496' title='bbox 1261 4663 1358 4706; x_wconf 83' lang='lat'><strong>350.</strong></span> 
     </span>
    </p>
   </div>
  </div>
 </body>
</html>
