3679 5414
651 415 761 481 280
1570 418 1822 478 Cnaox.
1864 415 2023 478 Soc.
2064 417 2204 491 JEs.

654 564 869 626 alium
899 563 1364 627 Godefridum
1390 565 1587 645 prius
1617 564 1706 627 ob
1735 562 2001 627 similes
2031 579 2288 626 causas
2319 563 2709 643 expulerat.
2752 562 2950 626 Haec
2995 563 3123 644 igi-

653 678 766 733 tur
793 670 867 733 in
896 668 1260 751 ejiciendis
1291 670 1649 734 inutilibus
1679 670 1898 733 animi
1926 668 2339 750 magnitudo
2368 687 2512 732 non
2541 670 2772 733 solum
2794 668 3026 734 effecit
3047 680 3123 734 ut

653 776 773 839 alii
803 776 878 840 in
906 794 1037 841 sua
1066 778 1373 859 puritate
1402 786 2036 857 conservarentur,
2079 775 2205 841 sed
2228 776 2457 840 etiam
2494 786 2572 840 ut
2609 776 2877 840 familia
2919 778 3129 841 bonis

654 892 723 947 et
758 884 1036 948 idoneis
1074 885 1378 948 alumnis
1429 893 1847 965 augeretur;
1898 902 2067 948 nam
2106 893 2269 947 ante
2309 884 2555 951 decem
2592 885 2750 947 illos
2791 886 3126 964 expulsos

654 990 1056 1071 quindecim
1078 993 1192 1055 vel
1214 992 1577 1056 sexdecim
1594 1000 1797 1055 erant
1817 1008 2138 1072 numero;
2164 1000 2235 1054 et
2258 1008 2444 1070 cum,
2473 992 2611 1054 illis
2632 992 2971 1072 expulsiS,
2999 1008 3126 1055 sex

653 1098 768 1160 vel
808 1107 1080 1179 septem
1129 1099 1318 1162 domi
1368 1099 1599 1162 relicti
1634 1098 1963 1175 fuissent,
2013 1117 2103 1162 ex
2141 1098 2395 1179 quibus
2434 1100 2711 1180 aliquos
2760 1099 2892 1161 sub
2932 1107 3125 1161 autu-

655 1222 896 1269 mnum
914 1204 1216 1270 Romam
1230 1206 1440 1285 misit,
1468 1206 1597 1269 sub
1614 1207 1786 1268 anni
1801 1205 2012 1269 finem
2026 1206 2483 1269 nihilominus
2500 1205 2746 1269 decem
2769 1214 2839 1268 et
2861 1214 3130 1285 septem

656 1321 880 1392 erant;
907 1313 1093 1375 inter
1116 1330 1292 1393 quos
1315 1313 1652 1376 sacerdos
1675 1311 1964 1392 quidam
1980 1313 2286 1376 Lovanii
2300 1322 2668 1392 promotus
2683 1328 2945 1392 magno
2968 1329 3130 1375 cum

655 1418 937 1482 fervore
968 1429 1036 1483 et
1066 1419 1535 1483 admiratione
1565 1420 1883 1483 omnium
1911 1437 1989 1483 se
2018 1419 2261 1483 divino
2288 1420 2624 1501 obsequio
2655 1420 3124 1483 consecravit.

659 1525 1132 1590 Observatum
1165 1536 1272 1590 est
1301 1526 1490 1607 quod
1520 1528 1751 1608 spatio
1784 1526 2158 1590 duodecim
2195 1528 2545 1591 mensium
2573 1528 2833 1607 viginti
2869 1527 3133 1590 studio·

656 1648 778 1696 sos
807 1634 1036 1697 bonae
1066 1633 1324 1697 indolis
1352 1633 1653 1698 Romam
1683 1634 1976 1713 miserit,
2010 1635 2130 1697 ubi
2161 1635 2234 1696 in
2262 1635 2618 1715 plerisque
2649 1651 2893 1698 eorum
2922 1651 3131 1715 expe·

658 1741 784 1804 riri
813 1741 1007 1804 licuit
1037 1741 1225 1822 quod
1255 1741 1606 1805 delectum
1633 1742 1898 1805 bonum
1928 1742 1999 1805 in
2029 1741 2544 1821 cognoscendis
2574 1750 2643 1804 et
2673 1740 3125 1805 admittendis

658 1847 749 1910 ad
775 1846 1204 1912 Societatem
1234 1849 1637 1912 hominibus
1664 1848 1745 1912 P.
1778 1847 2199 1912 Leonardus
2227 1849 2519 1911 haberet
2554 1846 2594 1912 ¹.

775 1954 916 2018 234.
1004 1955 1081 2019 In
1110 1956 1335 2021 variis
1363 1956 1815 2020 monasteriis
1844 1956 2314 2019 concionatus
2341 1965 2447 2019 est
2484 1955 2563 2018 P.
2595 1955 3011 2019 Leonardus
3053 1964 3126 2019 et

658 2079 819 2125 cum
847 2079 1111 2143 magna
1127 2112 1142 2143 ,
1176 2072 1254 2127 ut
1275 2063 1673 2139 videbatur,
1700 2061 2206 2127 satisfactione.
2235 2062 2547 2143 Singulis
2570 2071 2806 2126 autem
2829 2062 3119 2126 domini-

657 2170 762 2233 cis
790 2179 859 2233 et
886 2170 1087 2233 festis
1117 2170 1363 2233 diebus
1394 2170 1573 2233 duas
1601 2170 2135 2235 exhortationes
2165 2170 2439 2234 duobus
2480 2171 2554 2234 in
2582 2170 2759 2233 locis
2787 2170 3121 2234 habebat.

655 2277 816 2357 Ipso
854 2287 1093 2343 autem
1131 2277 1243 2340 die
1285 2278 1567 2341 veneris
1607 2278 1838 2342 sancti
1876 2286 2179 2358 quatuor
2216 2278 2366 2341 fere
2406 2277 2622 2342 horas
2660 2276 2748 2340 de
2788 2276 3129 2340 Passione

656 2383 943 2450 Domini
972 2402 1134 2447 cum
1165 2400 1428 2464 magna
1459 2385 1929 2449 commotione
1951 2384 2315 2448 hominum
2337 2384 2800 2465 praedicavit.
2836 2382 2976 2447 Sed
3003 2400 3131 2465 per

655 2489 1099 2555 Sacramenti
1127 2491 1608 2571 poenitentiae
1638 2492 2326 2556 administrationem
2353 2491 2659 2570 uberior,
2687 2489 2823 2554 Dei
2864 2491 3130 2571 gratia,

653 2600 930 2664 fructus
949 2598 1432 2679 proveniebat.
1460 2597 1542 2662 In
1560 2598 1741 2662 festo
1766 2599 2100 2664 Omnium
2122 2598 2552 2663 Sanctorum
2574 2600 2742 2662 anni
2765 2598 3133 2679 praeteriti

653 2706 911 2769 nobilis
954 2705 1264 2770 Domina
1294 2706 1682 2770 Abbatissa
1732 2707 2148 2772 monasterii
2191 2709 2520 2772 undecim
2556 2706 2854 2771 millium
2894 2705 3133 2785 Virgi-

651 2831 823 2877 num
852 2814 981 2876 sub
1010 2813 1230 2876 Missa
1260 2813 1336 2877 P.
1370 2813 1726 2877 Leonardi
1756 2816 2283 2879 communicare
2313 2832 2477 2878 cum
2514 2831 2777 2894 magna
2805 2814 3119 2876 omnium

652 2919 1140 2983 aedificatione
1164 2930 1517 3002 coeperat,
1546 2922 1860 3003 reliquae
1889 2939 2064 2985 vera
2090 2923 2481 2985 canonicae
2502 2922 2822 3002 virgines
2845 2920 2937 2984 ad
2959 2938 3120 2983 con-

650 3026 1031 3090 fessionem
1061 3028 1479 3108 praeparari
1507 3038 1577 3092 et
1621 3029 1817 3109 ipsae
1859 3039 2243 3109 coeperunt
2283 3038 2350 3092 et
2395 3030 2467 3092 in
2507 3029 2658 3092 dies
2703 3030 2776 3091 in
2813 3026 3120 3092 Domino

649 3133 1043 3214 proficiunt.
1072 3134 1151 3197 In
1172 3136 1423 3214 vigilia
1445 3135 1718 3199 Natalis
1743 3135 2052 3215 Domini,
2088 3146 2164 3200 ut
2188 3137 2402 3200 etiam
2433 3137 2505 3199 in
2534 3136 2647 3200 die
2671 3135 2953 3200 Coenae
2984 3134 3122 3198 Do—

649 3241 822 3304 mini
852 3258 937 3303 ac
966 3240 1289 3304 Paschae
1323 3241 1574 3305 eadem
1603 3242 1989 3306 Abbatissa
2019 3260 2180 3306 curn
2226 3243 2551 3306 omnibus
2594 3243 3015 3307 monialibus
3055 3250 3130 3305 et

652 3357 800 3411 tota
826 3347 1098 3412 familia
1129 3349 1217 3411 ab
1264 3348 1513 3413 eodem
1552 3347 1763 3412 Patre
1803 3340 2650 3415 Sanctissimum‘Christi
2690 3350 2965 3430 Corpus
3012 3365 3121 3411 ac·

648 3465 1008 3537 ceperunt.
1067 3455 1566 3519 Nobilissimae
1617 3456 1780 3520 illae
1828 3456 2151 3537 virgines
2192 3476 2277 3521 ac
2317 3458 2699 3538 praecipue
2740 3456 3125 3520 Abbatissa

651 3564 861 3628 valde
890 3562 1232 3627 Societati
1272 3573 1559 3627 nostrae
1597 3562 1895 3628 affectas
1934 3582 2010 3627 se
2052 3565 2547 3644 ostendebant,
2592 3573 2662 3628 et
2690 3565 2990 3628 libenter
3034 3561 3126 3625 ad

651 3669 1161 3746 conferendum
1191 3670 1278 3733 de
1309 3670 1521 3733 rebus
1550 3670 1642 3733 ad
1674 3671 2000 3751 spiritum
2032 3673 2546 3750 pertinentibus
2565 3671 2645 3734 P.
2671 3671 3130 3735 Leonardum

733 4010 749 4042 ¹
809 4009 1063 4055 Polaticus
1077 4042 1089 4065 ,
1112 4021 1179 4054 ex
1198 4012 1577 4055 commissione
1590 4043 1608 4064 ,
1624 4010 1900 4055 Leonardo
1920 4010 2104 4056 Kessel
2118 4045 2129 4062 .
2151 4012 2214 4055 de
2236 4018 2458 4067 quatuor
2479 4011 2691 4057 Colonia
2713 4011 2929 4056 Romam
2960 4012 3132 4056 missis

650 4089 704 4122 et
723 4080 786 4123 de
807 4081 1070 4125 mittendis
1093 4081 1257 4126 Roma
1279 4080 1562 4137 Coloniam,
1583 4083 1611 4125 5
1630 4081 1751 4126 Maii
1769 4094 1779 4135 ;
1803 4082 1970 4126 eidem
1990 4083 2278 4127 Arnoldum
2299 4083 2511 4127 Hesium
2540 4084 2654 4127 ideo
2674 4083 2837 4127 Roma
2859 4081 3122 4126 Coloniam

651 4152 805 4206 mitti,
828 4153 948 4207 quia
969 4153 1161 4197 Romae
1177 4165 1277 4197 non
1298 4154 1429 4198 satis
1451 4155 1579 4197 bene
1596 4156 1740 4198 valet
1761 4160 1812 4198 et
1834 4161 1891 4198 ut
1913 4154 2216 4198 Leonardus
2234 4165 2407 4198 secum
2428 4155 2719 4209 adjutorem
2739 4155 2949 4208 habeat,
2972 4156 3054 4209 qui
3076 4155 3128 4199 In

651 4234 867 4269 romana
887 4223 1167 4269 Societatis
1203 4226 1353 4269 domo
1387 4226 1684 4280 aliquandiu
1720 4226 1876 4270 fuerit
1898 4234 2168 4281 versatuS,
2204 4227 2258 4270 23
2290 4226 2432 4271 Maii.
2465 4226 2653 4270 Missae
2687 4231 2807 4270 sunt
2837 4226 3018 4270 eadem
3047 4226 3131 4269 die

651 4301 892 4351 patentes
915 4295 1103 4350 ignatii
1124 4297 1337 4341 litterae
1357 4297 1836 4342 communicationis
1856 4299 2164 4351 gratiarum
2202 4298 2479 4343 Societatis
2509 4305 2560 4342 et
2591 4297 2759 4352 aliae,
2794 4298 2977 4352 quibus
3004 4296 3130 4341 Leo·

652 4368 816 4412 nardo
854 4368 1118 4412 confertur
1159 4369 1384 4412 facultas
1421 4369 1784 4424 resipiscentes
1817 4370 2110 4413 haereticos
2146 4371 2448 4414 absolvendi
2467 4383 2478 4424 ;
2523 4371 2747 4424 itemque
2785 4369 3130 4424 proficiscenti

653 4439 885 4485 Arnoldo
916 4440 1206 4483 instructio
1225 4440 1482 4494 quaedam
1502 4440 1701 4484 tradita
1722 4447 1800 4484 est
1824 4440 1886 4484 de
1919 4441 2067 4486 modo
2100 4443 2200 4486 iter
2231 4440 2498 4486 Coloniam
2519 4452 2704 4485 versus
2733 4440 3055 4496 conficiendl;
3076 4446 3128 4484 et

654 4512 760 4555 alia
778 4522 872 4566 pro
893 4511 1003 4566 ipso
1025 4518 1077 4555 et
1099 4510 1372 4556 Leonardo
1394 4512 1454 4556 de
1478 4512 1568 4567 iis,
1590 4522 1722 4566 quae
1745 4510 1989 4557 Coloniae
2012 4515 2244 4558 curanda
2276 4515 2328 4557 in
2357 4520 2621 4569 posterum
2652 4518 2801 4556 erant
2827 4512 2967 4557 circa
2986 4513 3130 4556 vale·

658 4582 882 4626 tudinem
902 4588 1197 4626 nostrorum
1212 4615 1223 4637 ,
1248 4582 1446 4637 studia,
1469 4582 1766 4638 spiritualia
1786 4595 1878 4628 seu
1897 4586 2112 4639 pietatis
2135 4585 2412 4640 exercitia,
2438 4584 2652 4640 Collegii
2676 4584 3052 4629 institutionem
3076 4590 3129 4626 et

656 4663 745 4698 eos
759 4685 771 4708 ,
794 4655 877 4707 qui
899 4655 951 4698 iu
972 4653 1285 4698 Societatem
1304 4654 1515 4702 admitti
1530 4656 1875 4709 postularent.
1889 4655 2153 4702 -Similia
2173 4658 2283 4701 fere
2303 4658 2365 4702 iis
2386 4659 2577 4703 iterum
2595 4659 2759 4701 missa
2789 4655 2954 4701 sunt‘2
2972 4655 3108 4709 Junii
3120 4685 3131 4695 .
