3679 5414
714 500 824 559 470
1633 501 1887 561 Canos.
1930 501 2086 561 Soc.
2126 503 2267 575 Jsss.

716 664 886 726 pere
940 647 1073 727 ipsi
1119 648 1495 727 probatum
1542 656 1760 725 esset,
1815 644 2140 727 promisit
2191 665 2266 710 se
2315 646 2632 710 Tridenti
2683 656 2804 710 aut
2846 646 3182 711 Brixinae

718 754 1116 834 Collegium
1154 766 1588 834 erecturum;
1631 765 1698 817 et
1730 774 1891 817 cum
1929 756 2142 835 paulo
2184 765 2342 834 post
2383 773 2506 835 per
2545 772 2765 834 equos
2802 754 3182 836 dispositos

719 860 1133 925 Tridentum
1165 863 1563 925 Cardinalis
1594 864 1932 942 venisset,
1967 864 2088 951 qui
2117 868 2441 942 patentes
2484 863 2758 925 litteras
2801 863 3180 943 Imperato—

717 970 820 1031 ris
850 970 1034 1032 ferre
1066 970 1455 1049 dicebatur,
1482 980 1559 1033 ut
1588 972 1708 1051 qui
1740 956 2002 1034 vellent
2024 971 2361 1050 Episcopi
2386 971 2457 1033 in
2481 972 2720 1049 aliqua
2743 971 2990 1033 Italiae
3024 972 3190 1033 loca

717 1094 793 1139 se
824 1078 1263 1157 conferrent,
1306 1076 1629 1141 eumdem
1660 1079 2001 1158 alloquuti
2031 1087 2194 1140 sunt
2223 1077 2472 1140 Patres
2504 1078 2790 1157 Laynez
2821 1085 2889 1139 et
2921 1075 3181 1140 Salme-

720 1201 884 1264 ron3
918 1195 984 1247 et
1017 1196 1300 1265 praeter
1331 1185 1647 1263 domum,
1682 1204 1898 1264 quam
1925 1186 2025 1248 illi
2053 1196 2128 1249 ut
2161 1186 2486 1248 idoneam
2518 1186 2743 1247 nostri
2774 1201 3200 1264 repraesen-

718 1292 995 1370 tabant,
1030 1291 1373 1355 ducentos
1404 1292 1710 1355 florenos
1742 1293 1958 1361 annui
1988 1292 2254 1355 reditus
2284 1293 2553 1368 obtulit,
2589 1301 2656 1354 et
2687 1293 3066 1371 ampliores
3110 1309 3197 1355 se⁴

712 1409 1129 1462 curaturum
1160 1399 1623 1479 significavit,
1658 1401 1780 1462 sed
1812 1418 1955 1462 non
1985 1400 2339 1479 promisit3
2374 1408 2441 1461 et
2473 1418 2556 1461 ea
2588 1399 2672 1461 de
2704 1417 2779 1461 re
2804 1398 2878 1461 P.
2909 1399 3189 1477 Ignatio

722 1506 1026 1586 scripsit.
1062 1507 1180 1585 At,
1215 1509 1544 1586 quamvis
1585 1508 1802 1569 multa
1834 1526 1924 1568 ex
1955 1526 2038 1569 eo
2080 1506 2397 1584 Collegio
2430 1507 2803 1568 commoda
2845 1506 3198 1586 consequi·

720 1621 1081 1693 poterant,
1129 1632 1245 1677 res
1284 1625 1519 1678 tamen
1560 1632 1704 1676 non
1754 1632 2190 1695 magnopere
2241 1613 2636 1694 expetenda
2687 1624 2854 1676 tunc
2907 1614 3188 1693 quidem

723 1721 881 1783 visa
911 1730 1048 1800 est,
1083 1731 1150 1784 et
1181 1722 1279 1784 ita
1310 1739 1771 1801 progressum
1792 1740 1936 1784 non
1966 1722 2233 1785 habuit.

846 1827 979 1891 127.
1066 1828 1226 1910 Jam
1270 1847 1358 1892 ex
1398 1847 1481 1891 eo
1522 1840 1869 1909 tempore,
1914 1848 2052 1909 quo
2095 1829 2466 1891 Mauritius
2517 1831 2900 1890 electorum
2950 1827 3196 1907 aliqua¹

722 1937 879 1998 loca
904 1945 1415 2015 occupaverat,
1451 1937 1794 1998 electores
1824 1935 2282 2015 Moguntinus
2313 1946 2380 1997 et
2413 1934 2858 1998 Coloniensis
2888 1952 3190 2014 propere

722 2060 812 2105 ex
843 2043 1158 2106 Concilio
1190 2053 1656 2122 recesserunt,
1692 2053 1759 2105 et
1790 2052 1865 2105 ut
1897 2061 2142 2105 eorum
2171 2042 2521 2104 adventus
2552 2045 2862 2105 calorem
2893 2042 3188 2103 multum

721 2150 933 2212 rebus
964 2150 1266 2213 Concilii
1296 2150 1615 2228 dederat,
1645 2151 1742 2212 ita
1774 2161 1844 2212 et
1873 2167 2198 2212 recessus
2239 2167 2672 2229 magnopere
2712 2167 2834 2211 eas
2876 2148 3188 2211 debilita-

718 2257 860 2336 vit3
894 2258 1077 2320 unde
1108 2266 1175 2319 et
1204 2257 1452 2337 reliqui
1485 2257 1824 2320 Germani
1856 2256 2363 2335 discesserunt,
2401 2256 2727 2336 quamvis
2759 2274 2840 2317 eo
2872 2264 3190 2333 tempore

721 2364 1035 2443 theologi
1091 2364 1312 2427 Ducis
1364 2364 2092 2443 VVurtembergensis,
2157 2364 2340 2425 inter
2392 2381 2568 2443 quos
2620 2362 2951 2425 Brentius
3009 2370 3185 2439 erat,

723 2471 1140 2534 Tridentum
1169 2481 1537 2533 venerunt.
1586 2471 1731 2534 Nec
1771 2472 1959 2533 enim
2000 2471 2329 2550 princeps
2373 2470 2486 2531 ille
2528 2469 2827 2531 aliorum
2870 2466 3190 2547 conjura-

726 2588 958 2641 torum
990 2589 1238 2641 contra
1269 2578 1780 2657 Imperatorem
1810 2587 2051 2658 partes
2083 2577 2281 2656 sequi
2321 2577 2663 2639 voluerat.
2712 2575 2867 2653 Quo
2909 2575 3022 2637 die
3064 2575 3189 2654 igi·

726 2694 841 2748 tur
872 2686 1095 2748 sessio
1129 2686 1392 2749 indicta
1422 2685 1652 2749 fuerat
1684 2686 1873 2765 apud
1915 2687 2261 2763 legatum,
2311 2684 2399 2746 ad
2439 2684 2774 2746 calendas
2821 2682 2991 2745 Maii
3034 2699 3190 2763 pro-

724 2805 981 2872 rogata
1010 2793 1159 2856 fuit.
1194 2793 1282 2856 Et
1314 2793 1640 2873 quamvis
1669 2794 1948 2871 legatus
1988 2791 2441 2871 Imperatoris
2486 2799 2770 2868 urgeret
2810 2775 2887 2852 ut
2925 2791 3010 2852 de
3048 2807 3188 2852 ma-

722 2901 1057 2963 trimonio
1110 2911 1465 2980 ageretur,
1520 2901 1778 2963 nullius
1829 2899 2322 2978 disputationis
2375 2897 2520 2977 jam
2579 2897 2880 2977 amplius
2930 2897 3191 2959 mentio

723 3008 967 3083 fiebat;
1013 3018 1082 3069 et
1131 3006 1268 3070 20.a
1309 3007 1573 3087 Aprilis
1616 3007 1845 3070 Breve
1885 3005 2377 3085 Apostolicum
2418 3005 2830 3068 Tridentum
2868 3005 3191 3083 pervenit

726 3115 811 3178 de
857 3114 1318 3194 suspensione
1363 3113 1679 3177 Concilii.
1727 3113 1886 3176 Non
1926 3124 2161 3175 tamen
2201 3112 2438 3174 statim
2484 3113 3010 3190 promulgatum
3060 3119 3190 3188 est,

723 3224 886 3304 quia
919 3223 1171 3301 legatis
1216 3223 1586 3286 videbatur
1624 3222 1877 3285 decere
1919 3230 1997 3283 ut
2036 3220 2510 3282 conciliariter
2549 3220 2919 3298 suspensio
2961 3218 3185 3280 fieret.

724 3329 859 3393 Sed
893 3330 967 3393 P.
1000 3330 1309 3413 Jacobus
1338 3329 1625 3408 Laynez
1657 3329 1744 3390 ob
1775 3345 1945 3390 suae
1977 3336 2367 3406 quartanae
2397 3326 2720 3388 morbum
2746 3325 2953 3388 facile
3001 3342 3190 3404 rece—

725 3437 935 3500 dendi
960 3438 1243 3499 veniam
1274 3437 1596 3515 obtinuit,
1624 3444 1691 3497 et
1714 3434 2112 3497 Bassanum
2143 3451 2227 3495 ac
2252 3432 2628 3495 Patavium
2648 3449 2902 3495 versus
2934 3449 3008 3493 se
3032 3448 3196 3494 con-

730 3544 910 3607 tulit.

852 3650 987 3711 128.
1074 3649 1215 3712 24.ει
1260 3649 1529 3729 Aprilis
1575 3648 2040 3727 congregatio
2081 3647 2570 3710 Praelatorum
2616 3655 2867 3708 coacta
2905 3645 3070 3724 fuit,
3125 3647 3196 3707 in

730 3776 871 3836 qua
915 3775 1160 3820 omnes
1201 3758 1275 3820 in
1317 3772 1474 3819 eam
1513 3756 1938 3819 sententiam
1987 3761 2475 3817 convenerunt
2519 3761 2596 3815 ut
2626 3752 3022 3815 Concilium
3051 3770 3197 3814 sus-

730 3866 1188 3944 penderetur;
1223 3873 1294 3926 et
1322 3864 1574 3927 modus
1604 3862 2090 3941 suspensionis
2119 3861 2234 3924 hic
2265 3861 2394 3922 suit
2431 3861 2629 3922 visus
2669 3859 3086 3937 convenire,
3122 3871 3198 3922 ut

733 3972 823 4033 ad
854 3972 1211 4034 biennium
1241 3980 1310 4034 et
1342 3971 1433 4034 ad
1460 3971 1980 4049 beneplacitum
2009 3967 2278 4031 Summi
2306 3966 2703 4045 PontificiS,
2733 3977 2809 4029 ut
2832 3967 2935 4029 sic
2958 3975 3199 4047 posset

731 4089 1009 4159 tempus
1039 4078 1317 4142 extrahi
1347 4080 1462 4142 vel
1494 4076 1841 4155 contrahi,
1866 4085 2399 4156 prorogaretur.
2430 4074 2732 4137 Demum
2759 4072 2899 4136 28.a
2930 4073 3202 4153 Aprilis

732 4185 804 4247 in
844 4186 1122 4265 publica
1167 4184 1480 4248 sessione
1531 4184 1829 4248 Concilii
1869 4185 2230 4246 decretum
2276 4181 2759 4260 suspensionis
2798 4181 3198 4260 promulga-

732 4301 881 4356 tum
921 4303 1057 4370 est;
1108 4302 1178 4356 et
1229 4310 1389 4355 cum
1429 4302 1664 4355 essent
1714 4292 2226 4372 quinquaginta
2279 4298 2547 4369 septem
2599 4287 2937 4367 suffragia
2989 4287 3210 4350 etiam⁴

734 4410 933 4480 tune,
988 4400 1357 4462 duodecim
1408 4409 1645 4462 tamen
1683 4399 2145 4479 hispanorum
2195 4395 2537 4475 suffragia
2573 4394 3018 4474 suspensioni
3058 4411 3204 4456 non

734 4517 1265 4585 consenserunt3
1300 4507 1424 4570 sed
1453 4508 1908 4570 nihilominus
1937 4505 2307 4585 suspensio
2338 4504 2658 4566 obtinuit.

860 4616 993 4680 129.
1078 4615 1239 4697 Jam
1291 4633 1373 4677 eo
1423 4624 1761 4695 tempore,
1810 4631 1949 4694 quo
1992 4613 2219 4676 Breve
2261 4610 2753 4691 Apostolicum
2789 4610 3206 4674 Tridentum

734 4722 1090 4801 pervenit,
1124 4722 1420 4784 sollicite
1450 4721 1790 4801 impedire
1821 4721 2211 4783 exercitum
2239 4718 2551 4782 Mauritii
2580 4716 2973 4797 Imperator
3003 4734 3207 4779 cura-
