3679 5414
657 453 770 511 410
1575 448 1829 510 Cfflzox.
1873 448 2030 509 Soc.
2073 450 2211 523 JES.

659 598 931 674 dicant;
968 596 1117 660 alii:
1152 595 1264 657 isti
1296 604 1479 674 sunt,
1515 596 1634 675 qui
1663 594 2159 658 sodomiticam
2189 595 2546 658 libidinem
2573 594 3122 674 reprehendunt3

593 770 602 778 ,
661 713 729 766 et
761 704 877 766 alii
908 705 1068 765 alia.
1107 703 1425 765 Tandem
1452 703 1603 783 ipse
1644 702 1788 765 dux
1825 701 2311 782 Amanguchi,
2345 711 2506 782 post
2537 702 2795 765 multos
2827 703 2979 765 dies
3007 721 3124 765 no-

658 822 849 874 stros
879 828 1212 889 evocans,
1248 810 1431 873 scire
1464 811 1551 872 ab
1582 811 1685 873 eis
1713 811 1944 874 voluit
1970 809 2156 873 unde
2186 810 2465 873 oriundi
2496 819 2762 888 essent,
2796 828 3011 891 quam
3039 812 3128 874 ob

658 935 950 981 causam
981 918 1053 979 in
1080 918 1425 999 Japonem
1455 918 1839 980 venissent.
1874 917 2263 998 Respondit
2286 917 2360 981 P.
2389 916 2816 980 Franciscus
2844 927 3128 980 nostros

659 1025 731 1087 in
777 1025 1123 1106 Japonem
1173 1024 1430 1087 missos
1474 1025 1564 1088 ad
1606 1024 1741 1088 Dei
1778 1026 2010 1104 legem
2050 1024 2635 1105 praedicandam,
2688 1024 2874 1103 quod
2921 1043 3129 1088 nemo

654 1132 901 1195 salvus
930 1150 1085 1194 esse
1115 1140 1375 1211 posset,
1403 1132 1543 1195 nisi
1565 1131 1795 1195 Deum
1826 1130 2074 1195 adoret
2108 1142 2176 1195 et
2208 1133 2280 1194 in
2307 1132 2551 1213 Jesum
2575 1131 2935 1195 Christum
2963 1149 3127 1211 gen-

659 1239 832 1302 tium
864 1240 1175 1301 omnium
1207 1240 1641 1301 salvatorem
1671 1239 1937 1302 credat.
1971 1239 2194 1320 Jussit
2236 1249 2403 1301 tunc
2445 1239 2558 1300 ille
2599 1239 2951 1301 declarari
2995 1239 3127 1302 sibi

658 1348 909 1426 legem.
956 1345 1361 1425 Coeperunt
1411 1347 1636 1417 nostri
1678 1365 1767 1410 ex
1817 1347 1996 1409 libro
2048 1346 2314 1427 scripto
2359 1345 2595 1425 legere
2637 1365 2815 1426 quae
2867 1355 3130 1409 attente

661 1454 806 1516 dux
835 1470 1113 1532 semper
1145 1451 1441 1529 audivit,
1477 1454 1642 1516 licet
1672 1454 2049 1534 plusquam
2080 1453 2433 1532 integram
2463 1453 2712 1515 horam
2742 1453 2951 1516 lectio
2982 1472 3127 1533 my-

660 1561 1041 1623 steriorum
1070 1560 1231 1622 fidei
1264 1560 1613 1640 durasset3
1642 1570 1711 1623 et
1739 1562 1843 1624 sic
1875 1561 1965 1623 ab
1997 1578 2080 1623 eo
2112 1561 2387 1624 dimissi
2429 1570 2614 1623 sunt.
2658 1560 2837 1624 Cum
2874 1562 3131 1623 multos

662 1667 812 1731 dies
841 1685 926 1730 ea
967 1668 1039 1730 in
1082 1667 1372 1729 civitate
1409 1677 1940 1747 perseveraret,
1981 1668 2257 1747 publice
2296 1676 2367 1731 et
2403 1668 2738 1749 privatim
2775 1654 3131 1731 Christum

659 1775 1192 1853 annunciandO,
1227 1784 1331 1853 et,
1367 1776 1696 1854 quamvis
1727 1776 1945 1855 aliqui
1976 1775 2346 1838 christiani
2374 1775 2621 1838 fierent
2651 1784 2720 1838 et
2764 1776 2884 1838 alii
2920 1776 3130 1838 liben-

662 1892 770 1945 ter
799 1900 979 1962 quae
1009 1881 1096 1943 de
1131 1873 1421 1945 'Christo
1463 1882 1881 1946 dicebantur
1922 1883 2278 1961 audirent,
2321 1892 2422 1962 et,
2467 1900 2629 1945 cum
2669 1883 2754 1945 de
2793 1881 3131 1945 Passione

665 1988 815 2069 ejus
866 1999 1222 2069 ageretur,
1278 2007 1418 2052 non
1460 2007 1502 2051 a
1541 1989 1819 2052 fletibus
1872 1990 2337 2068 abstinerent,
2382 1991 2547 2070 quia
2587 1999 2823 2052 tamen
2861 1990 3132 2053 fructus

664 2097 968 2176 exiguus
999 2115 1088 2159 ex
1118 2113 1380 2175 magno
1411 2096 1655 2159 labore
1695 2098 2194 2177 proveniebat,
2238 2096 2327 2158 ad
2368 2113 2705 2176 magnam
2745 2098 3127 2174 civitatem,

661 2204 943 2267 nomine
980 2203 1335 2282 Meacum,
1393 2221 1469 2265 se
1521 2202 1845 2267 conferre
1895 2204 1971 2266 P.
2024 2203 2451 2267 Franciscus
2503 2205 2779 2281 statuit;
2835 2213 2902 2267 et
2954 2205 3131 2267 duos

665 2328 943 2373 menses
973 2310 1044 2372 in
1075 2310 1321 2372 itinere
1353 2326 1514 2371 cum
1542 2310 1823 2389 magnis
1855 2310 2187 2391 periculis
2227 2319 2515 2390 propter
2547 2311 2724 2374 bella
2756 2319 2825 2373 et
2855 2311 3130 2373 latroci-

669 2418 786 2480 nia
818 2426 886 2480 et
925 2417 1218 2479 summis
1258 2416 1722 2479 incommodis
1759 2428 2051 2498 propter
2090 2417 2362 2497 frigora
2392 2427 2460 2480 et
2490 2418 2651 2481 viae
2684 2418 3133 2481 difficultates

671 2525 1133 2604 consumpsit.

784 2630 923 2693 498.
1013 2631 1146 2693 Ubi
1175 2631 1499 2694 Meacum
1528 2632 1995 2712 pervenisset,
2040 2632 2311 2713 Regem
2351 2632 2547 2696 adire
2587 2632 2661 2694 P.
2705 2632 3132 2696 Franciscus

664 2739 1022 2817 cupiebat,
1056 2749 1133 2801 ut
1165 2739 1254 2801 ab
1285 2756 1367 2801 eo
1397 2739 1808 2802 facultatem
1836 2740 2068 2818 legem
2098 2739 2231 2803 Dei
2259 2741 2721 2820 praedicandi
2749 2741 3127 2821 acciperet,

663 2855 730 2908 et
764 2863 925 2908 cum
955 2845 1224 2924 aliquot
1257 2845 1503 2908 diebus
1532 2846 1796 2910 frustra
1839 2846 1912 2909 id
1943 2855 2285 2911 tentasset
2324 2856 2393 2911 et
2432 2846 2714 2911 aliunde
2753 2847 3130 2911 intellexis-

663 2961 770 3016 set
800 2953 987 3031 quod
1018 2953 1181 3014 huic
1212 2954 1515 3033 principi
1544 2954 1906 3017 audientia
1949 2971 2094 3017 non
2134 2954 2632 3035 praestabatur
2675 2953 2882 3032 (sic),
2924 2955 3129 3018 desiit

663 3059 1073 3123 facultatem
1104 3060 1296 3122 illam
1324 3078 1714 3144 procurare
1745 3070 1814 3123 et
1843 3062 2078 3141 potius
2109 3062 2200 3123 ad
2231 3062 2301 3124 id
2332 3079 2408 3124 se
2439 3062 2790 3124 convertit
2811 3070 2888 3124 ut
2912 3061 3129 3123 homi·

662 3184 832 3229 num
869 3166 1403 3246 dispositionem
1455 3165 1544 3228 ad
1596 3167 2191 3230 manifestandum
2230 3168 2701 3247 Evangelium
2752 3167 3132 3246 investiga·

663 3283 790 3336 ret.
847 3273 1123 3335 Invenit
1174 3282 1412 3335 autem
1463 3291 1621 3336 eam
1668 3274 2135 3354 perexiguam
2184 3273 2337 3337 fore
2390 3292 2551 3337 cum
2602 3275 2862 3337 bellum
2907 3291 3134 3354 grave

662 3380 909 3442 Meaco
942 3381 1360 3443 immineret.
1405 3380 1603 3443 Haec
1645 3365 1904 3444 ciuitas
1945 3381 2110 3444 olim
2148 3398 2412 3460 magna
2454 3381 2830 3446 admodum
2878 3382 3130 3468 fuerat;

662 3486 982 3550 ferebant
1011 3487 1213 3549 multi
1242 3487 1428 3566 quod
1458 3488 1624 3550 olim
1665 3488 1735 3550 in
1779 3505 1867 3550 ea
1908 3497 2192 3552 centum
2230 3497 2300 3550 et
2339 3489 2705 3566 octoginta
2750 3488 2973 3552 millia
3018 3489 3132 3552 do·

665 3611 940 3656 morum
970 3602 1208 3671 erant,
1240 3602 1312 3656 et
1341 3593 1416 3656 P.
1450 3594 1861 3673 Francisco,
1896 3595 2346 3659 considerato
2385 3596 2526 3658 situ
2572 3613 2784 3676 quam
2822 3597 3133 3680 maximp

665 3700 887 3780 urbiS,
931 3700 1315 3764 verisimile
1355 3700 1426 3763 id
1468 3701 1874 3781 videbatur;
1923 3720 2084 3765 cum
2124 3703 2311 3765 enim
2360 3719 2697 3781 magnam
2737 3703 3016 3766 ruinam
3067 3712 3133 3766 et

665 3806 990 3869 incendia
1019 3817 1309 3887 propter
1336 3808 1520 3870 bella
1551 3824 1765 3887 passa
1796 3817 2015 3884 esset,
2049 3810 2426 3889 plusquam
2456 3818 2738 3872 centum
2768 3810 2987 3877 millia
3017 3810 3133 3871 do-

668 3931 946 3977 morum
975 3912 1238 3976 habere
1269 3915 1484 3977 etiam
1514 3924 1683 3978 tunc
1712 3914 2109 3979 videbatur.

787 4019 926 4083 499.
1015 4019 1192 4083 Cum
1241 4010 1460 4099 igitur
1512 4038 1656 4108 non
1711 4039 1924 4102 posse
1978 4021 2262 4085 dilatari
2320 4022 2588 4087 Christi
2644 4023 2851 4086 fidem
2908 4023 3133 4086 Meaci

665 4128 939 4191 videret
978 4127 1056 4190 P.
1100 4128 1565 4206 Franciscus,
1614 4128 2001 4192 Firandum
2056 4130 2146 4193 ad
2192 4140 2480 4194 nostros
2531 4130 2774 4208 rediit3
2816 4131 2936 4193 ubi
2977 4147 3136 4193 cum

669 4235 880 4298 navis
914 4233 1262 4314 quaedam
1281 4235 1749 4298 Lusitanorum
1765 4253 1935 4299 cum
1959 4237 2313 4299 mercibus
2335 4245 2543 4317 esset,
2569 4238 2865 4300 libenter
2889 4256 2931 4300 a
2954 4237 3137 4316 prin-

664 4341 821 4422 cipe
867 4341 1017 4421 ejus
1066 4341 1260 4404 urbis
1311 4342 1592 4422 excepti
1628 4342 1932 4406 fuerunt.
1985 4343 2133 4407 Nec
2179 4343 2596 4419 ‚confectum
2642 4343 2773 4406 fuit
2823 4343 2959 4406 hoc
3004 4344 3136 4408 iter

665 4450 819 4512 sine
849 4449 1160 4511 maximo
1193 4449 1467 4528 labore3
1508 4449 1888 4529 aliquando
1933 4450 2120 4512 enim
2162 4450 2466 4531 pediteS,
2514 4460 2853 4532 tanquam
2893 4451 3135 4514 famuli

667 4556 1023 4632 nobilium,
1057 4555 1321 4618 cursim
1350 4557 1597 4619 venire
1628 4556 2055 4635 debuerunt,
2090 4565 2158 4619 et
2189 4556 2571 4637 aliquando
2601 4558 2810 4620 nudis
2833 4557 3129 4637 pedibus

670 4671 956 4743 propter
986 4663 1279 4725 flumina
1307 4671 1377 4725 et
1407 4672 1778 4742 torrenteS,
1827 4663 2208 4744 aliquando
2246 4663 2433 4727 fame
2478 4673 2547 4727 et
2584 4665 2850 4744 frigore
2895 4664 3137 4728 afflicti
