<?xml version="1.0" encoding="UTF-8"?>
<!DOCTYPE html PUBLIC "-//W3C//DTD XHTML 1.0 Transitional//EN"
    "http://www.w3.org/TR/xhtml1/DTD/xhtml1-transitional.dtd">
<html xmlns="http://www.w3.org/1999/xhtml" xml:lang="en" lang="en">
 <head>
  <title>
</title>
<meta http-equiv="Content-Type" content="text/html;charset=utf-8" />
  <meta name='ocr-system' content='tesseract 3.04.00' />
  <meta name='ocr-capabilities' content='ocr_page ocr_carea ocr_par ocr_line ocrx_word'/>
</head>
<body>
  <div class='ocr_page' id='page_1' title='image "./vitaignatiiloio03polagoog_0241.png"; bbox 0 0 3679 5414; ppageno 0'>
   <div class='ocr_carea' id='block_1_1' title="bbox 1634 479 3017 538">
    <p class='ocr_par' dir='ltr' id='par_1_1' title="bbox 1634 479 3017 538">
     <span class='ocr_line' id='line_1_1' title="bbox 1634 479 3017 538; baseline 0 0"><span class='ocrx_word' id='word_1_1' title='bbox 1634 479 1763 538; x_wconf 79' lang='grc' dir='ltr'>ΑΝ.</span> <span class='ocrx_word' id='word_1_2' title='bbox 1807 480 1941 538; x_wconf 79' lang='grc'><strong>1551</strong></span> <span class='ocrx_word' id='word_1_3' title='bbox 2905 480 3017 538; x_wconf 77' lang='lat'>233</span> 
     </span>
    </p>
   </div>
   <div class='ocr_carea' id='block_1_2' title="bbox 547 623 3027 4246">
    <p class='ocr_par' dir='ltr' id='par_1_2' title="bbox 547 623 3014 1126">
     <span class='ocr_line' id='line_1_2' title="bbox 675 623 3007 706; baseline 0 -19"><span class='ocrx_word' id='word_1_4' title='bbox 675 624 812 687; x_wconf 88' lang='grc'><strong>154.</strong></span> <span class='ocrx_word' id='word_1_5' title='bbox 898 623 1107 688; x_wconf 87' lang='lat' dir='ltr'>Petiit</span> <span class='ocrx_word' id='word_1_6' title='bbox 1134 623 1406 688; x_wconf 91' lang='lat' dir='ltr'>Natalis</span> <span class='ocrx_word' id='word_1_7' title='bbox 1436 624 2011 688; x_wconf 87' lang='lat' dir='ltr'><strong>informationem</strong></span> <span class='ocrx_word' id='word_1_8' title='bbox 2051 644 2094 688; x_wconf 87' lang='lat' dir='ltr'>a</span> <span class='ocrx_word' id='word_1_9' title='bbox 2133 624 2207 689; x_wconf 90' lang='grc' dir='ltr'>Ρ.</span> <span class='ocrx_word' id='word_1_10' title='bbox 2251 625 2529 706; x_wconf 90' lang='lat' dir='ltr'>Ignatio</span> <span class='ocrx_word' id='word_1_11' title='bbox 2571 626 2658 689; x_wconf 90' lang='lat' dir='ltr'>de</span> <span class='ocrx_word' id='word_1_12' title='bbox 2700 624 3007 689; x_wconf 86' lang='lat' dir='ltr'>Societa-</span> 
     </span>
     <span class='ocr_line' id='line_1_3' title="bbox 547 731 3008 814; baseline -0 -19"><span class='ocrx_word' id='word_1_13' title='bbox 547 732 643 796; x_wconf 90' lang='lat' dir='ltr'>tis</span> <span class='ocrx_word' id='word_1_14' title='bbox 671 732 873 796; x_wconf 90' lang='lat' dir='ltr'>initio</span> <span class='ocrx_word' id='word_1_15' title='bbox 904 742 971 796; x_wconf 93' lang='lat' dir='ltr'>et</span> <span class='ocrx_word' id='word_1_16' title='bbox 1001 749 1388 813; x_wconf 89' lang='lat' dir='ltr'>progressu</span> <span class='ocrx_word' id='word_1_17' title='bbox 1417 749 1640 813; x_wconf 93' lang='lat' dir='ltr'>usque</span> <span class='ocrx_word' id='word_1_18' title='bbox 1667 731 1759 794; x_wconf 92' lang='lat' dir='ltr'>ad</span> <span class='ocrx_word' id='word_1_19' title='bbox 1789 732 1960 796; x_wconf 92' lang='lat' dir='ltr'>illud</span> <span class='ocrx_word' id='word_1_20' title='bbox 1989 742 2295 813; x_wconf 83' lang='lat' dir='ltr'>tempuS,</span> <span class='ocrx_word' id='word_1_21' title='bbox 2328 742 2406 797; x_wconf 94' lang='lat' dir='ltr'>ut</span> <span class='ocrx_word' id='word_1_22' title='bbox 2435 732 2852 814; x_wconf 83' lang='lat' dir='ltr'>Imperatori</span> <span class='ocrx_word' id='word_1_23' title='bbox 2881 731 3008 796; x_wconf 84' lang='lat' dir='ltr'>Ca·</span> 
     </span>
     <span class='ocr_line' id='line_1_4' title="bbox 547 838 3014 919; baseline -0.001 -16"><span class='ocrx_word' id='word_1_24' title='bbox 547 841 725 919; x_wconf 88' lang='lat' dir='ltr'>r010,</span> <span class='ocrx_word' id='word_1_25' title='bbox 762 856 926 902; x_wconf 91' lang='lat' dir='ltr'>cum</span> <span class='ocrx_word' id='word_1_26' title='bbox 957 840 1303 919; x_wconf 84' lang='lat' dir='ltr'>agebatur</span> <span class='ocrx_word' id='word_1_27' title='bbox 1331 839 1417 902; x_wconf 98' lang='lat' dir='ltr'>de</span> <span class='ocrx_word' id='word_1_28' title='bbox 1447 838 1756 902; x_wconf 91' lang='lat' dir='ltr'>Abbatia</span> <span class='ocrx_word' id='word_1_29' title='bbox 1787 839 2198 919; x_wconf 91' lang='lat' dir='ltr'>obtinenda,</span> <span class='ocrx_word' id='word_1_30' title='bbox 2241 840 2666 918; x_wconf 89' lang='lat' dir='ltr'>mitteretur;</span> <span class='ocrx_word' id='word_1_31' title='bbox 2709 855 2889 919; x_wconf 88' lang='lat' dir='ltr'>quae</span> <span class='ocrx_word' id='word_1_32' title='bbox 2928 839 3014 901; x_wconf 92' lang='lat' dir='ltr'>si-</span> 
     </span>
     <span class='ocr_line' id='line_1_5' title="bbox 549 945 3014 1027; baseline -0.001 -17"><span class='ocrx_word' id='word_1_33' title='bbox 549 947 694 1010; x_wconf 91' lang='lat' dir='ltr'>mul</span> <span class='ocrx_word' id='word_1_34' title='bbox 736 964 899 1009; x_wconf 91' lang='lat' dir='ltr'>cum</span> <span class='ocrx_word' id='word_1_35' title='bbox 939 946 1192 1010; x_wconf 91' lang='lat' dir='ltr'>litteris</span> <span class='ocrx_word' id='word_1_36' title='bbox 1231 945 1663 1026; x_wconf 90' lang='lat' dir='ltr'>Apostolicis</span> <span class='ocrx_word' id='word_1_37' title='bbox 1701 946 1919 1009; x_wconf 89' lang='lat' dir='ltr'>missa</span> <span class='ocrx_word' id='word_1_38' title='bbox 1961 962 2225 1026; x_wconf 89' lang='lat' dir='ltr'>magna</span> <span class='ocrx_word' id='word_1_39' title='bbox 2264 946 2496 1027; x_wconf 91' lang='lat' dir='ltr'>ipsum</span> <span class='ocrx_word' id='word_1_40' title='bbox 2533 945 3014 1009; x_wconf 85' lang='lat' dir='ltr'>consolatione</span> 
     </span>
     <span class='ocr_line' id='line_1_6' title="bbox 548 1060 870 1126; baseline -0.012 0"><span class='ocrx_word' id='word_1_41' title='bbox 548 1062 787 1126; x_wconf 85' lang='lat' dir='ltr'>affecit</span> <span class='ocrx_word' id='word_1_42' title='bbox 829 1060 870 1122; x_wconf 88' lang='lat'>¹.</span> 
     </span>
    </p>

    <p class='ocr_par' dir='ltr' id='par_1_3' title="bbox 548 1151 3020 3391">
     <span class='ocr_line' id='line_1_7' title="bbox 675 1151 3014 1251; baseline -0 -19"><span class='ocrx_word' id='word_1_43' title='bbox 675 1170 807 1232; x_wconf 87' lang='grc'><strong>155.</strong></span> <span class='ocrx_word' id='word_1_44' title='bbox 898 1169 1053 1232; x_wconf 92' lang='lat' dir='ltr'>Hoc</span> <span class='ocrx_word' id='word_1_45' title='bbox 1082 1187 1270 1233; x_wconf 91' lang='lat' dir='ltr'>anno</span> <span class='ocrx_word' id='word_1_46' title='bbox 1302 1169 1586 1251; x_wconf 91' lang='lat' dir='ltr'>quidem</span> <span class='ocrx_word' id='word_1_47' title='bbox 1615 1169 1690 1232; x_wconf 92' lang='lat' dir='ltr'>P.</span> <span class='ocrx_word' id='word_1_48' title='bbox 1725 1170 2000 1233; x_wconf 89' lang='lat' dir='ltr'>Natalis</span> <span class='ocrx_word' id='word_1_49' title='bbox 2033 1170 2332 1234; x_wconf 87' lang='lat' dir='ltr'>obtinuit</span> <span class='ocrx_word' id='word_1_50' title='bbox 2362 1179 2436 1233; x_wconf 94' lang='lat' dir='ltr'>ut</span> <span class='ocrx_word' id='word_1_51' title='bbox 2468 1151 2723 1232; x_wconf 62' lang='lat' dir='ltr'>civitas</span> <span class='ocrx_word' id='word_1_52' title='bbox 2762 1186 3014 1250; x_wconf 92' lang='lat' dir='ltr'>panor-</span> 
     </span>
     <span class='ocr_line' id='line_1_8' title="bbox 551 1276 3013 1357; baseline -0.001 -17"><span class='ocrx_word' id='word_1_53' title='bbox 551 1278 820 1340; x_wconf 88' lang='lat' dir='ltr'>mitana</span> <span class='ocrx_word' id='word_1_54' title='bbox 852 1276 1285 1339; x_wconf 91' lang='lat' dir='ltr'>dotationem</span> <span class='ocrx_word' id='word_1_55' title='bbox 1313 1277 1506 1340; x_wconf 90' lang='lat' dir='ltr'>illam</span> <span class='ocrx_word' id='word_1_56' title='bbox 1535 1276 1859 1357; x_wconf 89' lang='lat' dir='ltr'>Collegii,</span> <span class='ocrx_word' id='word_1_57' title='bbox 1903 1277 2450 1357; x_wconf 90' lang='lat' dir='ltr'>quingentorum</span> <span class='ocrx_word' id='word_1_58' title='bbox 2488 1277 2757 1340; x_wconf 91' lang='lat' dir='ltr'>scilicet</span> <span class='ocrx_word' id='word_1_59' title='bbox 2785 1283 3013 1339; x_wconf 91' lang='lat' dir='ltr'>scuto-</span> 
     </span>
     <span class='ocr_line' id='line_1_9' title="bbox 549 1384 3016 1465; baseline -0.001 -17"><span class='ocrx_word' id='word_1_60' title='bbox 549 1402 709 1448; x_wconf 89' lang='lat' dir='ltr'>rum</span> <span class='ocrx_word' id='word_1_61' title='bbox 740 1400 1141 1460; x_wconf 88' lang='lat' dir='ltr'>aureorum,</span> <span class='ocrx_word' id='word_1_62' title='bbox 1184 1393 1525 1465; x_wconf 91' lang='lat' dir='ltr'>perpetuo</span> <span class='ocrx_word' id='word_1_63' title='bbox 1556 1384 2012 1465; x_wconf 90' lang='lat' dir='ltr'>stabiliretur,</span> <span class='ocrx_word' id='word_1_64' title='bbox 2057 1402 2237 1465; x_wconf 90' lang='lat' dir='ltr'>quae</span> <span class='ocrx_word' id='word_1_65' title='bbox 2267 1393 2543 1447; x_wconf 91' lang='lat' dir='ltr'>tantum</span> <span class='ocrx_word' id='word_1_66' title='bbox 2571 1384 2662 1446; x_wconf 90' lang='lat' dir='ltr'>ad</span> <span class='ocrx_word' id='word_1_67' title='bbox 2693 1384 2869 1447; x_wconf 92' lang='lat' dir='ltr'>duos</span> <span class='ocrx_word' id='word_1_68' title='bbox 2899 1401 3016 1445; x_wconf 89' lang='lat' dir='ltr'>an·</span> 
     </span>
     <span class='ocr_line' id='line_1_10' title="bbox 548 1489 3019 1572; baseline -0.001 -17"><span class='ocrx_word' id='word_1_69' title='bbox 548 1508 683 1555; x_wconf 92' lang='lat' dir='ltr'>nos</span> <span class='ocrx_word' id='word_1_70' title='bbox 725 1489 875 1570; x_wconf 89' lang='lat' dir='ltr'>jam</span> <span class='ocrx_word' id='word_1_71' title='bbox 930 1490 1079 1553; x_wconf 88' lang='lat' dir='ltr'>fere</span> <span class='ocrx_word' id='word_1_72' title='bbox 1134 1492 1416 1571; x_wconf 89' lang='lat' dir='ltr'>elapsos</span> <span class='ocrx_word' id='word_1_73' title='bbox 1465 1492 1820 1571; x_wconf 92' lang='lat' dir='ltr'>promissa</span> <span class='ocrx_word' id='word_1_74' title='bbox 1872 1491 2139 1572; x_wconf 88' lang='lat' dir='ltr'>fuerat;</span> <span class='ocrx_word' id='word_1_75' title='bbox 2193 1500 2262 1555; x_wconf 94' lang='lat' dir='ltr'>et</span> <span class='ocrx_word' id='word_1_76' title='bbox 2312 1491 2659 1555; x_wconf 89' lang='lat' dir='ltr'>Dominus</span> <span class='ocrx_word' id='word_1_77' title='bbox 2707 1490 3019 1572; x_wconf 90' lang='lat' dir='ltr'>Joannes</span> 
     </span>
     <span class='ocr_line' id='line_1_11' title="bbox 552 1597 3015 1679; baseline -0.001 -18"><span class='ocrx_word' id='word_1_78' title='bbox 552 1597 847 1662; x_wconf 90' lang='lat' dir='ltr'>Ossorio</span> <span class='ocrx_word' id='word_1_79' title='bbox 879 1598 1246 1677; x_wconf 84' lang='lat' dir='ltr'>egregiam</span> <span class='ocrx_word' id='word_1_80' title='bbox 1274 1615 1566 1679; x_wconf 84' lang='lat' dir='ltr'>operam</span> <span class='ocrx_word' id='word_1_81' title='bbox 1596 1599 1687 1662; x_wconf 89' lang='lat' dir='ltr'>ad</span> <span class='ocrx_word' id='word_1_82' title='bbox 1716 1599 1855 1661; x_wconf 91' lang='lat' dir='ltr'>hoc</span> <span class='ocrx_word' id='word_1_83' title='bbox 1885 1599 2250 1678; x_wconf 86' lang='lat' dir='ltr'>negotium</span> <span class='ocrx_word' id='word_1_84' title='bbox 2280 1598 2792 1661; x_wconf 90' lang='lat' dir='ltr'>conficiendum</span> <span class='ocrx_word' id='word_1_85' title='bbox 2819 1615 3015 1678; x_wconf 90' lang='lat' dir='ltr'>prae·</span> 
     </span>
     <span class='ocr_line' id='line_1_12' title="bbox 550 1705 3019 1785; baseline -0.001 -18"><span class='ocrx_word' id='word_1_86' title='bbox 550 1705 764 1784; x_wconf 90' lang='lat' dir='ltr'>stitit;</span> <span class='ocrx_word' id='word_1_87' title='bbox 820 1705 983 1785; x_wconf 91' lang='lat' dir='ltr'>quia</span> <span class='ocrx_word' id='word_1_88' title='bbox 1025 1722 1197 1768; x_wconf 89' lang='lat' dir='ltr'>vero</span> <span class='ocrx_word' id='word_1_89' title='bbox 1247 1705 1321 1768; x_wconf 91' lang='lat' dir='ltr'>in</span> <span class='ocrx_word' id='word_1_90' title='bbox 1370 1713 1741 1768; x_wconf 88' lang='lat' dir='ltr'>contractu</span> <span class='ocrx_word' id='word_1_91' title='bbox 1791 1706 1862 1768; x_wconf 92' lang='lat' dir='ltr'>id</span> <span class='ocrx_word' id='word_1_92' title='bbox 1912 1705 2406 1768; x_wconf 88' lang='lat' dir='ltr'>continebatur</span> <span class='ocrx_word' id='word_1_93' title='bbox 2457 1714 2531 1768; x_wconf 94' lang='lat' dir='ltr'>ut</span> <span class='ocrx_word' id='word_1_94' title='bbox 2575 1705 2835 1768; x_wconf 90' lang='lat' dir='ltr'>civitas</span> <span class='ocrx_word' id='word_1_95' title='bbox 2886 1705 3019 1767; x_wconf 93' lang='lat' dir='ltr'>hos</span> 
     </span>
     <span class='ocr_line' id='line_1_13' title="bbox 549 1810 3015 1892; baseline -0 -18"><span class='ocrx_word' id='word_1_96' title='bbox 549 1811 975 1892; x_wconf 89' lang='lat' dir='ltr'>quingentos</span> <span class='ocrx_word' id='word_1_97' title='bbox 1004 1828 1259 1874; x_wconf 92' lang='lat' dir='ltr'>aureos</span> <span class='ocrx_word' id='word_1_98' title='bbox 1290 1813 1630 1891; x_wconf 89' lang='lat' dir='ltr'>solveret,</span> <span class='ocrx_word' id='word_1_99' title='bbox 1666 1830 1754 1874; x_wconf 92' lang='lat' dir='ltr'>ne</span> <span class='ocrx_word' id='word_1_100' title='bbox 1794 1812 1883 1875; x_wconf 92' lang='lat' dir='ltr'>ab</span> <span class='ocrx_word' id='word_1_101' title='bbox 1915 1831 1998 1875; x_wconf 88' lang='lat' dir='ltr'>ea</span> <span class='ocrx_word' id='word_1_102' title='bbox 2030 1812 2327 1891; x_wconf 89' lang='lat' dir='ltr'>singulis</span> <span class='ocrx_word' id='word_1_103' title='bbox 2360 1812 2565 1874; x_wconf 89' lang='lat' dir='ltr'>annis</span> <span class='ocrx_word' id='word_1_104' title='bbox 2605 1810 2874 1874; x_wconf 92' lang='lat' dir='ltr'>reditus</span> <span class='ocrx_word' id='word_1_105' title='bbox 2903 1829 3015 1892; x_wconf 91' lang='lat' dir='ltr'>pe·</span> 
     </span>
     <span class='ocr_line' id='line_1_14' title="bbox 550 1918 3020 2000; baseline -0.001 -18"><span class='ocrx_word' id='word_1_106' title='bbox 550 1919 805 1982; x_wconf 92' lang='lat' dir='ltr'>tendus</span> <span class='ocrx_word' id='word_1_107' title='bbox 836 1927 1053 1998; x_wconf 92' lang='lat' dir='ltr'>esset,</span> <span class='ocrx_word' id='word_1_108' title='bbox 1087 1919 1395 2000; x_wconf 87' lang='lat' dir='ltr'>aliquam</span> <span class='ocrx_word' id='word_1_109' title='bbox 1425 1919 1588 1998; x_wconf 86' lang='lat' dir='ltr'>iniri</span> <span class='ocrx_word' id='word_1_110' title='bbox 1619 1919 1969 1982; x_wconf 90' lang='lat' dir='ltr'>rationem</span> <span class='ocrx_word' id='word_1_111' title='bbox 1999 1919 2074 1982; x_wconf 91' lang='lat' dir='ltr'>P.</span> <span class='ocrx_word' id='word_1_112' title='bbox 2120 1919 2391 1982; x_wconf 89' lang='lat' dir='ltr'>Natalis</span> <span class='ocrx_word' id='word_1_113' title='bbox 2433 1919 2690 1996; x_wconf 89' lang='lat' dir='ltr'>voluit;</span> <span class='ocrx_word' id='word_1_114' title='bbox 2737 1918 2862 1981; x_wconf 92' lang='lat' dir='ltr'>sed</span> <span class='ocrx_word' id='word_1_115' title='bbox 2903 1936 3020 1981; x_wconf 90' lang='lat' dir='ltr'>res</span> 
     </span>
     <span class='ocr_line' id='line_1_15' title="bbox 549 2023 3017 2106; baseline -0.001 -18"><span class='ocrx_word' id='word_1_116' title='bbox 549 2026 940 2089; x_wconf 89' lang='lat' dir='ltr'>differenda</span> <span class='ocrx_word' id='word_1_117' title='bbox 968 2026 1098 2089; x_wconf 85' lang='lat' dir='ltr'>suit</span> <span class='ocrx_word' id='word_1_118' title='bbox 1125 2034 1201 2089; x_wconf 93' lang='lat' dir='ltr'>ut</span> <span class='ocrx_word' id='word_1_119' title='bbox 1225 2026 1511 2089; x_wconf 82' lang='lat' dir='ltr'>occasio</span> <span class='ocrx_word' id='word_1_120' title='bbox 1536 2024 1885 2106; x_wconf 88' lang='lat' dir='ltr'>quaedam</span> <span class='ocrx_word' id='word_1_121' title='bbox 1909 2034 2444 2106; x_wconf 85' lang='lat' dir='ltr'>exspectaretur</span> <span class='ocrx_word' id='word_1_122' title='bbox 2467 2023 2836 2105; x_wconf 90' lang='lat' dir='ltr'>cujusdam</span> <span class='ocrx_word' id='word_1_123' title='bbox 2857 2041 3017 2103; x_wconf 90' lang='lat' dir='ltr'>gra·</span> 
     </span>
     <span class='ocr_line' id='line_1_16' title="bbox 551 2131 3014 2214; baseline -0.001 -18"><span class='ocrx_word' id='word_1_124' title='bbox 551 2134 722 2212; x_wconf 87' lang='lat' dir='ltr'>tiae,</span> <span class='ocrx_word' id='word_1_125' title='bbox 761 2150 974 2213; x_wconf 90' lang='lat' dir='ltr'>quam</span> <span class='ocrx_word' id='word_1_126' title='bbox 997 2133 1253 2196; x_wconf 87' lang='lat' dir='ltr'>civitas</span> <span class='ocrx_word' id='word_1_127' title='bbox 1283 2152 1325 2196; x_wconf 88' lang='lat' dir='ltr'>a</span> <span class='ocrx_word' id='word_1_128' title='bbox 1355 2132 1697 2213; x_wconf 90' lang='lat' dir='ltr'>Pro-rege</span> <span class='ocrx_word' id='word_1_129' title='bbox 1722 2134 2149 2214; x_wconf 90' lang='lat' dir='ltr'>postulabat,</span> <span class='ocrx_word' id='word_1_130' title='bbox 2179 2141 2255 2195; x_wconf 93' lang='lat' dir='ltr'>ut</span> <span class='ocrx_word' id='word_1_131' title='bbox 2277 2131 2445 2195; x_wconf 91' lang='lat' dir='ltr'>dum</span> <span class='ocrx_word' id='word_1_132' title='bbox 2467 2149 2551 2194; x_wconf 91' lang='lat' dir='ltr'>ea</span> <span class='ocrx_word' id='word_1_133' title='bbox 2583 2131 3014 2210; x_wconf 83' lang='lat' dir='ltr'>conceditur,</span> 
     </span>
     <span class='ocr_line' id='line_1_17' title="bbox 552 2239 3018 2320; baseline -0 -19"><span class='ocrx_word' id='word_1_134' title='bbox 552 2239 689 2301; x_wconf 91' lang='lat' dir='ltr'>hoc</span> <span class='ocrx_word' id='word_1_135' title='bbox 720 2257 899 2302; x_wconf 90' lang='lat' dir='ltr'>onus</span> <span class='ocrx_word' id='word_1_136' title='bbox 931 2239 1429 2320; x_wconf 90' lang='lat' dir='ltr'>imponeretur,</span> <span class='ocrx_word' id='word_1_137' title='bbox 1458 2247 1534 2301; x_wconf 94' lang='lat' dir='ltr'>ut</span> <span class='ocrx_word' id='word_1_138' title='bbox 1563 2239 1833 2302; x_wconf 91' lang='lat' dir='ltr'>reditus</span> <span class='ocrx_word' id='word_1_139' title='bbox 1864 2239 2415 2319; x_wconf 90' lang='lat' dir='ltr'>quingentorum</span> <span class='ocrx_word' id='word_1_140' title='bbox 2443 2248 2808 2301; x_wconf 90' lang='lat' dir='ltr'>scutorum</span> <span class='ocrx_word' id='word_1_141' title='bbox 2836 2255 3018 2301; x_wconf 91' lang='lat' dir='ltr'>eme·</span> 
     </span>
     <span class='ocr_line' id='line_1_18' title="bbox 553 2345 3017 2427; baseline -0.001 -18"><span class='ocrx_word' id='word_1_142' title='bbox 553 2355 770 2426; x_wconf 91' lang='lat' dir='ltr'>retur,</span> <span class='ocrx_word' id='word_1_143' title='bbox 800 2363 1006 2427; x_wconf 91' lang='lat' dir='ltr'>quem</span> <span class='ocrx_word' id='word_1_144' title='bbox 1029 2345 1421 2426; x_wconf 89' lang='lat' dir='ltr'>Collegium</span> <span class='ocrx_word' id='word_1_145' title='bbox 1444 2347 1868 2412; x_wconf 90' lang='lat' dir='ltr'>auctoritate</span> <span class='ocrx_word' id='word_1_146' title='bbox 1890 2347 2181 2427; x_wconf 90' lang='lat' dir='ltr'>propria</span> <span class='ocrx_word' id='word_1_147' title='bbox 2202 2354 2443 2427; x_wconf 93' lang='lat' dir='ltr'>posset</span> <span class='ocrx_word' id='word_1_148' title='bbox 2466 2346 2774 2425; x_wconf 85' lang='lat' dir='ltr'>exigere.</span> <span class='ocrx_word' id='word_1_149' title='bbox 2811 2345 3017 2409; x_wconf 89' lang='lat' dir='ltr'>Nulla</span> 
     </span>
     <span class='ocr_line' id='line_1_19' title="bbox 556 2453 3018 2533; baseline -0 -17"><span class='ocrx_word' id='word_1_150' title='bbox 556 2471 727 2516; x_wconf 88' lang='lat' dir='ltr'>vero</span> <span class='ocrx_word' id='word_1_151' title='bbox 778 2453 1114 2533; x_wconf 86' lang='lat' dir='ltr'>obligatio</span> <span class='ocrx_word' id='word_1_152' title='bbox 1165 2470 1326 2517; x_wconf 91' lang='lat' dir='ltr'>cum</span> <span class='ocrx_word' id='word_1_153' title='bbox 1372 2454 1483 2516; x_wconf 90' lang='lat' dir='ltr'>his</span> <span class='ocrx_word' id='word_1_154' title='bbox 1527 2454 1870 2517; x_wconf 86' lang='lat' dir='ltr'>reditibus</span> <span class='ocrx_word' id='word_1_155' title='bbox 1921 2454 2233 2517; x_wconf 91' lang='lat' dir='ltr'>admissa</span> <span class='ocrx_word' id='word_1_156' title='bbox 2274 2462 2382 2517; x_wconf 92' lang='lat' dir='ltr'>est</span> <span class='ocrx_word' id='word_1_157' title='bbox 2431 2454 2570 2516; x_wconf 91' lang='lat' dir='ltr'>nisi</span> <span class='ocrx_word' id='word_1_158' title='bbox 2607 2462 2882 2516; x_wconf 89' lang='lat' dir='ltr'>tantum</span> <span class='ocrx_word' id='word_1_159' title='bbox 2927 2453 3018 2516; x_wconf 91' lang='lat' dir='ltr'>ad</span> 
     </span>
     <span class='ocr_line' id='line_1_20' title="bbox 550 2559 3016 2641; baseline -0.001 -17"><span class='ocrx_word' id='word_1_160' title='bbox 550 2562 730 2625; x_wconf 88' lang='lat' dir='ltr'>duo:</span> <span class='ocrx_word' id='word_1_161' title='bbox 774 2561 1105 2640; x_wconf 90' lang='lat' dir='ltr'>alterum,</span> <span class='ocrx_word' id='word_1_162' title='bbox 1160 2561 1460 2640; x_wconf 92' lang='lat' dir='ltr'>scilicet,</span> <span class='ocrx_word' id='word_1_163' title='bbox 1504 2578 1593 2624; x_wconf 90' lang='lat' dir='ltr'>ne</span> <span class='ocrx_word' id='word_1_164' title='bbox 1632 2560 1900 2624; x_wconf 90' lang='lat' dir='ltr'>reditus</span> <span class='ocrx_word' id='word_1_165' title='bbox 1939 2561 2030 2624; x_wconf 90' lang='lat' dir='ltr'>ad</span> <span class='ocrx_word' id='word_1_166' title='bbox 2080 2561 2270 2624; x_wconf 92' lang='lat' dir='ltr'>aliud</span> <span class='ocrx_word' id='word_1_167' title='bbox 2316 2576 2532 2641; x_wconf 86' lang='lat' dir='ltr'>quam</span> <span class='ocrx_word' id='word_1_168' title='bbox 2581 2560 2671 2622; x_wconf 89' lang='lat' dir='ltr'>ad</span> <span class='ocrx_word' id='word_1_169' title='bbox 2720 2559 3016 2640; x_wconf 91' lang='lat' dir='ltr'>Collegii</span> 
     </span>
     <span class='ocr_line' id='line_1_21' title="bbox 552 2666 3015 2748; baseline -0.001 -15"><span class='ocrx_word' id='word_1_170' title='bbox 552 2685 760 2733; x_wconf 91' lang='lat' dir='ltr'>usum</span> <span class='ocrx_word' id='word_1_171' title='bbox 792 2676 1398 2748; x_wconf 87' lang='lat' dir='ltr'>converterentur,</span> <span class='ocrx_word' id='word_1_172' title='bbox 1433 2669 1733 2732; x_wconf 90' lang='lat' dir='ltr'>alterum</span> <span class='ocrx_word' id='word_1_173' title='bbox 1768 2678 1845 2732; x_wconf 94' lang='lat' dir='ltr'>ut</span> <span class='ocrx_word' id='word_1_174' title='bbox 1879 2666 2267 2748; x_wconf 89' lang='lat' dir='ltr'>juventutis</span> <span class='ocrx_word' id='word_1_175' title='bbox 2307 2667 2381 2731; x_wconf 92' lang='lat' dir='ltr'>in</span> <span class='ocrx_word' id='word_1_176' title='bbox 2409 2667 2661 2731; x_wconf 89' lang='lat' dir='ltr'>litteris</span> <span class='ocrx_word' id='word_1_177' title='bbox 2700 2675 2768 2731; x_wconf 95' lang='lat' dir='ltr'>et</span> <span class='ocrx_word' id='word_1_178' title='bbox 2810 2668 3015 2732; x_wconf 91' lang='lat' dir='ltr'>mori·</span> 
     </span>
     <span class='ocr_line' id='line_1_22' title="bbox 553 2767 3017 2857; baseline -0 -18"><span class='ocrx_word' id='word_1_179' title='bbox 553 2767 683 2840; x_wconf 87' lang='lat' dir='ltr'>bus</span> <span class='ocrx_word' id='word_1_180' title='bbox 707 2776 1215 2839; x_wconf 90' lang='lat' dir='ltr'>institutionem</span> <span class='ocrx_word' id='word_1_181' title='bbox 1236 2774 1556 2839; x_wconf 87' lang='lat' dir='ltr'>Societas</span> <span class='ocrx_word' id='word_1_182' title='bbox 1578 2786 2146 2857; x_wconf 87' lang='lat' dir='ltr'>prosequeretur.</span> <span class='ocrx_word' id='word_1_183' title='bbox 2175 2775 2519 2855; x_wconf 80' lang='lat' dir='ltr'>Quamvis</span> <span class='ocrx_word' id='word_1_184' title='bbox 2543 2785 2780 2838; x_wconf 92' lang='lat' dir='ltr'>autem</span> <span class='ocrx_word' id='word_1_185' title='bbox 2797 2773 3017 2854; x_wconf 84' lang='lat' dir='ltr'>J&#39;urati</span> 
     </span>
     <span class='ocr_line' id='line_1_23' title="bbox 553 2881 3017 2963; baseline -0 -18"><span class='ocrx_word' id='word_1_186' title='bbox 553 2891 1000 2946; x_wconf 88' lang='lat' dir='ltr'>contractum</span> <span class='ocrx_word' id='word_1_187' title='bbox 1022 2884 1208 2946; x_wconf 90' lang='lat' dir='ltr'>hunc</span> <span class='ocrx_word' id='word_1_188' title='bbox 1231 2883 1677 2963; x_wconf 89' lang='lat' dir='ltr'>stipularunt,</span> <span class='ocrx_word' id='word_1_189' title='bbox 1697 2901 1841 2947; x_wconf 94' lang='lat' dir='ltr'>non</span> <span class='ocrx_word' id='word_1_190' title='bbox 1859 2892 2095 2946; x_wconf 86' lang='lat' dir='ltr'>tamen</span> <span class='ocrx_word' id='word_1_191' title='bbox 2119 2881 2193 2946; x_wconf 92' lang='lat' dir='ltr'>P.</span> <span class='ocrx_word' id='word_1_192' title='bbox 2221 2882 2492 2945; x_wconf 90' lang='lat' dir='ltr'>Natalis</span> <span class='ocrx_word' id='word_1_193' title='bbox 2516 2882 2799 2945; x_wconf 89' lang='lat' dir='ltr'>admisit</span> <span class='ocrx_word' id='word_1_194' title='bbox 2824 2883 3017 2945; x_wconf 90' lang='lat' dir='ltr'>dota·</span> 
     </span>
     <span class='ocr_line' id='line_1_24' title="bbox 557 2989 3019 3071; baseline 0 -19"><span class='ocrx_word' id='word_1_195' title='bbox 557 2989 848 3070; x_wconf 92' lang='lat' dir='ltr'>tionem,</span> <span class='ocrx_word' id='word_1_196' title='bbox 882 2991 1106 3053; x_wconf 90' lang='lat' dir='ltr'>donec</span> <span class='ocrx_word' id='word_1_197' title='bbox 1134 2990 1211 3053; x_wconf 93' lang='lat' dir='ltr'>P.</span> <span class='ocrx_word' id='word_1_198' title='bbox 1246 2990 1563 3071; x_wconf 90' lang='lat' dir='ltr'>Ignatius</span> <span class='ocrx_word' id='word_1_199' title='bbox 1591 3002 1660 3054; x_wconf 91' lang='lat' dir='ltr'>et</span> <span class='ocrx_word' id='word_1_200' title='bbox 1683 2991 1958 3054; x_wconf 89' lang='lat' dir='ltr'>videret</span> <span class='ocrx_word' id='word_1_201' title='bbox 1984 2989 2288 3053; x_wconf 89' lang='lat' dir='ltr'>formam</span> <span class='ocrx_word' id='word_1_202' title='bbox 2318 2997 2727 3053; x_wconf 89' lang='lat' dir='ltr'>contractus</span> <span class='ocrx_word' id='word_1_203' title='bbox 2755 2997 2824 3051; x_wconf 93' lang='lat' dir='ltr'>et</span> <span class='ocrx_word' id='word_1_204' title='bbox 2862 3007 3019 3070; x_wconf 88' lang='lat' dir='ltr'>pro-</span> 
     </span>
     <span class='ocr_line' id='line_1_25' title="bbox 552 3095 3019 3178; baseline -0 -18"><span class='ocrx_word' id='word_1_205' title='bbox 552 3097 777 3175; x_wconf 79' lang='lat' dir='ltr'>baret3</span> <span class='ocrx_word' id='word_1_206' title='bbox 810 3106 978 3160; x_wconf 91' lang='lat' dir='ltr'>tunc</span> <span class='ocrx_word' id='word_1_207' title='bbox 1002 3097 1191 3160; x_wconf 92' lang='lat' dir='ltr'>enim</span> <span class='ocrx_word' id='word_1_208' title='bbox 1219 3106 1289 3160; x_wconf 89' lang='lat' dir='ltr'>et</span> <span class='ocrx_word' id='word_1_209' title='bbox 1317 3097 1733 3178; x_wconf 90' lang='lat' dir='ltr'>Imperatori</span> <span class='ocrx_word' id='word_1_210' title='bbox 1758 3097 2016 3162; x_wconf 90' lang='lat' dir='ltr'>Carolo</span> <span class='ocrx_word' id='word_1_211' title='bbox 2040 3095 2548 3175; x_wconf 89' lang='lat' dir='ltr'>confirmanda,</span> <span class='ocrx_word' id='word_1_212' title='bbox 2573 3104 2954 3177; x_wconf 90' lang='lat' dir='ltr'>postquam</span> <span class='ocrx_word' id='word_1_213' title='bbox 2977 3115 3019 3159; x_wconf 91' lang='lat' dir='ltr'>a</span> 
     </span>
     <span class='ocr_line' id='line_1_26' title="bbox 552 3203 3014 3284; baseline -0.001 -17"><span class='ocrx_word' id='word_1_214' title='bbox 552 3204 891 3284; x_wconf 89' lang='lat' dir='ltr'>Pro-rege</span> <span class='ocrx_word' id='word_1_215' title='bbox 923 3204 1342 3267; x_wconf 88' lang='lat' dir='ltr'>confirmata</span> <span class='ocrx_word' id='word_1_216' title='bbox 1373 3213 1581 3283; x_wconf 92' lang='lat' dir='ltr'>esset,</span> <span class='ocrx_word' id='word_1_217' title='bbox 1609 3205 1790 3267; x_wconf 89' lang='lat' dir='ltr'>mitti</span> <span class='ocrx_word' id='word_1_218' title='bbox 1811 3204 2132 3283; x_wconf 91' lang='lat' dir='ltr'>debebat,</span> <span class='ocrx_word' id='word_1_219' title='bbox 2166 3220 2255 3267; x_wconf 97' lang='lat' dir='ltr'>ne</span> <span class='ocrx_word' id='word_1_220' title='bbox 2283 3205 2425 3267; x_wconf 88' lang='lat' dir='ltr'>ulla</span> <span class='ocrx_word' id='word_1_221' title='bbox 2448 3203 2723 3266; x_wconf 91' lang='lat' dir='ltr'>ratione</span> <span class='ocrx_word' id='word_1_222' title='bbox 2753 3203 3014 3265; x_wconf 87' lang='lat' dir='ltr'>mutari</span> 
     </span>
     <span class='ocr_line' id='line_1_27' title="bbox 554 3311 1572 3391; baseline 0 -16"><span class='ocrx_word' id='word_1_223' title='bbox 554 3322 824 3391; x_wconf 81' lang='lat' dir='ltr'>posset3</span> <span class='ocrx_word' id='word_1_224' title='bbox 859 3320 926 3375; x_wconf 93' lang='lat' dir='ltr'>et</span> <span class='ocrx_word' id='word_1_225' title='bbox 959 3312 1057 3374; x_wconf 90' lang='lat' dir='ltr'>ita</span> <span class='ocrx_word' id='word_1_226' title='bbox 1087 3311 1415 3375; x_wconf 85' lang='lat' dir='ltr'>effectum</span> <span class='ocrx_word' id='word_1_227' title='bbox 1444 3320 1572 3375; x_wconf 92' lang='lat' dir='ltr'>est.</span> 
     </span>
    </p>

    <p class='ocr_par' dir='ltr' id='par_1_4' title="bbox 550 3417 3027 4246">
     <span class='ocr_line' id='line_1_28' title="bbox 676 3417 3024 3498; baseline -0.001 -18"><span class='ocrx_word' id='word_1_228' title='bbox 676 3417 811 3481; x_wconf 86' lang='lat'><strong>156.</strong></span> <span class='ocrx_word' id='word_1_229' title='bbox 898 3418 1172 3498; x_wconf 91' lang='lat' dir='ltr'>Itaque,</span> <span class='ocrx_word' id='word_1_230' title='bbox 1225 3418 1622 3498; x_wconf 74' lang='lat' dir='ltr'>conJunctis</span> <span class='ocrx_word' id='word_1_231' title='bbox 1666 3418 1776 3481; x_wconf 90' lang='lat' dir='ltr'>his</span> <span class='ocrx_word' id='word_1_232' title='bbox 1819 3418 2158 3481; x_wconf 89' lang='lat' dir='ltr'>reditibus</span> <span class='ocrx_word' id='word_1_233' title='bbox 2210 3435 2372 3480; x_wconf 92' lang='lat' dir='ltr'>cum</span> <span class='ocrx_word' id='word_1_234' title='bbox 2419 3417 2763 3497; x_wconf 88' lang='lat' dir='ltr'>Abbatia,</span> <span class='ocrx_word' id='word_1_235' title='bbox 2809 3433 3024 3496; x_wconf 91' lang='lat' dir='ltr'>quam</span> 
     </span>
     <span class='ocr_line' id='line_1_29' title="bbox 550 3524 3022 3606; baseline -0.001 -18"><span class='ocrx_word' id='word_1_236' title='bbox 550 3526 852 3589; x_wconf 91' lang='lat' dir='ltr'>Carolus</span> <span class='ocrx_word' id='word_1_237' title='bbox 900 3526 1313 3606; x_wconf 63' lang='lat' dir='ltr'>Imoerator,</span> <span class='ocrx_word' id='word_1_238' title='bbox 1360 3534 1619 3605; x_wconf 91' lang='lat' dir='ltr'>rogatu</span> <span class='ocrx_word' id='word_1_239' title='bbox 1656 3524 2018 3605; x_wconf 91' lang='lat' dir='ltr'>Pro-regis</span> <span class='ocrx_word' id='word_1_240' title='bbox 2049 3525 2581 3604; x_wconf 89' lang='lat' dir='ltr'>assignaverat,</span> <span class='ocrx_word' id='word_1_241' title='bbox 2613 3541 2797 3605; x_wconf 88' lang='lat' dir='ltr'>quae</span> <span class='ocrx_word' id='word_1_242' title='bbox 2828 3524 3022 3604; x_wconf 91' lang='lat' dir='ltr'>quin·</span> 
     </span>
     <span class='ocr_line' id='line_1_30' title="bbox 553 3628 3018 3713; baseline -0.001 -18"><span class='ocrx_word' id='word_1_243' title='bbox 553 3641 809 3711; x_wconf 92' lang='lat' dir='ltr'>gentos</span> <span class='ocrx_word' id='word_1_244' title='bbox 839 3641 908 3695; x_wconf 94' lang='lat' dir='ltr'>et</span> <span class='ocrx_word' id='word_1_245' title='bbox 938 3632 1453 3713; x_wconf 89' lang='lat' dir='ltr'>quinquaginta</span> <span class='ocrx_word' id='word_1_246' title='bbox 1486 3649 1742 3696; x_wconf 89' lang='lat' dir='ltr'>aureos</span> <span class='ocrx_word' id='word_1_247' title='bbox 1773 3631 2080 3710; x_wconf 89' lang='lat' dir='ltr'>valebat,</span> <span class='ocrx_word' id='word_1_248' title='bbox 2115 3640 2184 3694; x_wconf 91' lang='lat' dir='ltr'>et</span> <span class='ocrx_word' id='word_1_249' title='bbox 2207 3630 2643 3694; x_wconf 89' lang='lat' dir='ltr'>haereditate</span> <span class='ocrx_word' id='word_1_250' title='bbox 2671 3628 3018 3693; x_wconf 89' lang='lat' dir='ltr'>Ludovici</span> 
     </span>
     <span class='ocr_line' id='line_1_31' title="bbox 556 3736 3025 3819; baseline -0.001 -18"><span class='ocrx_word' id='word_1_251' title='bbox 556 3737 907 3815; x_wconf 87' lang='lat' dir='ltr'>Sanchez,</span> <span class='ocrx_word' id='word_1_252' title='bbox 953 3755 1133 3819; x_wconf 90' lang='lat' dir='ltr'>quae</span> <span class='ocrx_word' id='word_1_253' title='bbox 1171 3736 1321 3817; x_wconf 90' lang='lat' dir='ltr'>jam</span> <span class='ocrx_word' id='word_1_254' title='bbox 1363 3738 1679 3818; x_wconf 89' lang='lat' dir='ltr'>Collegio</span> <span class='ocrx_word' id='word_1_255' title='bbox 1718 3738 1949 3801; x_wconf 89' lang='lat' dir='ltr'>fuerat</span> <span class='ocrx_word' id='word_1_256' title='bbox 2001 3738 2386 3819; x_wconf 90' lang='lat' dir='ltr'>applicata,</span> <span class='ocrx_word' id='word_1_257' title='bbox 2441 3736 3025 3801; x_wconf 88' lang='lat' dir='ltr'>Panormitanum</span> 
     </span>
     <span class='ocr_line' id='line_1_32' title="bbox 560 3844 3023 3926; baseline -0.001 -17"><span class='ocrx_word' id='word_1_258' title='bbox 560 3844 953 3925; x_wconf 89' lang='lat' dir='ltr'>Collegium</span> <span class='ocrx_word' id='word_1_259' title='bbox 982 3863 1193 3926; x_wconf 93' lang='lat' dir='ltr'>super</span> <span class='ocrx_word' id='word_1_260' title='bbox 1222 3846 1408 3909; x_wconf 90' lang='lat' dir='ltr'>mille</span> <span class='ocrx_word' id='word_1_261' title='bbox 1438 3855 1507 3909; x_wconf 91' lang='lat' dir='ltr'>et</span> <span class='ocrx_word' id='word_1_262' title='bbox 1538 3847 2026 3926; x_wconf 89' lang='lat' dir='ltr'>septingentos</span> <span class='ocrx_word' id='word_1_263' title='bbox 2065 3862 2321 3908; x_wconf 90' lang='lat' dir='ltr'>aureos</span> <span class='ocrx_word' id='word_1_264' title='bbox 2352 3845 2569 3907; x_wconf 91' lang='lat' dir='ltr'>annui</span> <span class='ocrx_word' id='word_1_265' title='bbox 2605 3844 2876 3907; x_wconf 93' lang='lat' dir='ltr'>reditus</span> <span class='ocrx_word' id='word_1_266' title='bbox 2905 3844 3023 3906; x_wconf 88' lang='lat' dir='ltr'>ha-</span> 
     </span>
     <span class='ocr_line' id='line_1_33' title="bbox 560 3950 3027 4034; baseline -0.001 -18"><span class='ocrx_word' id='word_1_267' title='bbox 560 3952 722 4016; x_wconf 89' lang='lat' dir='ltr'>bere</span> <span class='ocrx_word' id='word_1_268' title='bbox 752 3954 1006 4034; x_wconf 91' lang='lat' dir='ltr'>coepit,</span> <span class='ocrx_word' id='word_1_269' title='bbox 1042 3961 1111 4016; x_wconf 88' lang='lat' dir='ltr'>et</span> <span class='ocrx_word' id='word_1_270' title='bbox 1140 3953 1306 4033; x_wconf 88' lang='lat' dir='ltr'>quia</span> <span class='ocrx_word' id='word_1_271' title='bbox 1335 3952 1602 4015; x_wconf 90' lang='lat' dir='ltr'>Romae</span> <span class='ocrx_word' id='word_1_272' title='bbox 1632 3969 1674 4014; x_wconf 90' lang='lat' dir='ltr'>a</span> <span class='ocrx_word' id='word_1_273' title='bbox 1705 3951 2043 4015; x_wconf 90' lang='lat' dir='ltr'>Pontifice</span> <span class='ocrx_word' id='word_1_274' title='bbox 2075 3950 2387 4030; x_wconf 89' lang='lat' dir='ltr'>Summ0,</span> <span class='ocrx_word' id='word_1_275' title='bbox 2419 3951 2607 4033; x_wconf 90' lang='lat' dir='ltr'>Julio</span> <span class='ocrx_word' id='word_1_276' title='bbox 2636 3951 2758 4030; x_wconf 92' lang='lat' dir='ltr'>III,</span> <span class='ocrx_word' id='word_1_277' title='bbox 2792 3952 3027 4030; x_wconf 89' lang='lat' dir='ltr'>gratia</span> 
     </span>
     <span class='ocr_line' id='line_1_34' title="bbox 557 4056 3022 4140; baseline -0 -19"><span class='ocrx_word' id='word_1_278' title='bbox 557 4060 847 4123; x_wconf 89' lang='lat' dir='ltr'>obtenta</span> <span class='ocrx_word' id='word_1_279' title='bbox 876 4068 981 4123; x_wconf 92' lang='lat' dir='ltr'>est</span> <span class='ocrx_word' id='word_1_280' title='bbox 1009 4068 1086 4123; x_wconf 93' lang='lat' dir='ltr'>ut</span> <span class='ocrx_word' id='word_1_281' title='bbox 1115 4059 1467 4139; x_wconf 90' lang='lat' dir='ltr'>quaedam</span> <span class='ocrx_word' id='word_1_282' title='bbox 1493 4059 1838 4140; x_wconf 89' lang='lat' dir='ltr'>pecuniae</span> <span class='ocrx_word' id='word_1_283' title='bbox 1872 4075 2180 4137; x_wconf 89' lang='lat' dir='ltr'>summa,</span> <span class='ocrx_word' id='word_1_284' title='bbox 2225 4075 2437 4139; x_wconf 88' lang='lat' dir='ltr'>quam</span> <span class='ocrx_word' id='word_1_285' title='bbox 2477 4058 2590 4121; x_wconf 89' lang='lat' dir='ltr'>ille</span> <span class='ocrx_word' id='word_1_286' title='bbox 2630 4056 2796 4121; x_wconf 89' lang='lat' dir='ltr'>Sedi</span> <span class='ocrx_word' id='word_1_287' title='bbox 2836 4058 3022 4138; x_wconf 91' lang='lat' dir='ltr'>Apo·</span> 
     </span>
     <span class='ocr_line' id='line_1_35' title="bbox 555 4163 3026 4246; baseline -0 -18"><span class='ocrx_word' id='word_1_288' title='bbox 555 4167 849 4230; x_wconf 90' lang='lat' dir='ltr'>stolicae</span> <span class='ocrx_word' id='word_1_289' title='bbox 872 4166 1191 4239; x_wconf 83' lang='lat' dir='ltr'>debebat,</span> <span class='ocrx_word' id='word_1_290' title='bbox 1222 4166 1294 4229; x_wconf 92' lang='lat' dir='ltr'>in</span> <span class='ocrx_word' id='word_1_291' title='bbox 1325 4183 1532 4229; x_wconf 90' lang='lat' dir='ltr'>usum</span> <span class='ocrx_word' id='word_1_292' title='bbox 1557 4163 1763 4244; x_wconf 88' lang='lat' dir='ltr'>hujus</span> <span class='ocrx_word' id='word_1_293' title='bbox 1786 4165 2084 4244; x_wconf 92' lang='lat' dir='ltr'>Collegii</span> <span class='ocrx_word' id='word_1_294' title='bbox 2115 4166 2615 4246; x_wconf 87' lang='lat' dir='ltr'>applicaretur,</span> <span class='ocrx_word' id='word_1_295' title='bbox 2648 4164 3026 4245; x_wconf 89' lang='lat' dir='ltr'>plusquam</span> 
     </span>
    </p>
   </div>
   <div class='ocr_carea' id='block_1_3' title="bbox 565 4305 984 4319">
    <p class='ocr_par' dir='ltr' id='par_1_5' title="bbox 565 4305 984 4319">
     <span class='ocr_line' id='line_1_36' title="bbox 565 4305 984 4319; baseline 0 0"><span class='ocrx_word' id='word_1_296' title='bbox 565 4305 984 4319; x_wconf 95' lang='lat' dir='ltr'> </span> 
     </span>
    </p>
   </div>
   <div class='ocr_carea' id='block_1_4' title="bbox 552 4369 3040 4782">
    <p class='ocr_par' dir='ltr' id='par_1_6' title="bbox 552 4369 3040 4782">
     <span class='ocr_line' id='line_1_37' title="bbox 636 4369 3019 4425; baseline -0.001 -12"><span class='ocrx_word' id='word_1_297' title='bbox 636 4372 654 4403; x_wconf 83' lang='lat'>¹</span> <span class='ocrx_word' id='word_1_298' title='bbox 712 4371 931 4414; x_wconf 86' lang='lat' dir='ltr'>Praeter</span> <span class='ocrx_word' id='word_1_299' title='bbox 951 4370 1363 4414; x_wconf 79' lang='lat' dir='ltr'>informationem</span> <span class='ocrx_word' id='word_1_300' title='bbox 1385 4370 1518 4413; x_wconf 87' lang='lat' dir='ltr'>hanc</span> <span class='ocrx_word' id='word_1_301' title='bbox 1540 4369 1727 4413; x_wconf 90' lang='lat' dir='ltr'>Carolo</span> <span class='ocrx_word' id='word_1_302' title='bbox 1749 4369 1810 4420; x_wconf 89' lang='lat' dir='ltr'>V,</span> <span class='ocrx_word' id='word_1_303' title='bbox 1842 4370 2176 4425; x_wconf 78' lang='lat' dir='ltr'>Imperatori,</span> <span class='ocrx_word' id='word_1_304' title='bbox 2212 4369 2597 4422; x_wconf 77' lang='lat' dir='ltr'>ostendendam,</span> <span class='ocrx_word' id='word_1_305' title='bbox 2634 4369 2823 4412; x_wconf 83' lang='lat' dir='ltr'>missae</span> <span class='ocrx_word' id='word_1_306' title='bbox 2861 4369 3019 4411; x_wconf 90' lang='lat' dir='ltr'>etiam</span> 
     </span>
     <span class='ocr_line' id='line_1_38' title="bbox 555 4437 3040 4495; baseline -0.002 -10"><span class='ocrx_word' id='word_1_307' title='bbox 555 4446 673 4485; x_wconf 77' lang='lat' dir='ltr'>sunt</span> <span class='ocrx_word' id='word_1_308' title='bbox 690 4442 919 4495; x_wconf 80' lang='lat' dir='ltr'>litterae,</span> <span class='ocrx_word' id='word_1_309' title='bbox 941 4451 1069 4495; x_wconf 86' lang='lat' dir='ltr'>quas</span> <span class='ocrx_word' id='word_1_310' title='bbox 1091 4440 1253 4484; x_wconf 85' lang='lat' dir='ltr'>eidem</span> <span class='ocrx_word' id='word_1_311' title='bbox 1288 4439 1596 4493; x_wconf 82' lang='lat' dir='ltr'>Imperatori</span> <span class='ocrx_word' id='word_1_312' title='bbox 1632 4441 1726 4483; x_wconf 80' lang='lat' dir='ltr'>sub</span> <span class='ocrx_word' id='word_1_313' title='bbox 1760 4441 1906 4484; x_wconf 87' lang='lat' dir='ltr'>initio</span> <span class='ocrx_word' id='word_1_314' title='bbox 1941 4440 2091 4495; x_wconf 82' lang='lat' dir='ltr'>hujus</span> <span class='ocrx_word' id='word_1_315' title='bbox 2125 4440 2259 4493; x_wconf 87' lang='lat' dir='ltr'>anni,</span> <span class='ocrx_word' id='word_1_316' title='bbox 2297 4440 2347 4482; x_wconf 88' lang='lat' dir='ltr'>in</span> <span class='ocrx_word' id='word_1_317' title='bbox 2380 4439 2876 4483; x_wconf 84' lang='lat' dir='ltr'>commendationem</span> <span class='ocrx_word' id='word_1_318' title='bbox 2911 4437 3040 4482; x_wconf 89' lang='lat' dir='ltr'>Col·.</span> 
     </span>
     <span class='ocr_line' id='line_1_39' title="bbox 556 4509 3023 4567; baseline -0 -12"><span class='ocrx_word' id='word_1_319' title='bbox 556 4512 809 4566; x_wconf 79' lang='lat' dir='ltr'>legiorum</span> <span class='ocrx_word' id='word_1_320' title='bbox 830 4511 1054 4565; x_wconf 83' lang='lat' dir='ltr'>Siciliae,</span> <span class='ocrx_word' id='word_1_321' title='bbox 1074 4512 1299 4567; x_wconf 71' lang='lat' dir='ltr'>scripsit,</span> <span class='ocrx_word' id='word_1_322' title='bbox 1322 4513 1440 4556; x_wconf 87' lang='lat' dir='ltr'>dum</span> <span class='ocrx_word' id='word_1_323' title='bbox 1459 4511 1627 4555; x_wconf 85' lang='lat' dir='ltr'>adhuc</span> <span class='ocrx_word' id='word_1_324' title='bbox 1650 4510 1845 4555; x_wconf 84' lang='lat' dir='ltr'>Romae</span> <span class='ocrx_word' id='word_1_325' title='bbox 1868 4516 2021 4560; x_wconf 85' lang='lat' dir='ltr'>esset.</span> <span class='ocrx_word' id='word_1_326' title='bbox 2041 4510 2158 4555; x_wconf 87' lang='lat' dir='ltr'>Dux</span> <span class='ocrx_word' id='word_1_327' title='bbox 2179 4510 2430 4555; x_wconf 87' lang='lat' dir='ltr'>Gandiae.</span> <span class='ocrx_word' id='word_1_328' title='bbox 2449 4510 2648 4554; x_wconf 81' lang='lat' dir='ltr'>Harum</span> <span class='ocrx_word' id='word_1_329' title='bbox 2665 4509 3023 4564; x_wconf 71' lang='lat' dir='ltr'>apographum</span> 
     </span>
     <span class='ocr_line' id='line_1_40' title="bbox 552 4582 3021 4641; baseline -0.001 -14"><span class='ocrx_word' id='word_1_330' title='bbox 552 4584 605 4627; x_wconf 84' lang='lat'>21</span> <span class='ocrx_word' id='word_1_331' title='bbox 627 4583 902 4628; x_wconf 81' lang='lat' dir='ltr'>Februarii</span> <span class='ocrx_word' id='word_1_332' title='bbox 921 4583 1211 4628; x_wconf 78' lang='lat' dir='ltr'>Messanam</span> <span class='ocrx_word' id='word_1_333' title='bbox 1230 4583 1296 4628; x_wconf 87' lang='lat' dir='ltr'>ad</span> <span class='ocrx_word' id='word_1_334' title='bbox 1318 4584 1373 4627; x_wconf 88' lang='lat' dir='ltr'>P.</span> <span class='ocrx_word' id='word_1_335' title='bbox 1396 4584 1765 4641; x_wconf 83' lang='lat' dir='ltr'>Hieronymum</span> <span class='ocrx_word' id='word_1_336' title='bbox 1797 4583 2040 4627; x_wconf 83' lang='lat' dir='ltr'>Natalem</span> <span class='ocrx_word' id='word_1_337' title='bbox 2061 4584 2271 4629; x_wconf 80' lang='lat' dir='ltr'>missum</span> <span class='ocrx_word' id='word_1_338' title='bbox 2305 4589 2408 4637; x_wconf 82' lang='lat' dir='ltr'>est,</span> <span class='ocrx_word' id='word_1_339' title='bbox 2444 4583 2511 4626; x_wconf 86' lang='lat' dir='ltr'>ad</span> <span class='ocrx_word' id='word_1_340' title='bbox 2547 4589 2752 4626; x_wconf 72' lang='lat' dir='ltr'>nostros</span> <span class='ocrx_word' id='word_1_341' title='bbox 2781 4582 3021 4626; x_wconf 89' lang='lat' dir='ltr'>Panormi</span> 
     </span>
     <span class='ocr_line' id='line_1_41' title="bbox 558 4652 3026 4710; baseline 0 -13"><span class='ocrx_word' id='word_1_342' title='bbox 558 4655 808 4709; x_wconf 79' lang='lat' dir='ltr'>degentes</span> <span class='ocrx_word' id='word_1_343' title='bbox 828 4655 1035 4699; x_wconf 88' lang='lat' dir='ltr'>tandem</span> <span class='ocrx_word' id='word_1_344' title='bbox 1057 4655 1526 4699; x_wconf 80' lang='lat' dir='ltr'>transmittendum.</span> <span class='ocrx_word' id='word_1_345' title='bbox 1546 4654 1844 4710; x_wconf 79' lang='lat' dir='ltr'>—Ignatius</span> <span class='ocrx_word' id='word_1_346' title='bbox 1864 4654 2048 4708; x_wconf 87' lang='lat' dir='ltr'>Joanni</span> <span class='ocrx_word' id='word_1_347' title='bbox 2081 4656 2142 4699; x_wconf 93' lang='lat' dir='ltr'>de</span> <span class='ocrx_word' id='word_1_348' title='bbox 2165 4655 2315 4710; x_wconf 79' lang='lat' dir='ltr'>Vega</span> <span class='ocrx_word' id='word_1_349' title='bbox 2346 4654 2569 4700; x_wconf 73' lang='lat' dir='ltr'>officiose</span> <span class='ocrx_word' id='word_1_350' title='bbox 2585 4686 2596 4707; x_wconf 88' lang='lat'>,</span> <span class='ocrx_word' id='word_1_351' title='bbox 2630 4653 2691 4696; x_wconf 86' lang='lat' dir='ltr'>de</span> <span class='ocrx_word' id='word_1_352' title='bbox 2715 4652 2871 4697; x_wconf 72' lang='lat' dir='ltr'>Ducis</span> <span class='ocrx_word' id='word_1_353' title='bbox 2891 4653 3026 4697; x_wconf 81' lang='lat' dir='ltr'>Gan-</span> 
     </span>
     <span class='ocr_line' id='line_1_42' title="bbox 561 4725 3027 4782; baseline -0.001 -12"><span class='ocrx_word' id='word_1_354' title='bbox 561 4726 676 4770; x_wconf 82' lang='lat' dir='ltr'>dlae</span> <span class='ocrx_word' id='word_1_355' title='bbox 698 4727 890 4771; x_wconf 80' lang='lat' dir='ltr'>litteris</span> <span class='ocrx_word' id='word_1_356' title='bbox 909 4735 960 4771; x_wconf 90' lang='lat' dir='ltr'>et</span> <span class='ocrx_word' id='word_1_357' title='bbox 984 4728 1046 4771; x_wconf 90' lang='lat' dir='ltr'>de</span> <span class='ocrx_word' id='word_1_358' title='bbox 1068 4726 1313 4782; x_wconf 77' lang='lat' dir='ltr'>Collegiis</span> <span class='ocrx_word' id='word_1_359' title='bbox 1328 4726 1555 4780; x_wconf 84' lang='lat' dir='ltr'>Siciliae,</span> <span class='ocrx_word' id='word_1_360' title='bbox 1575 4727 1603 4769; x_wconf 92' lang='lat'>9</span> <span class='ocrx_word' id='word_1_361' title='bbox 1617 4726 1754 4779; x_wconf 74' lang='lat' dir='ltr'>Maii:</span> <span class='ocrx_word' id='word_1_362' title='bbox 1774 4727 1907 4771; x_wconf 86' lang='lat' dir='ltr'>idem</span> <span class='ocrx_word' id='word_1_363' title='bbox 1922 4727 2105 4780; x_wconf 85' lang='lat' dir='ltr'>Joannl</span> <span class='ocrx_word' id='word_1_364' title='bbox 2124 4727 2322 4782; x_wconf 82' lang='lat' dir='ltr'>Osorio,</span> <span class='ocrx_word' id='word_1_365' title='bbox 2339 4726 2706 4782; x_wconf 77' lang='lat' dir='ltr'>gratulatorie,</span> <span class='ocrx_word' id='word_1_366' title='bbox 2728 4725 2910 4769; x_wconf 85' lang='lat' dir='ltr'>eadem</span> <span class='ocrx_word' id='word_1_367' title='bbox 2925 4726 3027 4777; x_wconf 84' lang='lat' dir='ltr'>die.</span> 
     </span>
    </p>
   </div>
  </div>
 </body>
</html>
