3679 5414
713 411 819 519 126
1622 459 1877 519 Canos.
1919 456 2071 519 Soc.
2114 459 2254 532 Jsss.

713 606 1043 687 quamvis
1073 615 1367 685 paratus
1396 614 1582 668 esset
1614 603 1930 683 obedire,
1965 605 2174 668 datus
2200 613 2308 667 est
2348 605 2794 669 excusationi
2820 605 3170 669 humilita-

715 714 807 776 tis
835 714 1071 792 locuS,
1105 721 1176 775 et
1208 712 1552 792 professio
1582 711 2017 791 aliquamdiu
2047 711 2286 774 dilata.

834 819 975 884 282.
1065 819 1435 899 Agebatur
1477 819 1563 882 de
1602 819 1812 881 domo
1850 816 2301 898 adjungenda
2336 827 2581 882 nostro
2617 763 2976 882 domicilio
3007 819 3169 883 Val-

715 928 1117 1004 lisoletanO,
1152 944 1237 989 eo
1269 926 1457 1005 quod
1487 926 1662 988 satis
1693 935 1890 989 arcte
1918 925 2348 1004 habitarent,
2389 925 2514 988 sed
2550 934 2720 989 tunc
2748 943 2867 989 res
2892 944 3038 989 non
3066 938 3173 990 est

717 1034 809 1098 ad
839 1034 1167 1097 affectum
1197 1034 1521 1096 deducta.
1569 1032 1679 1096 De
1718 1031 1960 1096 SSmo.
2001 1031 2463 1096 Sacramento
2493 1034 2566 1096 in
2593 1033 2900 1097 ecclesia
2928 1042 3172 1097 nostra

715 1142 1124 1222 reponendo
1157 1158 1318 1203 cum
1350 1149 1707 1219 ageretur,
1749 1140 2104 1220 parochus
2133 1140 2414 1203 vicinus
2450 1157 2606 1203 sese
2646 1141 2787 1203 illis
2818 1142 3169 1221 opposuit;

714 1249 838 1312 sed
878 1249 1129 1311 litteris
1173 1247 1586 1328 apostolicis
1622 1265 1710 1310 ac
1751 1247 2146 1327 privilegiis
2182 1245 2560 1311 Societatis
2598 1256 2763 1310 ante
2801 1247 3175 1312 Vicarium

714 1354 1059 1434 adductiS,
1093 1355 1380 1417 tandem
1410 1353 1504 1432 id,
1537 1354 1725 1433 quod
1754 1355 2124 1434 optabant,
2161 1354 2636 1417 obtinuerunt.
2678 1354 2758 1417 In
2789 1355 3172 1419 confessio-

713 1464 921 1525 nibus
952 1471 1098 1524 tam
1131 1463 1202 1525 in
1242 1462 1532 1541 proprio
1563 1462 1823 1540 templo
1864 1479 2076 1541 quam
2115 1461 2273 1524 aliis
2310 1462 2383 1523 in
2421 1461 2596 1524 locis
2634 1461 2807 1524 satis
2846 1463 3174 1542 occupati

711 1569 937 1633 nostri
988 1578 1222 1644 erant,
1276 1568 1399 1630 sed
1459 1585 1620 1656 cum
1683 1568 1895 1647 pauci
1953 1576 2188 1630 essent
2235 1577 2305 1631 et
2362 1568 2874 1648 propemodum
2930 1586 3176 1632 omnes

713 1685 1027 1757 tyrones,
1052 1693 1196 1738 non
1228 1684 1502 1738 tantum
1533 1675 1981 1738 auctoritatis
2007 1674 2384 1754 habebant,
2417 1684 2759 1756 quantum
2783 1676 2874 1739 ad
2896 1675 3174 1755 insigne

715 1792 1175 1863 augmentum
1204 1782 1578 1846 Societatis
1608 1799 1786 1861 opus
1814 1789 1969 1845 erat
2002 1780 2042 1844 ¹.
2508 1845 2513 1850 ,

830 1889 972 1954 283.
1062 1890 1327 1954 Curam
1350 1889 1542 1951 illam
1569 1888 1981 1951 monialium
2002 1888 2503 1967 Poenitentiae,
2531 1906 2744 1968 quam
2767 1907 2954 1953 anno
2976 1906 3172 1971 prae-

712 1997 988 2060 cedenti
1018 1996 1092 2059 P.
1131 1995 1425 2059 Mendez
1455 2013 1701 2058 earum
1740 1995 2079 2075 lacrymis
2120 1996 2355 2059 victus
2392 2005 2835 2077 susceperat,
2883 2016 2974 2060 ex
3013 1997 3170 2060 obe·

712 2103 976 2167 dientia
1015 2103 1338 2184 deposuit
1378 2110 1447 2164 et
1484 2102 1558 2164 in
1595 2100 1976 2181 quemdam
2019 2103 2280 2165 bonum
2329 2101 2793 2166 Sacerdotem
2838 2121 2983 2167 non
3024 2105 3175 2167 sine

710 2210 1123 2274 difficultate
1154 2226 1417 2288 magna
1453 2207 1731 2288 rejecit,
1772 2226 1973 2289 spem
2011 2209 2430 2272 monialibus
2463 2211 2944 2291 relinquendO,
2989 2213 3176 2291 quod

712 2335 959 2381 earum
990 2315 1472 2379 confessiones
1513 2323 1752 2396 posset
1782 2315 2029 2378 audire
2074 2316 2451 2395 aliquando
2494 2324 2565 2378 et
2607 2317 2894 2380 easdem
2936 2317 3008 2381 in
3037 2318 3172 2382 Do·

707 2426 898 2488 mino
949 2423 1336 2499 consolari,
1378 2439 1524 2485 non
1559 2422 1631 2485 id
1670 2423 1990 2486 facturus
2030 2424 2089 2485 si
2140 2441 2280 2486 non
2309 2424 2504 2486 illum
2532 2424 2900 2488 Vicarium
2929 2425 3172 2489 admit-

708 2540 961 2594 terent.

826 2637 967 2700 284.
1057 2636 1409 2717 Compluti
1430 2637 1578 2719 jam
1606 2639 1831 2701 nostri
1872 2639 2157 2702 domum
2189 2656 2230 2700 a
2269 2637 2581 2702 Doctore
2621 2639 3060 2721 Hieronymo
3088 2639 3175 2703 de

705 2726 1035 2825 Vergara
1082 2745 1104 2775 ²
1148 2756 1457 2825 emptam
1498 2755 1569 2809 et
1608 2746 1699 2809 ad
1728 2745 2106 2809 Societatis
2147 2763 2354 2809 usum
2390 2748 2928 2811 accommodam
2967 2747 3175 2811 habe-

705 2854 897 2931 bant,
933 2853 1052 2934 qui
1075 2853 1249 2916 nihil
1277 2853 1510 2933 magis
1538 2852 1611 2916 in
1632 2853 1821 2916 votis
1852 2852 2116 2916 habere
2142 2852 2517 2916 videbatur
2547 2870 2760 2933 quam
2792 2863 2869 2917 ut
2901 2855 3173 2918 reditus

704 2961 917 3024 etiam
946 2961 1414 3024 ecclesiastici
1444 2962 1536 3024 ad
1585 2961 2063 3039 collegialium
2111 2961 2695 3024 sustentationem
2746 2962 3177 3025 auctoritate

702 3067 904 3131 Sedis
933 3068 1395 3147 Apostolicae
1419 3067 1965 3148 applicarentur.
1995 3066 2070 3129 P.
2100 3067 2454 3130 Antonius
2472 3066 2741 3146 Araoz,
2769 3067 3174 3132 Provincia-

701 3168 812 3254 lis,
842 3192 1003 3238 cum
1029 3174 1429 3237 Vallisoleti
1452 3175 1785 3237 catarrho
1809 3182 2216 3253 vexaretur,
2243 3173 2692 3254 Complutum
2707 3193 2783 3238 se
2798 3175 3175 3240 conferens

702 3282 1185 3345 valetudinem
1206 3280 1687 3361 recuperavit,
1716 3290 1784 3343 et
1817 3280 2045 3344 officio
2081 3298 2210 3344 suo
2234 3281 2328 3344 ibi
2351 3281 2633 3345 functus
2664 3281 3171 3347 Salmanticam

701 3398 767 3451 et
799 3389 890 3452 ad
921 3390 1062 3452 alia
1091 3390 1249 3452 loca
1279 3405 1451 3451 suae
1474 3387 1888 3468 provinciae
1918 3388 2145 3451 iturus
2167 3397 2350 3467 erat,
2381 3396 2455 3451 ut
2478 3398 2642 3452 ante
2663 3389 3174 3470 profectionem

702 3496 1068 3560 in-Urbem
1092 3514 1208 3559 res
1230 3495 1608 3559 Societatis
1635 3495 1814 3557 bene
1839 3495 2259 3558 constitutas
2278 3496 2728 3575 relinqueret.
2754 3496 2889 3559 Hic
2914 3498 3167 3561 admis-

711 3620 832 3664 sus
862 3601 1092 3665 fuerat
1122 3604 1250 3665 sub
1291 3601 1502 3666 finem
1540 3603 1705 3665 anni
1744 3602 2237 3682 praecedentis
2274 3603 2350 3666 P.
2396 3603 2717 3683 Baptista
2757 3604 2843 3667 de
2883 3605 3164 3681 Barma;

706 3725 914 3788 quem
957 3726 1118 3771 cum
1149 3709 1475 3773 audirent
1505 3709 2011 3773 Universitatis
2049 3707 2425 3772 Rectorem
2454 3727 2610 3773 esse
2640 3711 3171 3792 relinquendum

703 3814 1058 3893 Gandiae,
1094 3817 1281 3894 quod
1305 3815 1454 3896 ejus
1477 3816 1708 3879 virtus
1733 3825 1803 3879 et
1825 3816 2150 3879 doctrina
2189 3824 2400 3896 atque
2432 3817 2806 3896 prudentia
2835 3818 2933 3881 illi
2967 3819 3164 3881 oneri

701 3923 1116 3985 sustinendo
1146 3940 1275 4003 par
1308 3924 1704 4003 videbatur,
1737 3923 2191 3986 nihilominus
2220 3922 2754 4003 Complutenses
2793 3922 3168 3989 admonue-

702 4037 871 4093 runt
899 4047 1043 4093 non
1073 4029 1581 4094 aedificationis
1608 4029 1953 4109 futurum,
1999 4031 2060 4093 si
2098 4040 2260 4111 tyro
2299 4048 2689 4111 paucorum
2731 4032 3079 4096 mensium
3107 4034 3172 4094 ei

699 4137 968 4199 muneri
1011 4136 1535 4216 praeficeretur;
1589 4138 1713 4200 sed
1757 4136 1831 4199 Ρ.
1887 4136 2129 4201 Araoz
2172 4146 2407 4201 tamen
2460 4138 2759 4220 Collegii
2789 4156 3065 4219 curam,
3099 4140 3170 4201 in

695 4262 840 4323 ⁴quo
871 4244 1168 4307 multum
1191 4244 1647 4307 'auctoritatis
1678 4244 1812 4308 sibi
1843 4254 2420 4325 comparaverat,
2449 4246 2513 4308 ei
2543 4246 2846 4327 reliquit.

787 4484 804 4515 ¹
862 4483 1131 4537 Polancus,
1167 4494 1233 4526 ex
1272 4486 1666 4537 commissione,
1702 4485 1848 4530 Patri
1882 4486 2110 4539 Mendez,
2141 4497 2204 4528 ne
2239 4492 2449 4540 sperent
2480 4486 2644 4530 Roma
2664 4486 3029 4531 vallisoletum
3058 4486 3173 4529 mit·

707 4554 889 4598 tendos
908 4556 1221 4604 sacerdotes
1243 4562 1296 4598 et
1313 4561 1370 4599 ut
1390 4562 1572 4600 curent
1592 4559 1909 4611 temporales
1931 4558 2259 4612 coadjutores
2278 4557 2490 4610 habere,
2510 4558 2540 4601 3
2559 4557 2891 4613 Septembris.

778 4626 800 4657 ¹
854 4625 950 4669 Hic
971 4636 1082 4668 esse
1104 4626 1327 4679 videtur,
1349 4638 1499 4681 quem
1516 4628 1639 4671 alibi
1660 4629 1866 4683 saepius
1888 4630 1995 4683 ipse
2013 4629 2266 4672 Polaneus
2285 4628 2615 4684 alphonsum
2634 4631 2878 4674 nominat.
2896 4629 2962 4673 V.
2981 4630 3173 4673 cartas

706 4697 773 4740 de
795 4696 905 4739 San
927 4696 1158 4750 Ignacio,
1185 4701 1221 4739 t.
1242 4708 1326 4751 ιιι,
1349 4709 1469 4752 pag.
1490 4699 1568 4752 21,
1587 4706 1692 4743 not
1722 4699 1764 4742 2.
