3679 5414
725 428 834 487 400
1664 431 1919 491 Cimon.
1962 430 2114 490 Soc.
2156 431 2296 504 Jsss.

725 591 888 637 nem
940 574 1169 638 insula
1220 575 1339 638 illa
1385 575 1472 638 de
1517 575 1863 657 Chioran,
1919 577 2005 640 de
2051 594 2190 657 qua
2239 578 2450 657 paulo
2502 584 2666 639 ante
2710 578 3029 658 memini,
3083 580 3201 643 ubi

730 680 917 743 idem
947 680 1024 743 P.
1059 680 1414 745 Antonius
1447 681 1715 745 Gomez
1747 683 2123 746 ecclesiam
2152 684 2281 746 sub
2312 683 2762 746 invocatione
2785 683 3037 748 Matris
3065 685 3200 749 Dei

727 788 876 851 fieri
915 788 1221 866 curavit,
1274 798 1343 850 et
1380 789 1515 851 tria
1559 789 1778 852 millia
1821 788 2148 853 indorum
2188 797 2422 869 erant,
2472 809 2562 852 ex
2604 789 2858 870 quibus
2903 792 3200 856 trecenti

730 895 995 958 Christi
1049 893 1256 957 fidem
1312 905 1760 976 acceperant.
1823 896 2147 959 Amoena
2204 904 2273 959 et
2331 896 2633 959 salubris
2681 896 3062 961 admodum
3112 917 3196 962 ea

726 1002 958 1066 insula
994 1010 1132 1080 est,
1178 1011 1249 1065 et
1290 1020 1432 1065 una
1475 1011 1752 1066 tantum
1792 1004 1998 1067 leuca
2041 1001 2199 1067 Goa
2242 1002 2488 1083 distat,
2537 1013 2606 1066 et
2649 1005 3195 1069 valetudinariis

727 1128 868 1172 non
919 1108 1278 1172 modicum
1316 1109 1669 1190 refrigerii
1707 1119 2044 1191 praestat.
2093 1110 2250 1173 Hoc
2293 1118 2529 1173 autem
2572 1127 2757 1174 anno
2803 1111 3058 1191 aliquis
3109 1130 3200 1175 ex

726 1217 988 1280 nostris
1020 1216 1115 1279 ibi
1144 1217 1455 1280 residere
1496 1217 1760 1297 coepit,
1807 1218 1923 1281 ille
1962 1217 2231 1280 scilicet
2276 1216 2352 1280 P.
2395 1217 2731 1296 Michael,
2776 1217 2861 1280 de
2905 1236 3043 1298 quo
3086 1237 3196 1282 su-

727 1324 983 1404 periuS.

848 1430 988 1493 473.
1076 1430 1369 1495 Praeter
1411 1440 1716 1511 nostrOS,
1750 1432 1872 1512 qui
1915 1432 1987 1495 in
2031 1431 2347 1511 Collegio
2392 1430 2662 1495 Goensi
2700 1434 3193 1511 versabantur,

726 1539 1098 1617 sexaginta
1149 1539 1352 1618 pueri
1397 1538 1772 1618 indigenae
1824 1538 1894 1601 in
1944 1546 2276 1618 separata
2328 1536 2626 1618 Collegii
2676 1547 2877 1618 parte
2929 1539 3198 1602 habita·

727 1645 926 1724 bant,
969 1646 1149 1708 inter
1200 1661 1379 1725 quos
1422 1654 1575 1708 erat
1624 1646 1954 1726 princeps
2005 1644 2295 1725 quidam
2343 1645 2480 1708 hoc
2531 1663 2718 1708 anno
2767 1646 3190 1725 baptizatuS,

729 1750 926 1831 cujus
956 1752 1127 1814 ditio
1167 1752 1424 1831 viginti
1463 1761 1609 1815 tres
1648 1754 1890 1815 leucas
1933 1770 2010 1814 se
2049 1750 2502 1831 extendebat,
2546 1752 2632 1815 de
2670 1750 2871 1831 cujus
2901 1769 3194 1815 conver-

730 1859 928 1922 sione
957 1859 1170 1939 paulo
1202 1857 1498 1922 inferius
1528 1877 1657 1922 suo
1688 1859 1847 1922 loco
1878 1867 2152 1939 agetur.

846 1966 986 2027 474.
1072 1966 1231 2030 Hoc
1263 1984 1449 2029 anno
1479 1984 1662 2047 quae
1687 1975 1894 2046 gesta
1917 1975 2082 2029 sunt
2109 1964 2332 2041 Goae,
2359 1965 2471 2029 his
2495 1983 2675 2046 quae
2705 1983 2892 2029 anno
2915 1983 3196 2046 praece-

725 2074 917 2137 denti
954 2082 1160 2154 gesta
1201 2073 1517 2151 fuerunt,
1564 2083 1766 2136 erant
1809 2073 2092 2136 similia.
2127 2071 2272 2136 Sub
2316 2081 2730 2136 autumnum
2773 2085 3011 2139 autem
3054 2090 3196 2135 non

725 2180 953 2243 solum
992 2189 1242 2244 auctus
1281 2188 1387 2242 est
1426 2197 1759 2242 numerus
1798 2180 2315 2260 operariorum,
2365 2178 2862 2242 accedentibus
2912 2179 3047 2259 his,
3080 2178 3196 2258 qui

726 2306 815 2351 ex
844 2286 1283 2367 Portugallia
1312 2295 1690 2360 venerant,
1723 2286 1849 2348 sed
1878 2286 2090 2349 Patre
2121 2287 2335 2349 etiam
2367 2283 2721 2366 Gaspare,
2756 2304 2965 2367 quem
2995 2303 3195 2348 revo-

727 2403 1023 2457 caverat
1046 2412 1136 2456 ex
1161 2393 1391 2456 insula
1414 2401 1483 2455 et
1513 2409 1739 2472 regno
1772 2392 2035 2456 Ormuz
2064 2393 2140 2456 P.
2175 2393 2542 2456 Francisci
2571 2392 2842 2456 Xavier
2873 2392 3196 2455 obedien-

726 2502 848 2581 tia,
883 2509 960 2564 ut
989 2518 1150 2563 cum
1178 2509 1480 2579 quatuor
1510 2500 1667 2562 aliis
1698 2499 1791 2562 ad
1817 2499 2165 2581 Japonem
2194 2516 2269 2562 se
2300 2499 2673 2563 conferret.
2703 2499 2879 2562 Cum
2907 2507 3195 2579 pararet

727 2608 788 2670 is
817 2606 1230 2685 discessum,
1265 2607 1382 2686 qui
1412 2605 1501 2668 ad
1532 2624 1693 2669 eum
1724 2624 2170 2686 summopere
2201 2605 2438 2669 affecti
2470 2615 2671 2669 erant
2704 2605 3037 2686 Ormuzii,
3073 2606 3190 2668 ali-

730 2732 944 2795 quam
973 2715 1321 2778 rationem
1351 2715 1529 2778 inire
1560 2723 1636 2777 ut
1668 2732 1827 2777 eum
1857 2714 2242 2777 retinerent
2271 2714 2613 2792 volenteS,
2647 2732 2807 2777 eum
2840 2731 3096 2794 capere
3125 2722 3193 2777 et

729 2823 829 2884 ita
859 2820 1009 2901 ejus
1039 2839 1401 2885 recessum
1430 2823 1681 2885 saltem
1711 2821 1803 2885 ad
1826 2830 2104 2900 tempus
2129 2820 2470 2901 impedire
2494 2821 2983 2902 moliebantur.
3011 2822 3192 2884 Eva-

726 2928 816 2991 sit
845 2928 1297 2992 nihilominus
1327 2947 1418 2991 ex
1448 2946 1693 2991 eorum
1722 2928 2049 2990 manibus
2088 2935 2157 2989 et
2200 2927 2443 2989 navim
2483 2927 2850 3006 ingressus
2890 2936 3026 3005 est,
3074 2927 3191 2990 ubi

725 3035 1046 3098 sexcenti
1094 3035 1415 3098 homines
1467 3043 1700 3112 erant,
1756 3051 1970 3114 quam
2021 3034 2203 3096 aliae
2254 3051 2477 3096 naves
2538 3034 3061 3097 comitabantur
3121 3043 3191 3097 et

706 3142 1008 3223 ‘quidem
1039 3141 1127 3204 ad
1158 3159 1471 3223 pugnam
1508 3150 1826 3222 paratae.
1870 3140 1959 3203 Et
2000 3149 2294 3221 operata
2334 3148 2440 3203 est
2479 3140 2721 3203 divina
2765 3141 3080 3219 bonitaS,
3113 3150 3190 3204 ut

724 3250 874 3330 ipse
904 3248 978 3311 P.
1016 3249 1297 3329 Gaspar
1326 3257 1660 3328 testatur,
1694 3249 1852 3328 plus
1882 3265 2095 3327 quam
2134 3247 2283 3327 ipse
2316 3264 2628 3327 unquam
2668 3248 2807 3310 ulla
2851 3248 2921 3309 in
2964 3248 3192 3310 classe

728 3356 1052 3428 vidisset:
1087 3355 1569 3418 confessiones
1598 3363 1802 3417 erant
1832 3354 2240 3432 continuae;
2275 3352 2708 3433 juramenta,
2752 3352 2897 3416 ludi
2936 3363 3004 3416 et
3051 3354 3192 3417 alia

725 3463 897 3526 vitia
928 3463 1266 3526 militibus
1294 3470 1634 3525 consueta
1656 3462 2258 3541 relinquebantur.
2289 3460 2591 3540 Magnos
2612 3461 2892 3523 labores
2916 3470 2984 3524 et
3008 3461 3189 3539 peri-

723 3572 883 3633 cula
913 3571 984 3632 in
1021 3585 1107 3633 ea
1143 3570 1604 3648 navigatione
1644 3577 1807 3632 sunt
1848 3570 2200 3649 perpessi,
2243 3577 2312 3630 et
2358 3569 2520 3646 iter,
2565 3567 2752 3649 quod
2791 3567 3192 3647 quindecim

725 3677 970 3740 diebus
1000 3675 1250 3739 confici
1274 3677 1474 3754 solet,
1502 3675 1774 3738 duobus
1797 3675 2156 3766 mensibus
2181 3675 2303 3738 vix
2325 3683 2432 3737 est
2454 3674 2874 3753 confectum,
2903 3675 3029 3738 sed
3049 3675 3192 3738 fru-

725 3792 882 3847 ctus
912 3783 1308 3846 animarum
1337 3801 1428 3846 ex
1456 3801 1539 3845 eo
1572 3791 2048 3862 consequutus
2077 3781 2421 3844 efficiebat
2452 3791 2528 3845 ut
2556 3781 2649 3844 ad
2676 3770 3194 3862 providentiam

723 3889 859 3953 Dei
887 3890 1313 3970 peculiarem
1347 3889 1526 3952 haec
1560 3889 1714 3969 ipsa
1745 3907 1946 3952 mora
1977 3887 2386 3965 referretur.
2908 3959 2914 3966 ,

842 3996 980 4059 475.
1071 3996 1250 4060 Cum
1299 3996 1666 4058 Maschate
1717 3995 2116 4074 venissent,
2178 4004 2599 4075 suggestum
2653 3995 2728 4058 in
2785 4013 3036 4075 campo
3093 3994 3191 4057 illi

720 4111 1260 4185 praepararunt,
1295 4104 1413 4166 ubi
1444 4120 1604 4166 cum
1633 4103 1744 4166 bis
1776 4102 2243 4170 concionatus
2272 4111 2481 4180 esset,
2515 4102 2588 4164 in
2616 4102 2995 4182 posteriori
3026 4119 3188 4164 con-

718 4211 942 4290 cione,
978 4219 1353 4291 postquam
1382 4210 1931 4273 concubinarios
1962 4209 2361 4289 complures
2393 4227 2435 4271 a
2463 4217 2759 4288 peccato
2802 4209 3184 4288 abstinere,

718 4317 949 4380 ductis
980 4318 1050 4379 in
1081 4334 1343 4380 uxores
1373 4316 1805 4395 concubinis,
1841 4314 2096 4391 effecit,
2131 4332 2398 4392 omneS,
2432 4315 2551 4395 qui
2576 4315 2979 4378 inimicitias
3004 4315 3185 4377 inter

717 4443 793 4488 se
823 4423 1273 4502 exercebant,
1309 4432 1378 4486 et
1408 4423 1500 4486 ad
1530 4422 1762 4485 duella
1791 4441 1869 4485 se
1909 4422 2216 4485 invicem
2254 4431 2859 4502 provocaverant,
2903 4420 3180 4502 conjun-

718 4532 820 4594 xit
863 4541 934 4595 et
974 4532 1160 4593 inter
1197 4547 1273 4592 se
1317 4529 1827 4607 reconciliavit,
1884 4530 2209 4592 omnibus
2258 4529 2390 4607 his,
2444 4529 2563 4609 qui
2612 4529 2942 4609 utrinque
2993 4529 3183 4610 capti

716 4648 939 4718 erant,
975 4637 1301 4701 dimissis
1338 4638 1527 4700 Inter
1561 4636 1711 4717 hos,
1746 4637 1884 4700 duo
1916 4637 2053 4700 viri
2080 4637 2353 4699 nobiles
2392 4636 2705 4716 fuerunt,
2754 4655 2844 4699 ex
2884 4655 3186 4717 quorum
