3679 5414
1694 438 1825 497 AN.
1870 438 2003 497 1551
2940 434 3098 494 2295

587 586 1347 666 “lacrymarum‘copia
1385 584 1460 649 P.
1505 584 1828 664 Violae0,
1862 593 1952 646 'et
1994 601 2081 647 ea
2130 583 2425 646 mutatio
2475 582 2665 645 vitae
2702 582 2776 645 in
2817 600 2904 645 eo
2928 582 3086 645 ani·

605 693 998 756 ‘madversa
1028 702 1156 772 est,
1190 701 1267 755 ut
1297 701 1692 756 conventus
1720 691 1906 755 illius
1934 690 2252 770 religiosi
2283 690 2568 753 omnino
2598 689 2669 753 id
2691 697 3080 768 stuperent,

620 815 782 863 eum
819 816 1113 863 causam
1154 809 1396 863 tamen
1440 817 1583 862 non
1635 799 2128 878 intelligerent.
2175 796 2377 861 Dixit
2419 815 2495 860 se
2546 797 2619 860 in
2668 795 3095 876 Hispaniam

583 907 929 970 -scribere
959 909 1141 970 velle
1169 907 1279 970 his
1318 916 1388 969 et
1416 906 1575 985 illis,
1609 905 1866 986 quibus
1903 905 2246 968 exercitia
2299 904 2696 985 spiritualia
2739 903 3085 966 dissuase-
3180 976 3187 987 ι

603 1023 752 1093 rat,
785 1024 864 1078 ut
889 1014 984 1077 ad
1011 1031 1098 1077 ea
1129 1014 1475 1077 accedant
1504 1011 1973 1091 adhortandO,
2008 1030 2139 1076 nec
2170 1012 2473 1092 amplius
2501 1011 2635 1075 sibi
2663 1010 2822 1074 dari
2865 1010 3094 1073 verba

618 1130 871 1185 contra
916 1120 1346 1185 Societatem
1395 1129 1715 1184 nostram
1751 1120 2260 1201 permitterent.
2298 1119 2682 1183 Fatebatur
2726 1119 2877 1197 ipse
2914 1134 3085 1180 nun·

605 1245 833 1308 ‘quam
873 1227 1304 1292 intellexisse
1332 1227 1498 1307 quid
1539 1236 1725 1291 esset
1769 1244 1979 1290 orare
2018 1236 2087 1290 et
2124 1226 2279 1289 Deo
2319 1226 2591 1289 servire
2635 1226 2708 1288 in
2752 1234 2945 1288 statu
2983 1241 3086 1287 re-

617 1335 931 1415 ligioniS,
977 1336 1114 1399 nisi
1140 1345 1522 1416 postquam
1562 1334 1673 1398 his
1716 1334 2075 1398 exercitiis
2098 1335 2419 1397 excultus
2448 1342 2586 1413 est,
2634 1341 2703 1395 et
2738 1332 3094 1395 charitate

620 1458 1005 1523 succensus
1040 1442 1338 1523 juvenes
1367 1460 1539 1507 suae
1570 1441 1932 1521 religionis
1973 1441 2066 1504 ad
2103 1441 2543 1521 frequentem
2579 1442 2785 1502 usum
2818 1437 3088 1502 confes-

617 1550 842 1612 sionis
882 1559 951 1613 et
997 1550 1511 1614 communionis
1549 1549 1991 1628 hortabatur,
2035 1558 2104 1611 et
2134 1549 2416 1611 demum
2444 1545 2594 1626 eJ'us
2633 1564 2851 1627 opera
2890 1545 3087 1609 etfa-

619 1657 879 1735 miliae,
912 1657 985 1719 in
1012 1675 1153 1737 qua
1182 1657 1626 1735 versabatur,
1661 1665 1731 1719 et
1761 1656 1921 1719 aliis
1951 1655 2270 1735 perutilis
2298 1654 2450 1717 fore
2480 1653 2920 1717 credebatur.

736 1763 876 1827 262.
965 1764 1540 1828 Confessionibus
1594 1763 1859 1826 dabant
1909 1762 2124 1825 etiam
2171 1761 2396 1824 nostri
2447 1777 2737 1841 operam
2786 1760 3093 1839 singulis

617 1872 1036 1951 praesertim
1085 1871 1331 1934 diebus
1380 1870 1782 1949 dominicis,
1823 1870 1898 1932 in
1930 1869 2182 1949 quibus
2230 1867 2639 1931 scholastici
2683 1868 3085 1946 complures

613 1978 877 2041 nostris
907 1977 1230 2041 confiteri
1256 1987 1326 2040 et
1353 1978 1445 2040 ab
1474 1976 1736 2040 eisdem
1767 1975 2294 2039 sanctissimum
2316 1974 2808 2037 Eucharistiae
2830 1971 3079 2037 Sacra·

621 2093 936 2148 mentum
964 2083 1324 2164 suscipere
1360 2083 1937 2164 perseverabant.
1987 2082 2167 2146 Cum
2211 2090 2449 2144 autem
2485 2081 2598 2144 vir
2642 2080 2932 2161 quidam
2968 2078 3085 2141 do-

619 2191 976 2254 ctissimus
994 2238 1010 2271 ,
1078 2191 1364 2253 natione
1438 2190 1813 2270 hispanuS,
1875 2187 2217 2253 Societati
2282 2188 2705 2268 benevoluS,
2765 2186 3091 2267 graviter

615 2306 1068 2383 aegrotaret,
1123 2298 1410 2377 rogavit
1456 2296 1534 2360 P.
1586 2297 1983 2377 Baptistam
2031 2294 2408 2359 Violaeum
2455 2313 2545 2358 ne
2594 2313 2672 2358 se
2720 2313 2944 2375 usque
2994 2294 3085 2357 ad

618 2414 924 2468 mortem
950 2404 1341 2484 desereret;
1373 2414 1443 2467 et
1472 2421 1751 2484 semper
1780 2404 1920 2467 duo
1964 2420 2056 2466 ex
2093 2403 2355 2466 nostris
2398 2402 2517 2466 diu
2556 2411 2910 2483 noctuque
2951 2402 3088 2481 ipsi

617 2529 747 2592 per
799 2520 959 2574 octo
1011 2511 1164 2574 dies
1213 2511 1587 2574 continuos
1629 2510 2040 2589 adfuerunt,
2084 2519 2152 2573 et
2191 2519 2353 2590 post
2389 2509 2611 2590 ipsius
2658 2518 2962 2572 mortem
3011 2517 3087 2571 ut

623 2618 1039 2698 sepeliretur
1078 2616 1495 2697 honorifice,
1537 2618 1952 2681 convocatis
2001 2617 2325 2680 omnibus
2374 2617 2822 2680 scholasticis
2857 2617 3090 2697 hispa-

619 2726 734 2789 nis
757 2775 771 2804 ,
806 2735 1259 2789 curaverunt.
1308 2725 1463 2788 Hoc
1492 2734 1731 2789 autem
1773 2725 2058 2805 pietatis
2101 2725 2404 2788 officium
2446 2734 2720 2788 tantum
2763 2724 3085 2788 aedifica·

619 2833 835 2895 tionis
861 2833 999 2895 illis
1024 2832 1350 2913 praebuit
1386 2842 1465 2896 ut
1504 2834 1937 2912 complureS,
1971 2832 2092 2911 qui
2130 2849 2275 2894 non
2315 2832 2573 2912 optime
2611 2830 2848 2895 affecti
2873 2832 3090 2912 prius

621 2939 1073 3018 videbantur,
1101 2957 1246 3002 non
1273 2941 1504 3002 solum
1534 2939 1944 3001 amicissimi
1971 2938 2145 3001 facti
2174 2947 2366 3017 sunt,
2401 2939 2528 3002 sed
2558 2939 2646 3001 ab
2676 2956 2761 3002 eo
2800 2938 2912 3001 die
2951 2939 3087 3001 sin·

618 3047 807 3126 gulis
835 3046 1207 3109 dominicis
1236 3045 1484 3108 diebus
1511 3047 1774 3109 nostris
1803 3045 2125 3109 confiteri
2154 3055 2224 3108 et
2252 3045 2442 3126 apud
2484 3045 2770 3109 eosdem
2805 3062 3091 3109 sacram

618 3153 950 3233 synaxim
979 3169 1258 3215 sumere
1284 3161 1688 3233 coeperunt.
1718 3151 2360 3216 Commendaverat
2381 3153 2600 3216 etiam
2621 3152 2735 3215 ille
2761 3152 2880 3232 qui
2900 3169 3086 3214 mor·

616 3269 778 3322 tuus
807 3268 920 3322 est·
944 3258 1321 3339 quemdam
1369 3276 1573 3321 suum
1615 3258 2037 3339 discipulum
2062 3309 2076 3338 ,
2110 3260 2229 3340 qui
2259 3259 2348 3322 ab
2388 3278 2472 3322 eo
2501 3268 2818 3338 ternpore
2858 3276 3084 3339 usque

616 3366 797 3429 adeo
829 3374 1141 3429 mutatus
1168 3365 1332 3444 fuit,
1367 3376 1443 3429 ut
1472 3367 1545 3429 in
1575 3366 1792 3429 alium
1820 3383 2213 3429 conversus
2243 3366 2602 3429 videretur
2637 3363 2676 3429 ².

735 3471 876 3535 263.
963 3472 1127 3535 Duo
1156 3473 1352 3553 laici,
1384 3473 1504 3552 qui
1546 3481 1749 3536 erant
1781 3473 1860 3540 in
1900 3483 2219 3536 extrema
2254 3483 2459 3553 parte
2503 3473 2697 3536 urbis
2739 3472 3085 3537 Parisien·

613 3579 713 3642 sis
750 3589 820 3643 et
858 3597 902 3642 a
940 3579 1152 3643 domo
1200 3588 1448 3643 nostra
1489 3579 1945 3643 remotissimi
1994 3579 2444 3661 habitabant,
2475 3597 2623 3644 non
2669 3581 3086 3646 omittebant
3179 3567 3185 3578 ’

615 3687 915 3766 singulis
944 3687 1189 3750 diebus
1216 3687 1310 3750 ad
1337 3696 1621 3750 nostros
1667 3687 2008 3750 accedere
2053 3695 2121 3749 et
2152 3685 2559 3750 eorumdem
2588 3686 3089 3752 Sacramento-

571 3819 578 3828 ·
614 3811 774 3857 rum
820 3795 1206 3875 participes
1253 3794 1426 3857 fieri.
1480 3793 1741 3857 Aiebat
1790 3795 1971 3857 alter
2008 3811 2254 3857 eorum
2293 3794 2383 3857 ab
2422 3813 2506 3858 eo
2549 3804 2896 3875 tempore,
2944 3812 3087 3875 quo

614 3900 799 3964 hanc
838 3900 1127 3964 vivendi
1174 3901 1526 3964 rationem
1574 3917 1962 3981 aggressus
2005 3909 2191 3980 erat,
2246 3899 2424 3964 adeo
2471 3902 2543 3964 in
2582 3918 2658 3964 se
2699 3902 3088 3981 patientiae

613 4007 938 4087 spiritum
988 4007 1204 4071 fuisse
1253 4008 1636 4071 enutritum
1684 4020 1761 4071 ut
1799 4007 1919 4088 qui
1957 4008 2125 4070 olim
2164 4024 2327 4071 cum
2365 4025 2588 4071 uxore
2631 4026 2761 4073 sua
2803 4027 3087 4091 semper

614 4114 888 4178 discors
927 4124 1113 4190 erat,
1151 4114 1299 4195 jam
1339 4115 1430 4178 ad
1480 4116 1867 4178 maximam
1910 4114 2371 4178 concordiam
2407 4133 2570 4179 cum
2611 4117 2861 4180 eadem
2897 4128 3085 4182 esset

627 4257 680 4266 -
727 4259 757 4265 --
889 4259 954 4266 ..ω
973 4260 981 4266 .

695 4320 712 4352 ¹
769 4319 1049 4374 Polancus,
1086 4330 1152 4363 ex
1185 4330 1344 4373 com„
1377 4319 1561 4372 joanni
1583 4319 1640 4363 Β.
1664 4319 1725 4362 de
1747 4319 1940 4372 Violis,
1962 4330 2025 4362 ne
2059 4330 2115 4362 se
2146 4320 2197 4362 in
2227 4321 2555 4364 monasteriis
2574 4322 2916 4366 reformandis
2937 4334 3063 4368 occu

607 4391 727 4445 vari
760 4392 973 4436 nimium
1015 4392 1179 4446 sinat,
1226 4391 1700 4436 contradicentibus
1736 4392 2050 4446 praesertim
2083 4403 2260 4435 eorum
2292 4393 2666 4446 superioribus.
2710 4395 2762 4437 17
2791 4393 3082 4450 Februarii;

593 4463 803 4518 -lgnatii
821 4469 1063 4518 patentes
1083 4464 1292 4508 litterae
1314 4464 1461 4509 Patri
1482 4463 1667 4517 Joanui
1687 4464 1959 4518 Baptistae
1976 4464 2040 4507 de
2063 4464 2232 4508 violis
2246 4496 2258 4518 ,
2290 4465 2340 4508 ei
2367 4470 2680 4519 potestatem
2707 4466 2947 4511 facientis
2964 4467 3085 4512 hae·

609 4535 803 4579 reticos
839 4535 1209 4590 resipiscentes
1246 4537 1574 4590 absolvendi,
1614 4548 1771 4592 qnam
1807 4536 2186 4580 communicare
2221 4535 2381 4580 etiam
2413 4538 2605 4591 poterit
2628 4539 2717 4590 ,51
2753 4537 2804 4582 id
2838 4539 3081 4593 expedire

607 4605 869 4660 videatur,
883 4605 1143 4661 ‘Magistro
1165 4606 1439 4652 Everardo
1456 4606 1800 4662 Meretri-iano,
1818 4608 1867 4650 21
1891 4606 2035 4660 Jnffl.
2051 4606 2239 4650 Eidem
2253 4605 2526 4660 Polmcns.
2545 4618 2617 4651 σω
2627 4619 2779 4662 σωκ.)
2797 4610 3080 4655 “demde

610 4677 675 4719 de
694 4678 946 4721 librorum
966 4678 1351 4723 haeretieorum
1371 4680 1609 4724 lectione.
