3679 5414
1484 464 1488 467 ’
1545 446 1672 504 ΑΝ.
1719 445 1858 504 1550
2833 446 2938 506 103

463 604 785 650 messem.
819 587 960 651 Sed
991 590 1109 651 ille
1138 589 1413 652 fructus
1442 607 1617 669 prae
1648 590 1954 653 caeteris
1983 599 2415 653 momentum
2444 590 2707 653 habere
2741 591 2932 654 vide·

461 694 686 772 batur,
713 696 904 775 quod
935 713 1185 759 omnes
1208 694 1356 759 fere
1385 696 1794 759 scholastici
1824 695 1976 777 ejus
2004 696 2509 760 Universitatis
2530 699 2646 759 vel
2676 707 2937 760 octavo,

463 819 738 882 quoque
768 803 883 865 die
911 804 1031 866 vel
1061 804 1308 883 quinto
1339 803 1663 867 confiteri
1691 804 2062 882 volebant;
2097 821 2396 883 quorum
2435 804 2784 876 desiderio
2825 822 2932 867 sa-

460 908 700 971 tisfieri
740 927 885 972 non
922 911 1175 990 potuit,
1220 912 1388 991 quia
1437 910 1589 973 sine
1640 911 2063 973 detrimento
2106 928 2370 990 magno
2420 911 2813 974 studiorum
2862 921 2935 982 et

462 1016 785 1079 sanitatis
827 1018 1226 1096 corporalis
1267 1027 1544 1080 tantum
1597 1018 1836 1080 subire
1888 1035 2067 1079 onus
2116 1019 2339 1080 nostri
2390 1036 2532 1080 non
2579 1028 2930 1098 poterant.

469 1122 884 1186 Custodiam
910 1125 1273 1204 publicam
1301 1126 1518 1188 etiam
1547 1125 1932 1187 visitarunt
1964 1123 2007 1183 ¹.

571 1229 715 1293 247.
803 1230 985 1295 Cum
1013 1231 1087 1293 in
1118 1232 1592 1295 concubinatu
1614 1232 1905 1312 quidam
1927 1249 2053 1311 per
2084 1231 2456 1293 duodecim
2479 1215 2704 1294 annos
2723 1232 2933 1294 exsti—

463 1339 685 1416 tisset,
733 1339 1020 1401 curavit
1069 1338 1146 1402 P.
1191 1339 1544 1418 Baptista,
1602 1340 1769 1401 licet
1805 1338 2055 1401 mortis
2094 1339 2489 1417 periculum
2527 1339 2591 1400 ei
2627 1337 2934 1419 pendere

463 1445 828 1524 diceretur,
863 1454 943 1508 ut
969 1463 1097 1526 per
1128 1446 1659 1509 matrimonium
1691 1445 2084 1525 legitimum
2115 1445 2405 1507 alterius
2433 1446 2658 1524 partis
2686 1463 2931 1525 pecca-

462 1562 604 1614 tum
623 1561 966 1631 cessaret;
991 1553 1170 1615 alios
1191 1553 1406 1615 etiam
1428 1553 1697 1616 divisos
1723 1553 1815 1615 ad
1831 1569 2280 1615 communem
2298 1552 2514 1614 vitam
2539 1552 2934 1615 ducendam

462 1661 769 1738 reduxit3
802 1669 874 1722 et
905 1678 1066 1723 cum
1099 1660 1480 1724 Comitissa
1510 1660 1596 1722 de
1628 1659 1836 1723 Oliva
1866 1667 1937 1721 et
1965 1676 2187 1737 gener
2216 1659 2459 1739 ipsius,
2494 1657 2813 1722 Marchio
2848 1660 2934 1722 de

459 1766 794 1847 Lombay‚
852 1768 1127 1848 aliquas
1177 1767 1438 1830 multae
1491 1766 1903 1829 offensionis
1953 1766 2371 1829 occasiones
2419 1765 2760 1850 haberent
2783 1816 2797 1845 ,
2843 1767 2933 1829 ad

459 1892 611 1937 cam
641 1892 721 1937 se
751 1875 1050 1938 contulit
1090 1874 1166 1937 Ρ.
1209 1875 1538 1955 Baptista
1569 1884 1668 1952 et,
1715 1874 1869 1936 Deo
1901 1872 2229 1954 juvante,
2273 1891 2417 1935 non
2454 1875 2686 1935 solum
2724 1891 2930 1952 paca-

458 1989 601 2043 tum
632 1998 885 2044 socrus
914 1982 1227 2044 animum
1258 1981 1383 2044 sed
1413 1981 1760 2061 spirituali
1790 1979 2059 2042 laetitia
2090 1979 2454 2059 perfusum
2484 1979 2783 2058 reliquit.

570 2086 714 2151 248.
806 2088 1055 2168 Coepit
1099 2088 1286 2151 idem
1325 2088 1736 2152 concionari
1783 2087 2098 2150 secunda
2140 2086 2494 2149 dominica
2532 2085 2926 2166 AdventuS,

464 2212 620 2257 cum
657 2196 732 2257 in
771 2195 1006 2275 prima
1050 2200 1340 2276 propter
1391 2195 1771 2260 adversam
1810 2193 2293 2256 valetudinem
2331 2193 2401 2255 id
2443 2211 2585 2255 non
2624 2192 2927 2272 fecisset;

461 2311 527 2363 et
575 2302 827 2364 eodem
870 2302 987 2365 dia
1038 2304 1337 2365 alteram
1376 2302 1620 2364 habuit
1659 2301 2075 2363 concionem
2116 2300 2202 2362 de
2250 2300 2460 2363 rebus
2500 2299 2592 2362 ad
2631 2300 2929 2364 catechi-

461 2426 687 2471 smum
718 2409 1233 2489 pertinentibus
1263 2409 1336 2470 in
1376 2408 1685 2488 quadam
1723 2408 1843 2487 pia
1882 2408 2124 2486 dom0‚
2169 2424 2349 2486 quae
2395 2405 2624 2468 Divae
2663 2406 2932 2470 Mariae

458 2514 540 2577 de
568 2516 838 2578 Loreto
868 2532 1078 2578 sacra
1108 2524 1245 2593 est,
1281 2532 1442 2578 cum
1474 2514 1824 2578 auditorio
1857 2512 2224 2596 frequenti.
2261 2513 2528 2575 Eodem
2568 2513 2779 2575 etiam
2821 2513 2933 2577 die

458 2623 740 2684 tertiam
778 2622 1025 2684 habuit
1065 2622 1482 2684 concionem
1520 2620 1710 2701 apud
1739 2620 2113 2699 religiosas
2144 2619 2374 2681 Divae
2406 2619 2682 2682 Clarae.
2718 2620 2935 2683 Binas

458 2731 674 2791 etiam
704 2729 778 2792 in
808 2730 1016 2792 tertia
1047 2729 1405 2792 dominica
1436 2728 1820 2791 conciones
1852 2728 2129 2806 habuit,
2164 2735 2234 2789 et
2260 2735 2548 2807 propter
2593 2728 2933 2790 valetudi—

458 2852 616 2898 nem
649 2854 773 2898 eas
804 2837 878 2897 in
907 2844 1163 2915 quarta
1191 2853 1336 2898 non
1364 2843 1471 2898 est
1500 2843 1993 2915 prosequutus,
2028 2834 2218 2897 Inter
2248 2834 2426 2896 alios
2453 2852 2583 2914 per
2613 2834 2747 2899 Dei
2778 2852 2932 2897 ver·

460 2941 626 3004 bum
654 2952 993 3022 peccator
1025 2942 1335 3022 quidam,
1371 2942 1488 3022 qui
1518 2941 2058 3022 quatuordecim
2086 2958 2312 3003 annos
2342 2941 2414 3003 in
2444 2941 2724 3003 mortali
2769 2959 2935 3021 quo—

361 3042 368 3051 ’
459 3049 622 3112 dam
651 3049 912 3112 delicto
943 3050 1424 3128 insorduerat,
1461 3047 1552 3111 ad
1583 3065 1833 3111 sanam
1864 3056 2172 3111 mentem
2202 3055 2582 3110 revocatus
2620 3056 2761 3127 est;
2803 3048 2929 3111 illi—

456 3157 615 3219 citis
643 3157 859 3219 etiam
888 3156 1308 3235 quibusdam
1336 3155 1805 3219 matrimoniis
1834 3153 2227 3217 remedium
2256 3153 2665 3217 adhibitum.

575 3262 718 3324 249.
809 3264 899 3326 Ut
928 3264 1254 3343 superius
1285 3264 1552 3326 dictum
1581 3263 1731 3342 fuit,
1762 3271 2215 3324 concesserat
2244 3260 2575 3324 Summus
2607 3261 2935 3327 Pontifex

457 3379 532 3431 ut
591 3370 782 3449 quod
833 3370 1002 3432 olim
1052 3368 1283 3433 fuerat
1332 3370 1724 3448 Collegium
1776 3369 2141 3447 virginum
2191 3367 2810 3445 Caesaraugustae
2867 3379 2935 3431 et
3011 3380 3017 3385 “

457 3478 883 3539 auctoritate
936 3478 1329 3557 apostolica
1377 3476 1798 3540 dissolutum
1847 3475 2109 3554 fuerat,
2164 3475 2236 3536 in
2284 3473 2662 3537 Societatis
2713 3475 2933 3538 Colle-

457 3584 656 3661 gium
708 3592 1267 3646 converteretur.
1321 3581 1552 3662 Hujus
1602 3584 1707 3646 rei
1752 3600 1915 3645 cum
1959 3582 2236 3644 litterae
2290 3581 2363 3643 in
2411 3579 2639 3643 forma
2690 3582 2934 3645 Bullae

460 3689 836 3769 expeditae
866 3701 936 3753 et
969 3690 1620 3769 Caesaraugustam
1651 3690 1914 3752 missae
1944 3688 2274 3766 fuissent,
2318 3687 2631 3751 Domina
2670 3688 2934 3752 Aidon-

460 3797 568 3858 zia
610 3796 995 3875 Gonzalez‚
1037 3798 1583 3876 religiosissima
1622 3797 1897 3875 mulier,
1943 3804 2012 3858 et
2052 3793 2204 3874 ejus
2243 3793 2486 3873 frater,
2523 3795 2938 3860 Ludovicus

460 3901 850 3983 Gonzalez,
878 3904 1362 3968 Conservator
1386 3903 1832 3984 Aragoniae,
1869 3909 1939 3965 et
1959 3901 2324 3980 Melchior,
2352 3902 2758 3965 laetissimis
2788 3904 2930 3965 ani-

456 4011 592 4072 mis
627 4027 753 4073 eas
782 4019 1244 4091 acceperunt3
1280 4011 1404 4073 sed
1432 4010 2045 4090 Archiepiscopus
2074 4017 2144 4071 et
2173 4008 2420 4071 Abbas
2450 4009 2839 4088 Virgiielae
2880 4009 2928 4085 ¹,

537 4253 554 4285 ¹
610 4252 849 4307 Ignatius
869 4252 1002 4296 Duci
1024 4240 1277 4306 Gandiae,
1298 4257 1542 4306 patentes
1562 4253 1769 4295 litteras
1789 4251 2271 4295 communicationis
2293 4251 2605 4295 facultatum
2625 4262 2717 4295 seu
2738 4254 2933 4306 gratia-

455 4332 567 4366 rum
582 4334 616 4365 a
637 4321 861 4365 Summis
882 4321 1218 4365 Pontificibus
1238 4321 1489 4366 societati
1511 4332 1890 4373 concessarum,
1927 4322 1979 4363 15
2007 4320 2268 4373 Januarii3
2303 4322 2483 4365 eadem
2505 4322 2585 4365 die
2605 4321 2847 4365 Andreae
2870 4323 2931 4366 de

455 4392 650 4436 Oviedo
670 4393 732 4435 de
755 4392 940 4436 eadem
959 4393 1420 4437 communicatione
1443 4394 1751 4447 gratiarum.
1774 4393 2047 4445 Polancus,
2069 4404 2134 4435 ex
2155 4394 2548 4445 commissione,
2570 4393 2716 4436 Patri
2737 4393 2934 4446 Araoz,

452 4463 513 4507 de
527 4464 775 4518 jubilaeo,
798 4462 1187 4507 confirmatione
1209 4465 1501 4518 gratiarum
1516 4471 1567 4507 et
1591 4465 1749 4507 tertia
1771 4464 1923 4507 Bulla
1943 4463 2349 4507 confirmationis
2378 4464 2609 4508 Instituti
2632 4463 2933 4518 SocietatiS,

456 4535 506 4578 14
523 4534 680 4588 Ῑιιιιίἰ;
704 4535 842 4579 idem
866 4533 1014 4578 Patri
1033 4534 1221 4596 Araoz.
1254 4542 1310 4578 ut
1344 4535 1524 4579 videat
1560 4536 1743 4589 quibus
1773 4534 2084 4577 conserenda
2118 4535 2187 4577 sit
2215 4541 2450 4589 potestas
2480 4536 2826 4580 consessiones
2845 4548 2937 4581 au—

451 4606 638 4659 diendi,
660 4617 840 4650 mense
861 4605 997 4658 Julio
1019 4606 1458 4650 ineunte.—Ducis
1479 4607 1711 4650 Gandiae
1735 4606 1945 4649 litterae
1967 4605 2031 4649 ad
2055 4605 2328 4659 Ignatium.

528 4678 551 4709 ¹
605 4675 709 4731 Sic,
731 4688 830 4731 pro
865 4675 1089 4730 Verula,
1109 4678 1296 4731 insigni
1318 4678 1511 4721 ordinis
1531 4677 1880 4725 cisterciensis
1901 4677 2214 4720 monasterio
2237 4677 2288 4719 in
2309 4678 2593 4732 Aragonia.
