3679 5414
748 493 859 552 (ὯΩ
1686 493 2318 568 Cnssoae.Soc.JEs

747 649 821 703 et
849 642 1017 721 quia
1043 641 1538 704 intellexerant
1566 642 1756 721 quod
1785 642 1860 704 in
1889 641 2223 721 hospitali
2250 659 2644 722 pauperum
2673 644 2885 705 vellet
2915 643 3222 708 diverte-

745 765 849 824 re,
882 758 1323 827 rogaverunt
1350 757 1428 810 ut
1465 749 1655 829 apud
1692 747 2184 811 franciscanos
2221 749 2606 829 hospitium
2645 750 3032 831 acciperet,
3074 762 3217 831 qua

745 856 820 918 in
850 865 1053 935 parte
1082 855 1255 936 ipsis
1282 854 1494 919 facile
1522 855 1880 936 acquievit
1908 864 1979 918 et
2009 872 2169 917 cum
2198 872 2465 935 magno
2495 857 2839 919 comitatu
2868 866 2937 920 et
2965 860 3215 923 alacri—

747 972 895 1026 tate
923 963 1387 1044 plurimorum
1414 962 1790 1040 nobilium,
1824 964 1945 1043 qui
1973 980 2137 1027 eum
2166 964 2711 1042 comitabantur,
2744 965 2836 1027 ad
2866 977 3225 1031 monaste-

739 1072 934 1134 rium
962 1089 1039 1134 se
1079 1071 1409 1151 contulit,
1444 1077 1515 1133 et
1555 1086 1820 1149 magna
1859 1086 2021 1132 cum
2062 1070 2410 1133 charitate
2446 1089 2490 1133 a
2529 1072 2927 1150 guardiano
2965 1083 3036 1136 et
3076 1074 3213 1138 sra-

739 1179 973 1241 tribus
1003 1177 1155 1258 eJus
1181 1186 1523 1256 exceptus
1566 1187 1695 1240 ὧι.
1741 1175 1879 1239 Die
1922 1177 2274 1257 sequenti,
2315 1195 2499 1258 quae
2537 1177 2896 1242 dominica
2925 1191 3081 1244 erat
3109 1199 3221 1246 se·

744 1286 1263 1367 ptuagesimae,
1319 1285 1784 1349 constitutum
1823 1283 2056 1348 fuerat
2092 1294 2170 1347 ut
2208 1284 2470 1348 Missae
2520 1302 2765 1349 omnae
2804 1294 2950 1349 tres
2998 1287 3224 1353 horas

744 1401 909 1457 ante
938 1393 1305 1457 meridiem
1334 1393 1494 1457 aliis
1523 1393 1595 1455 in
1625 1392 1950 1456 ecclesiis
1973 1402 2210 1455 essent
2233 1392 2654 1471 celebratae,
2681 1403 2752 1457 et
2770 1412 2900 1474 per
2922 1413 3211 1475 praeco·

742 1518 904 1564 nem
933 1502 1384 1580 divulgatum
1411 1500 1543 1564 fuit
1573 1509 1651 1562 ut
1675 1517 1923 1563 omnes
1946 1499 2038 1562 ad
2059 1499 2475 1564 concionem
2500 1501 2570 1564 in
2592 1502 2855 1581 templo
2878 1501 2967 1565 D.
2994 1502 3053 1566 F
3055 1521 3209 1567 ran-

739 1609 912 1671 cisci
963 1609 1457 1688 convenirent;
1510 1618 1579 1672 et
1630 1617 1832 1672 tanta
1875 1607 2215 1670 confluxit
2253 1607 2655 1673 auditorum
2690 1609 3066 1673 multitudo
3107 1622 3213 1691 ut,

738 1734 900 1779 cum
932 1716 1444 1780 monasterium
1472 1725 1539 1779 et
1571 1716 1876 1779 ecclesia
1908 1713 1997 1777 D.
2031 1714 2400 1778 Francisci
2430 1716 2605 1779 satis
2643 1716 2903 1796 alioqui
2945 1734 3209 1798 magna

736 1831 1007 1899 essent,
1050 1825 1308 1887 multos
1344 1833 1589 1886 tamen
1639 1822 2030 1903 oportuerit
2066 1839 2157 1884 ex
2197 1822 2497 1885 ecclesia
2535 1823 2870 1887 recedere
2918 1843 3008 1888 ne
3051 1827 3219 1906 plus

737 1931 912 1993 satis
961 1933 1050 1994 ob
1102 1914 1394 1994 nimiam
1446 1930 1808 1993 hominum
1859 1929 2328 2010 frequentiam
2372 1930 3037 2012 comprimerentur;
3086 1934 3210 1997 ubi

737 2056 1137 2102 sermonem
1174 2038 1251 2101 P.
1295 2038 1724 2101 Franciscus
1763 2038 1850 2100 de
1893 2038 2132 2101 missis
2171 2037 2243 2098 in
2282 2036 2568 2100 vineam
2610 2039 2958 2117 operariis
3006 2056 3203 2119 egre-

735 2146 929 2225 gium
981 2146 1226 2209 habuit
1274 2164 1438 2209 cum
1489 2160 1752 2223 magna
1809 2145 2207 2207 animorum
2264 2145 2698 2207 excitatione
2755 2162 2840 2208 ac
2900 2163 3203 2211 commo—

738 2255 949 2317 tione.

855 2361 998 2424 431.
1085 2360 1532 2440 Significavit
1561 2361 1777 2424 etiam
1810 2377 1886 2422 se
1914 2359 2028 2422 die
2056 2361 2266 2422 lunae
2298 2360 2618 2439 sequenti
2644 2360 2716 2421 in
2739 2362 3002 2440 templo
3032 2359 3208 2424 San--

736 2470 832 2532 cti
862 2470 1228 2532 Vincentii
1257 2469 1849 2532 concionaturum
1878 2467 2177 2545 (summa
2207 2467 2392 2529 enim
2423 2466 2728 2529 ecclesia
2753 2466 3211 2538 interdictum

733 2594 822 2638 eo
867 2586 1186 2656 tempore
1223 2575 1687 2657 patiebatur);
1734 2575 1861 2637 sed
1890 2574 2138 2637 eodem
2168 2573 2313 2652 die,
2349 2574 2677 2654 quamvis
2705 2574 3205 2654 primariorum

733 2683 1097 2747 hominum
1149 2682 1672 2747 visitationibus
1710 2692 1860 2745 tam
1899 2681 2547 2745 ecclesiasticorum
2588 2698 2797 2762 quam
2842 2681 3209 2760 religiosoae

641 2863 650 2870 ⁴
729 2810 886 2855 rum
919 2802 988 2855 et
1018 2792 1492 2856 saecularium
1531 2800 1991 2871 premeretur,
2040 2789 2267 2869 prima
2314 2799 2550 2852 tamen
2591 2790 2767 2852 hora
2800 2798 2959 2869 post
3000 2791 3203 2853 meri·

730 2899 917 2964 diem
966 2900 1059 2964 ad
1105 2899 1615 2963 monasterium
1666 2898 1936 2960 ordinis
1974 2896 2043 2961 S.
2097 2897 2350 2961 Clarae
2390 2915 2466 2960 se
2507 2897 2835 2976 contulit;
2878 2897 2998 2960 ubi
3039 2914 3202 2961 cum

728 3024 993 3086 magna
1030 3008 1530 3088 religiosarum
1567 3005 2053 3068 consolatione
2098 3005 2468 3084 perutilem
2508 3004 2595 3067 de
2631 3003 2846 3066 rebus
2888 3004 2979 3066 ad
3020 3004 3199 3084 ipsa-

683 3112 686 3115 ”
727 3131 885 3177 rum
915 3115 1315 3177 institutum
1345 3112 1860 3193 pertinentibus
1886 3109 2302 3174 concionem
2324 3111 2592 3188 habuit;
2620 3111 2712 3173 ad
2735 3109 2925 3172 aliud
2948 3109 3201 3173 deinde

726 3219 795 3284 S.
852 3220 1104 3285 Crucis
1158 3219 1665 3284 monasterium
1714 3218 2111 3299 procedens
2160 3219 2442 3281 tertiam
2492 3218 2738 3280 habuit
2789 3217 3036 3280 eodem
3088 3216 3198 3282 die

724 3328 1081 3390 dominico
1133 3328 1594 3405 concionem;
1649 3334 1719 3401 et
1769 3325 1933 3388 inde
1974 3325 2065 3387 ad
2105 3324 2608 3387 monasterium
2663 3322 2786 3387 Sti.
2842 3323 3203 3391 Dominici

721 3451 800 3496 se
830 3436 1157 3513 contulit;
1191 3443 1260 3497 et
1295 3449 1577 3511 semper
1605 3433 1670 3495 ei
1704 3431 2082 3495 adfuerunt
2109 3431 2183 3494 P.
2218 3430 2659 3510 guardianus
2688 3440 2759 3494 et
2787 3431 2969 3508 alius
2998 3448 3198 3512 egre-

720 3543 882 3620 gius
925 3542 1408 3622 concionator,
1464 3558 1626 3603 cum
1671 3541 1923 3620 quibus
1968 3540 2057 3601 ad
2101 3539 2610 3601 monasterium
2653 3537 2780 3602 Sti.
2828 3537 3205 3603 Francisci

719 3659 880 3728 post
908 3666 1126 3713 unam
1154 3651 1408 3713 horam
1436 3648 1666 3712 rediit.
1705 3647 1916 3710 Mane
1945 3656 2183 3709 autem
2211 3646 2351 3709 diei
2393 3646 2783 3725 sequentiS,
2826 3663 2989 3709 cum
3027 3648 3197 3709 civi-

720 3766 832 3818 tas
890 3758 961 3820 in
1011 3759 1274 3837 templo
1325 3756 1495 3819 Divi
1538 3754 1897 3818 Vincentii
1948 3763 2386 3834 congregata
2444 3763 2662 3833 esset,
2720 3770 2881 3842 cum
2931 3769 3197 3833 magna

719 3879 965 3927 eorum
1016 3864 1501 3927 consolatione
1555 3863 2020 3925 concionatus
2068 3870 2206 3940 est,
2261 3870 2329 3923 et
2380 3861 2468 3923 ab
2520 3860 3048 3923 Archidiacono
3102 3862 3197 3924 ad

720 3970 1097 4049 prandium
1135 3979 1497 4050 exceptus,
1531 3978 1693 4049 post
1722 3969 2088 4032 meridiem
2120 3969 2208 4031 ad
2250 3967 2496 4030 aedem
2535 3965 2659 4031 Sti.
2693 3966 3059 4031 Francisci
3087 3985 3193 4030 re-

718 4075 876 4155 diit,
912 4094 1051 4157 quo
1089 4086 1378 4157 praetor
1408 4084 1478 4139 et
1508 4084 1800 4139 senatus
1828 4076 2026 4138 urbis
2056 4075 2147 4138 ad
2175 4075 2448 4154 gratias
2477 4075 2543 4137 ei
2573 4075 2892 4153 agendas
2924 4093 3000 4137 se
3031 4092 3193 4138 con-

722 4184 1032 4246 tulerunt
1063 4184 1252 4263 quod
1283 4191 1481 4246 tanto
1512 4200 1636 4246 eos
1680 4182 2024 4246 beneficio
2064 4181 2446 4259 affecisset,
2477 4190 2546 4244 et
2578 4191 2925 4261 rogarunt
2961 4190 3037 4244 ut
3081 4199 3192 4244 ur-

717 4289 879 4352 bem
908 4291 1101 4353 illam
1130 4299 1502 4371 tamquam
1532 4307 1734 4354 suam
1758 4290 2072 4368 haberet,
2110 4289 2276 4352 etin
2295 4306 2381 4350 ea
2405 4289 2697 4368 eligeret
2719 4288 2955 4366 situm,
2982 4305 3193 4368 quem

715 4397 959 4474 vellet,
1002 4398 1384 4461 ecclesiam
1424 4407 1548 4461 aut
1590 4398 1878 4461 domurn
1922 4408 1997 4460 ut
2039 4397 2136 4460 ibi
2179 4395 2571 4476 Collegium
2614 4403 2737 4457 aut
2780 4394 3030 4458 domus
3069 4413 3192 4459 no-

717 4513 911 4566 strae
941 4503 1318 4567 Societatis
1349 4504 1859 4568 institueretur.
1904 4504 2287 4586 Plusquam
2327 4503 2781 4583 septuaginta
2819 4502 3057 4565 clerici
3100 4520 3193 4570 ex

713 4610 922 4689 pagis
968 4610 1228 4674 vicinis
1278 4611 1369 4675 ad
1421 4628 1583 4674 eum
1632 4611 2018 4676 videndum
2067 4621 2137 4674 et
2186 4609 2636 4673 salutandum
2674 4619 3185 4676 convenerunt.

715 4715 916 4778 Unus
947 4717 1131 4779 inter
1165 4718 1346 4780 alios
1375 4718 1506 4781 fuit
1536 4717 2328 4796 baccalaureuS,-Perea
2357 4716 2663 4796 nomine,
2696 4717 2811 4779 vir
2839 4717 3090 4779 doctus
3117 4729 3190 4784 et
