3679 5414
1595 456 1722 514 ΑΝ.
1769 455 1902 515 1551
2872 457 2980 520 183

505 601 683 665 Dux
705 619 868 667 cum
895 620 1025 666 sua
1055 619 1277 666 uxore
1305 601 1571 681 suerat;
1605 602 1825 664 sedin
1855 602 2120 682 palatio
2150 619 2273 664 eos
2303 611 2821 682 exspectanteS,
2855 602 2978 667 Pe·

504 718 662 772 trus
690 711 954 791 Ayllon
976 709 1275 789 Ducem,
1303 708 1858 789 christophorus
1880 709 2260 772 Ducissam
2290 710 2726 790 aggreditur.
2761 709 2978 774 Audi-

505 817 614 880 vit
642 816 809 880 Dux
838 816 1126 880 Petrum
1171 825 1241 879 et
1279 818 1554 880 litteras
1592 817 1683 880 ab
1711 833 1797 879 eo
1843 816 2149 897 accepit,
2193 825 2261 880 et
2298 834 2375 879 se
2413 834 2833 897 responsum
2860 835 2980 899 po-

506 933 664 987 stea
713 925 1044 988 daturum
1093 924 1291 987 dixit.
1348 923 1637 987 Interim
1688 941 1849 986 cum
1899 923 2173 987 videret
2215 924 2287 986 in
2337 924 2590 987 lectica
2638 925 2981 1004 palatium

509 1030 1024 1110 ingredientem
1062 1030 1442 1094 Ducissam
1473 1040 1541 1093 et
1584 1048 1747 1093 cum
1789 1047 1876 1093 ea
1924 1030 2511 1109 christophorum
2549 1032 2974 1111 loquentem,

506 1138 843 1200 intuendo
872 1137 1258 1200 Ducissam
1285 1137 1517 1200 ridere
1548 1138 1780 1217 coepit
1822 1147 1893 1200 et
1921 1138 2122 1208 visus
2159 1148 2266 1201 est
2305 1137 2540 1200 dicere
2584 1138 2772 1216 quod
2799 1138 2979 1201 forte

508 1261 657 1307 non
699 1245 1161 1308 intellexisset
1199 1243 1276 1307 P.
1319 1244 1638 1325 Elpidius
1680 1261 2100 1325 responsum
2150 1244 2285 1324 ipsi
2335 1244 2598 1323 datum,
2641 1245 2757 1307 vel
2794 1246 2979 1324 quod

507 1370 651 1414 non
713 1361 907 1414 recte
949 1350 1050 1415 illi
1104 1350 1505 1430 significata
1555 1361 1740 1414 esset
1788 1368 2036 1414 eorum
2083 1352 2436 1414 voluntas.
2491 1350 2713 1414 Simul
2767 1362 2978 1434 atque

508 1466 748 1522 autem
776 1457 969 1521 dedit
1008 1457 1360 1522 Ducissae
1389 1458 1663 1521 litteras
1694 1456 2247 1537 Christophorus
2276 1468 2347 1521 et
2376 1458 2551 1521 dixit
2580 1477 2655 1522 se
2685 1458 2979 1522 fratrem

506 1583 667 1628 esse
695 1565 771 1628 P.
805 1564 1055 1647 Jacobi
1082 1555 1395 1645 Laynez,
1429 1564 1609 1628 dixit
1638 1565 1724 1628 ei:
1760 1574 1973 1642 certe,
2008 1582 2051 1627 a
2080 1564 2313 1628 media
2341 1566 2642 1628 leuca-te
2672 1565 2976 1646 cognovi

505 1681 576 1735 et
607 1672 1034 1752 perlibenter
1063 1681 1131 1735 te
1159 1672 1327 1735 vidi.
1358 1669 1694 1758 Sequenti
1722 1670 1835 1733 die
1867 1689 2029 1734 cum
2058 1670 2245 1734 Duci
2276 1671 2783 1751 occurrissent,
2818 1690 2977 1735 con-

505 1779 1003 1856 siderabimuS‚
1035 1778 1284 1858 inquit,
1319 1789 1389 1842 et
1417 1778 1975 1859 providebimus,
2004 1779 2190 1859 quod
2219 1778 2410 1841 facto
2439 1781 2531 1842 sit
2562 1796 2740 1859 opus
2774 1778 2815 1838 ¹.

628 1886 730 1948 37.
817 1886 1017 1949 Tunc
1040 1887 1269 1949 solum
1299 1885 1888 1965 Christophorum
1918 1885 2181 1964 alloqui
2203 1886 2424 1949 voluit
2454 1886 2786 1966 Ducissa,
2818 1897 2888 1950 et
2916 1887 2988 1949 ei

504 1993 686 2056 dixit
716 1992 1007 2056 Summo
1051 1992 1376 2056 Pontifici
1412 2009 1490 2055 se
1528 1992 1899 2072 scripsisse
1938 2001 2014 2055 ut
2056 1992 2149 2056 ad
2190 2011 2267 2055 se
2305 1993 2614 2056 mitteret
2658 1992 2731 2055 P.
2755 1993 2979 2082 *Jaco-

508 2100 714 2178 bum;
747 2100 998 2163 deinde
1026 2108 1485 2180 percontatus
1523 2107 1630 2162 est
1667 2109 1834 2178 quot
1878 2116 1967 2161 ex
2009 2100 2272 2162 nostris
2302 2099 2663 2162 venissent
2701 2109 2770 2163 et
2810 2110 2980 2180 quot

509 2224 604 2269 ex
636 2207 772 2269 illis
800 2216 1037 2269 essent
1068 2207 1368 2287 hispani.
1406 2206 1582 2270 Cum
1624 2206 2360 2271 intellexisset-omnes
2397 2224 2553 2270 esse
2583 2206 2976 2286 duodecim,

509 2314 853 2393 hispanos
902 2323 1177 2377 tanturn
1227 2314 1427 2393 duOS,
1479 2313 1789 2394 reliquos
1836 2313 2096 2394 partim
2147 2313 2375 2392 italos,
2416 2315 2679 2395 partim
2726 2315 2980 2394 gallos,

505 2419 773 2501 partim
816 2420 1158 2500 flandrOS,
1194 2420 1314 2500 qui
1342 2429 1581 2482 tamen
1610 2420 1923 2482 italicam
1952 2419 2264 2500 linguam
2298 2421 2659 2500 tenebant,
2694 2421 2785 2484 ad
2814 2421 2984 2502 quid

504 2528 786 2591 mittitis
816 2528 954 2592 huc
982 2528 1277 2608 gallos?,
1312 2528 1522 2606 dixit,
1558 2537 1626 2590 et
1650 2527 1736 2590 de
1768 2527 1923 2590 istis
1949 2526 2243 2590 flandris
2272 2526 2438 2607 quid
2467 2528 2683 2591 vultis
2711 2530 2981 2608 agere?;

508 2653 640 2698 cur
668 2653 813 2699 non
841 2634 1116 2698 mittitis
1145 2652 1269 2697 eos
1298 2633 1388 2696 ad
1420 2634 1737 2715 ipsorum
1764 2633 2234 2715 provincias?,
2282 2645 2350 2697 et
2389 2635 2528 2698 alia
2557 2633 2979 2715 hujusmodi.

504 2740 761 2806 Subdit
790 2742 1077 2806 deinde:
1109 2743 1400 2805 misistis
1430 2742 1520 2805 ad
1550 2760 1663 2805 me
1692 2741 2151 2806 Sacerdotem
2181 2743 2586 2822 quemdam,
2613 2760 2822 2823 quern
2846 2760 2987 2823 ego

504 2869 642 2913 nec
672 2850 1152 2930 intelligebam
1179 2868 1310 2913 nec
1341 2850 1492 2930 ipse
1521 2868 1654 2913 me.
1688 2849 1889 2912 Tunc
1919 2849 2227 2914 subdidit
2257 2850 2465 2913 valde
2508 2868 2584 2913 se
2628 2859 2875 2931 optare
2906 2861 2985 2913 ut

505 2957 905 3037 Collegium
954 2957 1151 3021 fieret
1201 2957 1636 3036 Florentiae,
1691 2955 1814 3019 sed
1866 2956 2175 3036 interim,
2232 2957 2398 3020 dum
2443 2959 2642 3020 locus
2684 2958 2985 3020 idoneus

502 3064 909 3129 Florentiae
953 3064 1443 3128 inveniebatur
1463 3113 1478 3143 ,
1519 3063 1703 3126 Pisis
1753 3063 2165 3144 aliquandiu
2202 3064 2478 3127 versari
2507 3081 2738 3145 posse.
2781 3063 2984 3127 Tunc

508 3173 695 3235 sicut
724 3172 1052 3235 instructi
1080 3171 1364 3235 fuerant
1392 3190 1436 3234 a
1464 3169 1541 3234 P.
1575 3171 1855 3252 Ignatio
1886 3172 2029 3251 (qui
2055 3171 2456 3234 Florentiae
2504 3171 2738 3250 potius
2769 3188 2983 3251 quam

503 3278 690 3343 Pisis
734 3278 1127 3358 Collegium
1156 3278 1309 3342 fieri
1347 3278 1669 3359 optabat,
1713 3278 1904 3359 quod
1941 3278 2143 3341 nobis
2181 3278 2582 3341 Florentiae
2613 3279 2862 3342 domus
2888 3279 2984 3341 ab

505 3386 760 3449 amicis
803 3387 1039 3449 oblata
1087 3385 1342 3463 fuerat)
1390 3384 1489 3448 ²...
1538 3385 1757 3448 tacuit
1796 3386 1917 3447 illa
1955 3395 2025 3448 et
2065 3386 2299 3465 coepit
2342 3384 2482 3448 alia
2521 3386 2606 3447 de
2645 3402 2723 3448 re
2752 3386 2980 3469 -loqui,

504 3510 722 3572 quam
750 3493 1020 3556 scilicet
1047 3493 1243 3573 pium
1275 3510 1362 3555 ac
1405 3493 1671 3556 bonum
1708 3500 1896 3556 esset
1934 3491 2089 3555 Deo
2119 3493 2421 3571 servire,
2455 3491 2579 3556 sed
2609 3493 2795 3571 quod
2825 3479 2984 3572 ipsa

505 3599 868 3663 nesciebat
894 3600 1251 3680 quomodo
1281 3600 1354 3664 id
1391 3600 1630 3664 facere
1669 3610 1941 3680 posset,
1984 3616 2148 3662 cum
2183 3597 2501 3679 jejunare
2537 3617 2681 3663 non
2712 3610 2981 3680 posset;

506 3717 577 3769 et
606 3707 1080 3786 interrogavit
1113 3707 1709 3787 Christophorum
1738 3707 1906 3787 quid
1935 3707 2172 3770 facere
2202 3716 2440 3787 posset
2472 3716 2547 3770 ut
2575 3706 2730 3770 Deo
2761 3707 2977 3769 servi-

504 3822 635 3876 ret.
670 3812 993 3877 Subdidit
1021 3814 1135 3877 ille
1167 3814 1384 3895 quod,
1420 3815 1480 3877 si
1507 3823 1798 3895 propter
1822 3814 2177 3879 stomachi
2206 3814 2638 3877 debilitatem
2660 3811 2979 3895 jejunare

502 3937 647 3982 non
675 3929 935 4000 posset,
971 3921 1131 3983 aliis
1154 3918 1395 3984 multis
1425 3922 1755 4000 operibus
1778 3921 2063 4000 pietatis
2084 3920 2155 3984 id
2178 3937 2640 4000 compensare
2671 3930 2975 4001 poterat.

502 4024 817 4105 Rogavit
844 4035 1015 4089 tunc
1045 4026 1198 4106 eJus
1229 4027 1651 4090 sententiam
1680 4027 1988 4090 Ducissa
2031 4027 2118 4090 de
2155 4007 2266 4107 re',
2309 4027 2395 4090 de
2441 4044 2579 4108 qua
2618 4037 2784 4091 tunc
2814 4044 2977 4108 age·

502 4132 743 4195 batur:
785 4150 949 4196 cum
987 4133 1259 4197 scilicet
1295 4151 1550 4214 parum
1586 4134 1882 4197 honeste
1920 4134 2170 4197 mulier
2213 4134 2563 4214 quaedam
2592 4135 2868 4198 viveret
2906 4145 2976 4199 et

504 4239 685 4303 duas
712 4239 895 4303 filias
922 4257 1142 4321 penes
1171 4257 1247 4303 se
1276 4240 1591 4320 haberet,
1625 4258 1806 4320 quas
1834 4242 2068 4304 timeri
2096 4250 2375 4322 poterat
2403 4242 2630 4305 nesui
2660 4242 2976 4306 imitatri-

585 4479 600 4509 ¹
660 4477 934 4532 PolancuS,
953 4489 1019 4523 ex
1042 4490 1191 4531 com„
1212 4480 1368 4524 Petro
1388 4482 1597 4537 Ayllon,
1630 4487 1689 4524 ut
1719 4480 1923 4536 Elpidio
1957 4482 2190 4536 Ugoletti
2221 4483 2419 4527 :cribat
2439 4495 2590 4539 quem
2610 4484 2811 4528 modum
2831 4484 2883 4526 in
2902 4484 2979 4528 al·

500 4550 756 4603 loquenda
782 4550 1085 4595 Florentiae
1106 4551 1325 4595 Ducissa
1346 4551 1479 4596 Pisis
1501 4552 1740 4607 tenuerit,
1766 4553 1816 4596 12
1836 4552 2150 4597 Decembris.

583 4620 607 4653 ¹
661 4621 861 4667 Desunt
882 4623 967 4674 hic
987 4623 1163 4677 aliqua
1181 4625 1361 4679 verba,
1397 4635 1430 4677 a
1460 4623 1675 4667 librario
1711 4624 1843 4667 forte
1877 4624 2273 4680 praeiet-misem
2306 4636 2485 4671 sensus
2517 4628 2845 4674 nihilominus
2863 4641 2978 4683 per·

495 4693 712 4746 spicum
732 4701 832 4738 est.
