3679 5414
724 449 837 509 336
1643 450 1898 509 Canon.
1940 398 2102 510 Soc:
2134 450 2275 524 Jsss.

708 593 991 674 jusdam
1015 594 1254 676 oppidi
1275 595 1381 657 sui
1406 595 1853 671 (Serracines
1876 594 2134 660 dicitur
2163 604 2232 658 et
2256 596 2528 675 duobus
2551 595 2771 658 leucis
2799 594 3178 676 Compluto

711 703 960 781 distat)
992 703 1082 766 ad
1112 719 1465 782 expensas
1494 702 1837 766 ecclesiae
1868 702 2349 766 aedificandae
2380 702 2793 782 assignabat
2826 701 2867 765 ¹.

831 809 973 872 348.
1063 809 1138 871 Ρ.
1172 811 1588 873 Emmanuel
1615 809 1878 889 Lopez,
1915 808 2245 889 adjuncto
2275 809 2586 873 Doctore
2628 809 2934 873 Castello
2975 811 3176 874 novi-

709 917 832 996 tio,
865 917 1231 980 Concham
1258 918 1517 980 missus
1544 926 1672 995 est,
1700 926 1776 979 ut
1798 915 2137 980 Doctoris
2158 916 2535 996 Vergarae
2556 916 2744 979 votis
2766 916 3162 981 satisfieret.

710 1022 992 1086 Pedites
1023 1033 1092 1087 et
1120 1024 1270 1087 sine
1300 1024 1585 1087 sacculo
1614 1033 1682 1087 et
1710 1041 1882 1104 pera
1913 1025 2047 1087 hoc
2076 1024 2210 1087 iter
2240 1023 2727 1103 confecerunt;
2771 1033 2839 1086 et
2870 1023 3176 1087 admira-

708 1130 970 1195 bantur
983 1132 1192 1194 valde
1204 1132 1466 1212 populi,
1494 1148 1654 1194 cum
1674 1130 1751 1193 Ρ.
1778 1131 2309 1194 Emmanuelem
2329 1130 2403 1192 in
2413 1130 2711 1211 publicis
2733 1132 2986 1211 plateis
3011 1149 3172 1194 con-

707 1238 1112 1302 cionantem
1134 1247 1495 1320 tamquam
1519 1256 1609 1302 ex
1631 1239 1839 1302 valde
1863 1238 2251 1301 honorifico
2276 1248 2619 1318 suggestu
2636 1238 2981 1317 viderent,
3005 1238 3177 1303 boni

709 1362 956 1408 omnes
987 1346 1394 1423 laudabant,
1429 1353 1498 1408 et
1526 1346 1802 1426 priscos
1831 1347 1989 1408 illos
2017 1346 2361 1409 ecclesiae
2400 1362 2733 1425 proceres
2762 1345 3005 1408 divino
3034 1346 3173 1425 spi-

705 1452 847 1515 ritu
872 1454 964 1515 ad
987 1453 1428 1516 evellendam
1449 1471 1541 1516 ex
1561 1453 1814 1516 animis
1837 1453 2200 1517 hominurn
2223 1453 2655 1533 impietatem
2678 1453 2780 1515 sic
2804 1450 3172 1516 factitasse

705 1559 1056 1622 dicebant.
1112 1559 1686 1625 Confessionibus
1736 1561 1952 1623 etiam
2002 1560 2357 1623 vacabant
2396 1568 2466 1622 et
2505 1560 2738 1623 cibum
2788 1559 3040 1622 deinde
3078 1577 3171 1624 ex

704 1660 1107 1729 mendicato
1137 1667 1593 1747 quaerebant.
1627 1667 1994 1730 Revocato
2025 1666 2276 1729 deinde
2306 1675 2466 1746 post
2489 1666 2889 1747 hujusmodi
2916 1667 3166 1746 proba·

703 1773 969 1836 tionem
999 1773 1310 1837 Doctore
1341 1773 1671 1852 Caste110‚
1707 1774 1856 1853 ipse
1885 1773 2300 1840 Emmanuel
2323 1773 2597 1836 duobus
2621 1773 2900 1854 oppidis
2921 1791 3167 1837 curam
3196 1770 3204 1777 ’

701 1879 1080 1961 impendit,
1114 1881 1233 1944 ubi
1270 1880 1542 1944 Doctor
1580 1880 1912 1959 Vergara
1950 1881 2351 1944 sacerdotia
2388 1898 2535 1943 non
2576 1881 2726 1943 sine
2767 1881 3166 1944 animarum

709 2003 892 2050 cura
912 1986 1239 2061 habebat,
1267 1989 1386 2051 ubi
1405 1996 1686 2068 praeter
1716 1987 2182 2050 ministerium
2207 1988 2408 2050 verbi
2434 1986 2590 2064 Dei,
2620 1987 3034 2050 catechismi
3047 2005 3163 2050 ex-

699 2093 1189 2174 minationem,
1225 2094 1709 2158 confessiones
1731 2103 1801 2158 et
1830 2094 2179 2174 colloquia
2210 2095 2526 2174 privata,
2561 2095 2814 2175 quibus
2841 2092 3167 2158 homines

699 2201 793 2264 ad
822 2201 957 2264 Dei
987 2202 1296 2280 gratiam
1324 2201 1816 2282 excipiendam
1846 2200 2286 2282 disponebat,
2314 2201 2764 2264 statuendum
2788 2209 2856 2263 et
2879 2200 3167 2265 decreto

698 2307 1121 2371 firmandum
1153 2318 1221 2371 et
1251 2308 1322 2372 in
1349 2318 1762 2389 perpetuum
1791 2309 2032 2388 populi
2070 2325 2420 2371 consensu
2461 2307 2920 2370 sanciendum
2963 2325 3167 2371 cura-

695 2416 833 2490 vit,
866 2433 956 2478 ne
995 2416 1107 2478 cui
1146 2415 1429 2495 impune
1459 2415 1701 2478 liceret
1728 2432 1872 2477 non
1909 2416 2137 2477 solum
2176 2414 2495 2495 peierare
2527 2424 2647 2477 aut
2677 2413 3167 2495 blasphemum

696 2540 874 2601 csse,
910 2521 1032 2585 sed
1061 2540 1150 2585 ne
1173 2520 1412 2601 jurare
1441 2521 1752 2603 quidem,
1785 2531 1855 2585 et
1884 2521 1977 2585 ad
2003 2539 2273 2602 poenas
2307 2519 2487 2601 juris
2521 2520 2803 2601 jurandi
2844 2522 3166 2602 irrogan—

697 2629 850 2707 daS,
885 2629 1369 2709 flagitantibus
1396 2629 1753 2710 primariis
1787 2628 1979 2707 viriS,
2008 2627 2281 2709 judices
2309 2629 2543 2710 elegit.
2572 2628 2749 2692 Cum
2774 2629 2999 2691 tribus
3019 2630 3160 2691 leu-

694 2737 801 2798 cis
831 2738 1250 2800 conchensis
1279 2737 1534 2800 civitas
1563 2735 1722 2800 inde
1752 2736 2070 2816 distaret,
2104 2754 2188 2799 eo
2218 2746 2454 2800 tamen
2500 2736 2816 2800 nonnulli
2856 2735 3007 2817 eJus
3041 2754 3160 2800 au-

693 2842 930 2906 diendi
960 2861 1178 2907 causa
1208 2843 1859 2924 proficiscebantur;
1892 2844 2016 2906 sed
2046 2843 2117 2906 in
2146 2844 2375 2923 ipsam
2404 2843 2769 2907 civitatem
2798 2842 3050 2906 deinde
3081 2861 3160 2906 se

694 2951 1167 3029 contulit,·ubi
1194 2968 1336 3014 non
1365 2950 1635 3014 minore
1665 2966 1826 3014 cum
1869 2949 2263 3030 frequentia
2309 2968 2521 3030 quam
2559 2950 3049 3013 benevolentia
3090 2960 3159 3013 et

690 3057 959 3136 fructu,
998 3068 1073 3121 ut
1116 3059 1564 3138 sperabatur,
1608 3057 2072 3120 concionatus
2114 3067 2252 3134 est,
2296 3075 2380 3120 ac
2421 3056 2871 3138 Complutum
2909 3056 3159 3120 deinde

689 3165 899 3228 rediit
930 3164 974 3225 ’.

804 3272 947 3336 349.
1037 3273 1145 3335 Ex
1176 3272 1494 3351 Collegio
1527 3272 1715 3352 quod
1738 3290 1780 3333 a
1804 3271 2149 3351 dignitate
2173 3270 2417 3350 majus
2441 3279 2728 3349 vocant,
2756 3269 2940 3333 unde
2964 3271 3156 3333 theo-

684 3379 854 3458 logi,
888 3388 958 3442 et
987 3381 1558 3458 concionatoreS,
1593 3389 1662 3442 et
1693 3379 2200 3460 praelectoreS,
2229 3387 2299 3441 et
2322 3378 2456 3458 ipsi
2480 3378 2696 3441 etiam
2721 3376 3156 3442 Academiae

685 3485 1028 3550 Rectores
1053 3486 1282 3550 creari
1305 3488 1553 3565 solent,
1570 3486 1770 3549 multi
1785 3486 2247 3549 libentissime
2260 3494 2336 3547 ut
2361 3485 2435 3547 in
2448 3485 2934 3565 spiritualibus
2957 3502 3144 3548 exer-

685 3593 1140 3657 citationibus
1188 3603 1256 3656 et
1301 3594 1621 3656 oratione
1658 3593 2177 3656 instruerentur
2229 3592 2416 3671 apud
2456 3601 2740 3655 nostros
2783 3592 3146 3673 optabant;

685 3700 1052 3764 sanctione
1083 3711 1322 3764 tamen
1353 3701 1461 3763 sui
1490 3699 1847 3781 gymnasii
1886 3699 2412 3778 detinebantur,
2456 3716 2594 3780 qua
2631 3699 2984 3762 neminem
3031 3717 3146 3762 ex·

681 3816 796 3871 tra
818 3808 1120 3887 collegia
1149 3817 1570 3889 pernoctare
1592 3807 1664 3870 in
1693 3805 1953 3886 oppido
1977 3806 2460 3887 Complutensi
2482 3807 2932 3886 permittitur,
2968 3814 3037 3868 et
3060 3805 3149 3868 de

681 3914 920 3995 aliqua
962 3914 1237 3978 ratione
1284 3914 1588 3978 ineunda
1640 3932 1730 3977 ne
1770 3914 2043 3976 fructus
2080 3913 2141 3976 is
2180 3913 2664 3992 impediretur,
2710 3912 3141 3992 cogitabant.

680 4019 1036 4100 Siguntini
1051 4032 1120 4085 et
1144 4020 1594 4085 conchenses
1624 4021 2024 4101 complures
2052 4029 2398 4083 venerunt
2422 4029 2492 4083 et
2525 4039 2614 4083 ex
2642 4020 2951 4100 quodam
2983 4037 3143 4082 con·
3218 4014 3223 4017 ’

676 4136 897 4196 ventu
927 4128 1193 4191 ordinis
1223 4128 1571 4190 minorum
1609 4126 2112 4205 Provinciam,
2156 4125 2609 4190 Guardianus
2651 4136 2721 4189 et
2762 4126 3147 4206 praecipua

673 4234 1168 4314 religiosorum
1197 4235 1428 4317 portio
1458 4235 1768 4315 aliquem
1797 4233 1889 4296 ad
1919 4232 1995 4297 se
2026 4234 2227 4314 mitti,
2262 4233 2485 4314 quiin
2517 4234 2727 4297 rebus
2766 4233 3144 4313 spirituali-

755 4474 772 4506 Ι
830 4473 1062 4527 Ignatius
1085 4473 1271 4518 Comiti
1292 4474 1353 4516 dc
1373 4473 1548 4518 Melito
1568 4473 1793 4518 officiose
1814 4481 1867 4519 et
1887 4475 1939 4518 in
1961 4472 2462 4518 commendationem
2483 4473 2757 4527 sociorum,
2783 4474 2803 4516 1
2827 4472 2967 4517 Maii.

751 4544 774 4576 ⁸
828 4544 1099 4597 Polaticus,
1124 4557 1194 4588 ex
1214 4556 1363 4596 com..
1389 4545 1608 4589 Domino
1628 4545 1917 4599 Arboleda,
1939 4545 2259 4589 cathedralis
2280 4544 2529 4587 ecclesiae
2552 4544 2853 4587 conchensis
2873 4541 3139 4588 canonico.

668 4615 891 4658 nondum
918 4617 1097 4659 valere
1120 4616 1435 4661 Societatem
1455 4624 1668 4672 propter
1690 4617 1945 4661 sociorum
1964 4616 2232 4671 penuriam
2253 4616 2457 4660 domum
2492 4615 2559 4658 ab
2591 4616 2700 4669 ipso
2732 4615 2980 4659 canonico
3012 4613 3141 4657 Con-

669 4686 802 4730 chae
821 4687 1052 4730 oblatam
1073 4693 1364 4742 acceptare.
1390 4691 1407 4732 l
1434 4688 1690 4741 januarii.
