3679 5414
1433 503 1438 507 -
1553 462 1680 521 AN.
1726 462 1862 522 1551
2825 461 2931 520 163

463 628 632 690 ron,
671 609 1087 692 perfunctus
1123 610 1585 674 concionibus
1614 610 1988 673 Adventus
2018 617 2087 671 et
2125 608 2468 671 festorum
2499 625 2948 689 consequen--

464 719 672 796 tium,
708 717 1000 781 Verona
1028 717 1331 781 Romam
1357 717 1552 780 venit
1582 725 1650 780 et
1673 705 1834 779 cum
1856 715 1933 778 P.
1959 716 2235 794 Ignatio
2258 725 2328 778 et
2351 702 2640 796 reliquis
2660 714 2930 779 Romae

462 826 928 904 congregatis
958 825 1044 888 de
1075 825 1696 888 constitutionibus
1729 823 1898 904 quid
1926 824 1999 885 in
2021 822 2327 886 Domino
2350 809 2640 886 sentiret
2670 823 2927 902 dicere,

463 942 539 996 et
567 929 1131 995 consolationem
1159 923 1477 994 mutuam
1505 949 1648 994 non
1674 919 2051 1010 vulgarem
2079 929 2251 993 dare
2282 930 2439 992 aliis
2467 938 2537 992 et
2573 929 2723 1010 ipse
2754 931 2935 993 acci-

471 1055 638 1119 pere
667 1039 920 1120 potuit.
955 1037 1095 1102 Sed
1123 1046 1192 1101 et
1220 1036 1296 1101 P.
1336 1036 1600 1114 Simon,
1634 1037 1752 1118 qui
1775 1056 1865 1101 ex
1892 1037 2259 1101 Lusitania
2289 1036 2650 1117 profectus
2681 1037 2930 1116 suerat,

471 1155 550 1210 ut
591 1154 837 1225 postea
881 1145 1183 1223 dicetur,
1227 1145 1357 1208 sub
1400 1145 1569 1207 anni
1614 1144 1980 1224 praeteriti
2021 1144 2261 1219 finem,
2308 1143 2436 1206 sub
2479 1143 2615 1206 hoc
2657 1153 2936 1223 tempus

471 1252 773 1316 Romam
800 1253 997 1315 venit
1024 1260 1093 1315 et
1122 1251 1532 1315 redeuntem
1554 1249 1702 1330 jam
1731 1251 1803 1314 in
1833 1250 2250 1330 Hispaniam
2280 1250 2554 1313 Ducem
2581 1249 2925 1328 Gandiae,

466 1360 548 1422 in
595 1368 833 1422 monte
889 1358 1192 1422 Viterbii
1235 1358 1523 1422 obvium
1570 1357 1814 1420 habuit
1853 1374 2015 1420 cum
2074 1358 2287 1423 sociis
2336 1356 2725 1437 LusitaniS,
2775 1375 2938 1421 cum

476 1483 616 1547 quo
652 1465 1059 1529 Viterbium
1097 1464 1333 1545 rediit,
1377 1474 1455 1529 ut
1493 1464 1644 1544 ejus
1684 1464 2017 1528 convictu
2053 1473 2123 1528 et
2161 1465 2511 1544 colloquio
2552 1466 2805 1528 saltem
2848 1464 2939 1528 ad

475 1574 695 1636 breve
724 1582 1005 1652 tempus
1031 1571 1170 1635 frui
1198 1582 1458 1652 posset.
1491 1572 1618 1635 Est
1647 1580 1887 1635 autem
1909 1589 1993 1634 ea
2016 1572 2271 1635 civitas
2293 1572 2769 1652 quadraginta
2793 1572 2935 1635 mil·

479 1667 684 1742 lia'ria
723 1680 812 1742 ab
858 1680 1030 1743 urbe
1072 1678 1300 1742 Roma
1348 1677 1690 1758 sejuncta.
1741 1678 2046 1742 Romam
2095 1696 2517 1759 progressus
2567 1678 2642 1742 P.
2697 1663 2941 1742 Simon

479 1795 679 1850 tanto
712 1787 1062 1849 desiderio
1098 1786 1330 1850 officia
1383 1787 1672 1849 humilia
1716 1774 2094 1849 exercendi
2143 1787 2543 1867 tenebatur,
2596 1796 2671 1849 ut
2723 1786 2940 1850 multo

479 1894 811 1957 libentius
862 1910 952 1957 ex
1002 1893 1284 1957 flumine
1349 1910 1608 1973 aquam
1664 1892 2165 1973 deportaturus
2215 1894 2504 1957 domum
2557 1893 2939 1972 videretur,

478 2017 703 2080 quam
733 1999 965 2064 officio
998 1999 1411 2063 confessarii
1452 2016 1536 2061 ac
1575 2000 1899 2080 magistri
1943 1999 2318 2080 PrincipiS,
2352 2007 2564 2079 prout
2603 1983 2946 2062 hactenus

481 2106 784 2186 fecerat,
826 2107 1226 2170 functurus.-

608 2214 668 2277 4.
759 2212 896 2277 Sed
925 2223 1002 2277 ut
1043 2214 1136 2276 ad
1173 2213 1447 2277 Ducem
1489 2213 1806 2293 redeam,
1856 2203 2237 2294 antequam
2274 2232 2365 2277 ex
2403 2214 2612 2277 domo
2648 2230 2945 2276 romana

485 2321 882 2401 recederet,
935 2321 1191 2384 miram
1242 2338 1413 2384 suae
1463 2321 1731 2383 solidae
1788 2320 2311 2400 abnegationis,
2373 2320 2810 2383 obedientiae
2861 2339 2945 2383 ac

486 2428 905 2492 humilitatis
968 2419 1361 2508 profundae
1431 2413 1994 2490 aedificationem
2058 2427 2360 2506 reliquit.
2429 2427 2734 2490 Habitus
2798 2426 2949 2506 ejus
3000 2411 3001 2414 ¹

483 2545 825 2600 externus
864 2527 1209 2615 ejusmodi
1255 2543 1408 2597 erat
1454 2544 1530 2597 ut
1569 2552 1699 2597 nec
1741 2533 2015 2598 Ducem
2063 2533 2382 2597 Gandiae
2432 2515 2832 2607 dedeceret,
2880 2543 2949 2597 et

487 2653 726 2706 tamen
755 2661 899 2705 non
922 2638 1263 2706 honestus
1294 2643 1523 2704 solum
1552 2641 1678 2704 sed
1700 2651 1768 2704 et
1791 2641 2075 2705 humilis
2104 2649 2318 2721 esset,
2347 2625 2618 2705 cum‘ob
2648 2641 2945 2705 viduita-

491 2760 636 2813 tem
664 2751 875 2814 talari
904 2759 1075 2829 toga
1106 2760 1175 2813 et
1213 2751 1400 2830 pileo
1441 2767 1582 2812 non
1625 2748 2004 2812 admodum
2044 2767 2086 2810 a
2126 2749 2437 2812 clericali
2475 2750 2777 2813 distante
2808 2759 2949 2812 ute-

489 2867 706 2921 retur.
761 2855 951 2920 Ante
999 2874 1361 2920 recessum
1412 2845 1708 2919 obtinuit
1759 2874 1800 2918 a
1845 2854 1921 2919 P.
1964 2856 2239 2936 Ignatio
2288 2874 2432 2919 non
2480 2858 2707 2920 solum
2756 2866 2832 2919 ut
2879 2857 2951 2920 in

490 2963 868 3027 refectorio
910 2963 1144 3026 cibum
1185 2954 1500 3043 caperet,
1551 2962 1677 3025 sed
1720 2962 1936 3025 etiam
1964 2962 2036 3025 in
2065 2980 2292 3042 parva
2331 2980 2611 3042 mensa,
2655 2946 2835 3044 quae
2881 2964 2952 3025 in

491 3071 725 3134 medio
775 3070 1136 3133 refectorii
1182 3070 1254 3133 in
1305 3087 1512 3132 usum
1561 3070 2035 3149 poenitentiae
2092 3071 2507 3149 ponebatur.
2571 3069 2954 3132 Assidebat

494 3179 557 3240 ei
597 3177 686 3241 D.
729 3177 1041 3259 Joannes
1082 3177 1167 3239 de
1213 3177 1507 3257 Borgia,
1552 3177 1773 3256 ipsius
1811 3176 2022 3255 filius,
2067 3184 2136 3239 et
2173 3176 2461 3255 quidam
2501 3176 2621 3239 alii
2658 3176 2950 3257 nobileS,

492 3302 624 3347 nec
681 3284 996 3365 pepercit
1042 3284 1145 3346 eis
1197 3276 1484 3364 quidam
1531 3301 1622 3346 ex
1675 3271 1877 3377 laicis
1930 3270 2298 3363 fratribus,
2362 3282 2715 3346 Antonius
2769 3282 2955 3346 Rion

495 3391 808 3470 nomine,
855 3391 975 3471 qui
1019 3391 1265 3454 solitus
1308 3400 1463 3453 erat
1513 3390 2010 3470 prandentium
2059 3390 2132 3452 in
2174 3390 2292 3452 illa
2341 3390 2659 3452 mensula
2710 3391 2956 3472 culpas

490 3497 808 3560 dicteriis
858 3507 979 3560 aut
1032 3498 1352 3577 capellis,
1407 3506 1483 3559 ut
1532 3505 1825 3576 vocant,
1882 3513 2176 3576 carpere
2226 3482 2467 3576 sicque
2518 3482 2997 3576 poenitentes

493 3622 851 3667 exercere.
889 3603 1070 3683 Quia
1098 3604 1285 3666 enim
1315 3621 1475 3667 cum
1519 3604 1749 3683 primo
1791 3603 1865 3665 in
1906 3602 2281 3666 refectorio
2325 3602 2555 3666 cibum
2595 3601 2763 3666 Dux
2803 3621 2955 3667 coe-

498 3721 699 3791 perat
737 3712 810 3774 in
849 3705 1079 3790 capite
1121 3728 1441 3790 mensae,
1487 3711 1696 3773 nimis
1733 3710 2123 3772 honoratus
2154 3709 2287 3772 sibi
2316 3708 2534 3772 fuisse
2563 3694 2955 3790 videbatur,

497 3817 567 3880 id
594 3819 821 3881 voluit
852 3818 990 3881 alio
1029 3812 1152 3880 die
1171 3818 1245 3880 in
1274 3834 1521 3881 mensa
1551 3809 2035 3897 compensare.
2069 3815 2230 3895 Ipso
2262 3814 2374 3879 die
2412 3802 2953 3898 PurificationiS,

498 3924 568 3987 id
604 3934 742 4004 est,
794 3924 1007 3987 biduo
1039 3920 1216 3987 'ante
1258 3924 1797 4003 profectionem,
1849 3940 2148 3986 coenam
2190 3923 2548 4003 omnibuS,
2603 3924 2722 4005 qui
2773 3908 2963 3987 domi

498 4041 732 4109 erant,
765 4031 1081 4094 exhibuit
1112 4031 1186 4093 in
1207 4026 1613 4110 refectorio,
1646 4022 1717 4093 et
1755 4030 1906 4109 ipse
1936 4029 2086 4092 sine
2114 4029 2299 4109 pileo
2340 4016 2626 4093 mensae
2667 4016 2959 4094 inservi-

493 4139 599 4201 vit
629 4139 839 4201 simul
869 4151 1030 4201 cum
1059 4136 1202 4200 filio
1225 4154 1379 4217 su0,
1410 4146 1479 4199 et
1500 4137 1780 4216 quidem
1810 4154 2033 4217 usque
2058 4134 2149 4198 ad
2172 4136 2401 4200 finem.
2432 4137 2519 4200 Et
2548 4138 2619 4201 in
2644 4124 2952 4216 recessu,

494 4254 654 4327 post
681 4254 1056 4326 acceptam
1075 4243 1150 4307 Ρ.
1187 4244 1441 4323 Ignatii
1463 4237 2047 4322 benedictionem,
2076 4261 2322 4306 omnes
2349 4244 2608 4307 fratres
2633 4230 2963 4326 amplecti

495 4351 862 4432 sigillatim
909 4352 1132 4414 voluit
1174 4369 1336 4414 cum
1385 4350 1726 4430 peculiari
1764 4350 2111 4413 charitate
2140 4367 2226 4413 ac
2254 4339 2667 4415 devotione.
2722 4352 2963 4417 Voluit

497 4459 807 4540 quodam
856 4475 948 4521 ex
996 4458 1134 4521 illis
1183 4458 1469 4521 ultimus
1520 4457 1767 4521 diebus
1816 4475 2045 4538 coquo
2095 4457 2169 4520 in
2208 4459 2443 4522 culina
2494 4460 2765 4523 servire
2806 4458 2964 4525 eam

495 4566 852 4630 verrendo
882 4568 953 4629 et
980 4567 1220 4628 lances
1248 4564 1579 4643 lavando,
1613 4564 1697 4626 'et
1741 4560 1909 4643 quia
1950 4562 2296 4628 Dominus
2339 4556 2674 4648 JoanneS,
2731 4568 2848 4647 qui
2892 4567 2965 4634 in

495 4656 822 4737 omnibus
849 4672 964 4735 his
990 4688 1232 4735 comes
1272 4681 1427 4734 erat
1467 4670 1687 4751 patri,
1731 4670 2104 4733 scutellam
2138 4679 2446 4735 terream
2481 4688 2654 4735 casu
2695 4672 2961 4737 confre-
