3679 5414
1574 476 1701 534 ΑΝ.
1748 476 1882 534 1551
2860 480 2965 539 301

501 621 772 684 Mariae
804 621 915 683 del
944 620 1169 683 Passo
1201 620 1540 684 Societati
1568 621 1882 701 dederat,
1918 639 2081 684 cum
2103 620 2178 684 Ρ.
2207 621 2490 687 Simone
2518 625 2608 687 ad
2633 625 2819 688 idem
2849 644 2965 707 op·

500 728 744 808 pidum
772 727 1221 808 pervenienS,
1268 745 1513 791 curam
1552 728 1737 791 illius
1781 728 2084 792 aedificii
2115 731 2455 811 suscepit,
2491 749 2628 811 quo
2670 750 2747 796 se
2788 735 2993 801 reci-,

496 852 666 915 pere
697 835 864 897 Dux
895 834 1217 898 Gandiae
1248 852 1409 897 cum
1437 854 1564 897 sex
1593 837 1709 898 vel
1738 844 1899 899 octo
1939 836 2026 899 de
2056 834 2410 901 Societate
2440 839 2747 903 volebat.
2784 842 2960 904 Inte-

498 941 637 1006 rim
667 951 905 1005 autem
933 942 1102 1005 dum
1130 940 1542 1005 aedificatur
1568 960 1759 1005 nova
1789 943 2069 1022 domuS,
2116 944 2188 1006 in
2216 953 2483 1024 nostra,
2520 964 2699 1025 quae
2728 945 2961 1011 Socie-

499 1050 630 1112 tati
685 1048 1039 1129 applicata
1094 1049 1324 1112 fuerat
1382 1049 1473 1111 ad
1523 1049 1817 1129 Collegii
1868 1050 2379 1114 institutionem
2437 1052 2508 1114 in
2559 1054 2820 1133 oppido
2874 1054 2961 1117 de

499 1155 802 1236 Ognate,
835 1155 1220 1235 habitabat,
1257 1174 1436 1235 quae
1465 1157 1749 1236 quidem
1777 1156 2031 1220 domus
2070 1158 2142 1220 in
2178 1159 2396 1221 nobili
2433 1159 2572 1222 situ
2615 1160 2801 1223 illius
2844 1180 2963 1241 op-

496 1263 643 1344 pidi
672 1263 1021 1326 fabricata
1047 1272 1222 1339 erat,
1257 1273 1325 1325 et
1356 1263 1706 1326 turrribus
1736 1264 2010 1327 duabus
2039 1273 2108 1327 et
2135 1264 2342 1328 horto
2387 1284 2471 1328 ac
2511 1267 2746 1345 platea
2786 1268 2962 1330 satis

500 1370 801 1449 insignis
856 1378 1030 1433 erat.
1096 1369 1277 1448 Quia
1337 1378 1572 1433 tamen
1629 1388 1810 1433 uxor
1860 1370 2146 1434 Domini
2196 1371 2388 1434 Petri
2434 1371 2823 1436 Michaelez
2874 1375 2962 1437 de
3057 1393 3064 1400 ·

497 1475 743 1540 Araoz
768 1477 1293 1540 usufructuaria
1321 1477 1567 1540 relicta
1597 1486 1773 1557 erat,
1808 1484 2085 1541 cum‘ea
2116 1479 2462 1558 transegit
2492 1478 2566 1541 Ρ.
2600 1479 2961 1544 Antonius

497 1584 757 1662 Araoz,
793 1583 1261 1648 Provincialis
1297 1585 1716 1673 Hispaniae,
1759 1595 1834 1647 ut
1874 1585 2164 1648 domum
2201 1586 2464 1649 nostris
2501 1587 2962 1651 habitandam

494 1691 943 1771 relinqueret;
979 1691 1065 1754 de
1094 1693 1297 1755 bonis
1327 1693 1538 1754 etiam
1570 1693 1660 1755 ad
1691 1692 2129 1755 dotationem
2167 1693 2434 1756 relictis
2472 1694 2589 1774 agi
2629 1705 2961 1775 coeptum

492 1807 623 1878 est;
659 1798 784 1862 sed
811 1798 1156 1861 habitatio
1186 1798 1391 1879 hujus
1421 1798 1590 1862 novi
1619 1798 1915 1878 Collegii
1944 1800 2185 1862 statim
2212 1809 2373 1880 post
2396 1801 2780 1863 adventum
2809 1801 2955 1864 Du-

494 1906 598 1968 cis
630 1905 952 1968 Gandiae
982 1923 1144 1969 cum
1177 1907 1328 1985 ipso
1358 1904 1435 1967 P.
1468 1904 1707 1969 Araoz
1735 1915 1805 1969 et
1834 1906 2049 1969 sociis
2081 1907 2415 1970 inchoata
2444 1916 2551 1970 est
2585 1906 2625 1970 ¹.

609 2011 752 2073 273.
839 2012 999 2075 Non
1021 2023 1128 2075 est
1150 2023 1387 2075 autem
1407 2014 1642 2076 visum
1664 2013 1998 2094 expedire
2023 2022 2096 2076 ut
2117 2023 2266 2077 toto
2284 2032 2524 2077 mense
2543 2015 2770 2094 Aprili
2793 2014 2960 2078 Dux

494 2118 817 2182 Gandiae
848 2120 1125 2182 titulum
1169 2130 1238 2182 et
1280 2121 1614 2183 ducatum
1651 2121 2113 2200 relinqueret,
2159 2121 2323 2202 quia
2365 2122 2450 2184 de
2489 2121 2961 2199 suscipiendis

495 2225 858 2288 ordinibus
888 2227 1256 2306 agebatur,
1290 2245 1468 2306 quos
1499 2236 1574 2290 ut
1603 2236 1808 2291 extra
1837 2236 2159 2307 tempora
2190 2228 2413 2291 tribus
2443 2228 2813 2291 dominicis
2843 2229 2961 2291 vel

493 2333 693 2395 festis
745 2334 991 2396 diebus
1041 2342 1281 2414 posset
1331 2336 1692 2415 suscipere
1731 2334 1807 2398 Ρ.
1854 2335 2170 2414 Ignatius
2210 2354 2253 2397 a
2291 2334 2581 2398 Summo
2621 2335 2958 2399 Pontifice

495 2440 1028 2520 impetraverat.
1099 2441 1386 2505 Interim
1453 2441 1725 2528 Ducem
1793 2443 2115 2505 homines
2184 2460 2344 2505 eum
2409 2443 2955 2523 compellabant,

494 2548 824 2626 quamvis
860 2547 1066 2610 facile
1107 2548 1432 2612 omnibus
1472 2549 1945 2613 innotesceret
1984 2550 2172 2629 quod
2207 2558 2455 2629 postea
2500 2560 2960 2612 consecutum

494 2661 622 2733 est,
657 2655 846 2735 quod
875 2672 1226 2719 summam
1255 2654 1818 2720 aedificationem
1847 2656 2253 2736 praebebat,
2286 2666 2355 2719 et
2386 2656 2586 2720 multi
2617 2658 2959 2721 commoti

493 2761 628 2824 hoc
658 2762 813 2841 ipso
843 2764 1164 2843 exemplo
1195 2762 1288 2825 ad
1315 2764 1610 2827 meliora
1639 2772 1707 2826 et
1737 2765 1947 2826 saluti
1977 2764 2325 2827 viciniora
2364 2764 2676 2844 suerunt,
2712 2773 2780 2827 et
2822 2766 2960 2828 hoc

491 2877 640 2932 tam
668 2870 741 2932 in
772 2870 1301 2950 ognatensibuS,
1335 2871 1517 2934 inter
1546 2888 1724 2951 quos
1760 2880 1915 2934 erat
1954 2871 2246 2934 Comitis
2291 2872 2702 2950 ognatensis
2747 2872 2953 2951 filius,

496 2974 842 3039 Dominus
880 2978 1208 3040 Enechus
1251 2979 1336 3041 de
1377 2977 1744 3058 Ghevara,
1789 2979 1908 3058 qui
1947 2995 2108 3041 cum
2145 2978 2385 3057 populi
2424 2978 2956 3057 magistratibus

495 3100 775 3146 omnem
805 3102 1008 3148 suam
1039 3103 1330 3166 operam
1367 3086 1589 3149 Ducis
1629 3085 1966 3164 obsequio
2008 3085 2390 3163 obtulerat,
2436 3102 2649 3164 quam
2687 3084 2759 3147 in
2798 3085 2958 3147 aliis

496 3190 585 3252 ad
626 3208 803 3269 quos
839 3190 1032 3255 fama
1077 3191 1303 3256 Ducis
1342 3201 1767 3272 pervenerat
1806 3200 1875 3255 et
1913 3209 2191 3270 eorum,
2236 3192 2354 3272 qui
2398 3192 2628 3271 ipsum
2671 3192 2956 3254 comita-

494 3298 774 3378 bantur,
800 3299 1026 3362 bonus
1056 3298 1252 3363 odor.
1287 3299 1861 3363 Concionabatur
1884 3299 2098 3362 etiam
2121 3299 2197 3362 P.
2227 3298 2697 3361 provincialis
2720 3296 2960 3362 Araoz

495 3423 656 3468 cum
677 3423 939 3485 magna
959 3405 1107 3485 ejus
1129 3407 1369 3488 populi
1392 3416 1460 3469 et
1481 3407 1879 3486 frequentia
1902 3414 1971 3469 et
1993 3406 2493 3480 commotione;
2525 3406 2672 3485 ipse
2693 3415 2953 3485 tamen,

495 3512 675 3575 sicut
712 3522 781 3575 et
823 3512 993 3576 Dux
1035 3513 1388 3593 Gandiae,
1434 3515 1505 3576 in
1544 3513 1971 3577 abstinentia
2009 3522 2081 3576 et
2126 3512 2445 3592 corporis
2485 3511 2956 3591 castigatione

492 3620 781 3683 modum
809 3621 1151 3684 excedere
1180 3621 1623 3699 videbantur,
1657 3629 1726 3684 et
1757 3621 1829 3684 in
1871 3629 2190 3701 tempore
2228 3619 2417 3699 quod
2445 3619 2563 3682 diu
2601 3628 2959 3698 noctuque

495 3729 1074 3808 contemplationi
1100 3727 1267 3791 Dux
1296 3728 1671 3805 tribuebat;
1704 3727 1830 3810 sed
1857 3728 2134 3808 utrique
2163 3726 2474 3807 providit
2498 3724 2575 3788 Ρ.
2609 3725 2951 3804 IgnatiuS,

494 3834 650 3896 aliis
681 3852 925 3898 curam
956 3836 1271 3915 ipsorum
1301 3835 1804 3898 committendo
1836 3835 1882 3897 ³¹.

612 3942 751 4005 274.
839 3941 1244 4023 Antequam
1272 3960 1361 4005 ex
1390 3943 1581 4006 Urbe
1611 3940 1778 4004 Dux
1819 3941 2142 4005 Gandiae
2182 3940 2575 4018 recederet,
2611 3939 2698 4002 de
2736 3940 2957 4003 animi

493 4049 603 4113 sui
631 4050 994 4130 proposito
1026 4050 1532 4129 Imperatorem
1563 4048 1897 4112 Carolum
1924 4047 2016 4123 V,
2043 4064 2129 4110 ac
2157 4046 2558 4127 Principem
2579 4045 2955 4126 Hispania-

574 4291 591 4322 ¹
650 4290 884 4345 Ignatius
900 4290 1030 4335 Duci
1047 4290 1297 4343 Gandiae,
1317 4290 1572 4335 Simonem
1594 4289 1920 4333 Rodericium
1937 4288 2098 4333 Roma
2121 4287 2428 4343 profectum,
2450 4285 2716 4330 Ludovico
2736 4286 2800 4329 de
2821 4285 2958 4328 Men·

492 4362 620 4407 doza
640 4363 847 4418 comite,
870 4364 954 4418 qui
975 4364 1028 4407 in
1049 4364 1233 4418 oppido
1255 4362 1457 4417 ognate
1479 4362 1615 4417 apud
1636 4361 1831 4405 Ducem
1852 4362 2079 4405 divertet
2094 4393 2105 4415 ,
2128 4362 2175 4404 11
2199 4359 2399 4413 Martii;
2423 4358 2700 4408 Polancus,
2720 4369 2786 4402 ex
2806 4368 2958 4410 com„

492 4433 709 4478 Domino
729 4434 992 4479 Ludovico
1023 4435 1085 4478 de
1116 4435 1385 4489 Mendoza,
1420 4435 1482 4478 de
1517 4435 1580 4478 iis
1612 4444 1743 4488 quae
1778 4433 1969 4488 Ignatii
2003 4432 2205 4476 nomine
2242 4437 2295 4474 et
2327 4431 2379 4474 in
2409 4431 2644 4474 favorem
2678 4428 2956 4473 societatis

493 4517 652 4560 agere
674 4518 789 4550 eum
809 4508 861 4551 in
881 4507 1135 4561 Hispania
1160 4512 1388 4561 oportet,
1413 4508 1432 4550 1
1455 4505 1593 4549 Maii.

571 4578 594 4610 ¹
648 4577 883 4632 Ignatius
902 4576 1085 4630 Joanui
1108 4579 1170 4622 de
1190 4577 1363 4633 Borja,
1384 4578 1445 4621 de
1467 4576 1770 4631 quibusdam
1789 4573 2012 4630 negotiis
2033 4573 2227 4617 Romae
2249 4573 2441 4626 abipso
2461 4572 2717 4616 inchoatis
2736 4576 2790 4615 et
2805 4582 2956 4625 prae·

491 4649 638 4703 cipue
661 4650 722 4692 de
744 4648 974 4703 Couegio
995 4649 1251 4703 Romano,
1277 4651 1296 4693 1
1319 4648 1517 4702 Max-tin
1541 4649 1674 4692 idem
1690 4647 1819 4690 Duci
1839 4646 2074 4690 Gandiae
2097 4646 2157 4688 de
2180 4645 2360 4688 iisdem
2379 4643 2602 4705 negotiis
2617 4675 2628 4696 ,
2649 4643 2830 4704 eadem
2854 4643 2953 4696 diez

493 4720 751 4765 Polaticus
765 4753 776 4775 ,
799 4731 864 4764 ex
884 4731 1013 4764 com.
1027 4752 1041 4772 ‚
1060 4720 1207 4764 Patri
1228 4720 1455 4764 Antonio
1475 4720 1537 4763 de
1558 4720 1731 4763 Araoz
1744 4751 1756 4773 ,
1779 4719 1842 4762 de
1864 4716 2151 4772 Ognatensi
2172 4716 2321 4760 domo
2339 4748 2351 4769 ,
2373 4715 2554 4759 eadem
2572 4714 2671 4758 die.
