3679 5414
1584 496 1707 553 Ax.
1757 495 1897 555 1550
2861 496 2971 554 125

480 640 951 722 praedicaret.
986 639 1364 704 Referebat
1388 648 1626 703 autem
1647 639 1935 720 quidam
1954 639 2065 702 vir
2085 639 2332 718 gravis
2355 639 2542 719 quod
2564 656 2707 702 non
2732 640 2958 702 solum

480 747 870 810 canonicus
899 746 1015 809 ille
1046 746 1419 810 utilitatem
1447 745 1931 809 incredibilem
1961 753 2415 825 reportasset,
2452 745 2576 808 sed
2607 746 2797 825 quod
2823 746 2960 809 fru-

479 863 639 917 ctus
667 871 757 917 ex
786 835 982 917 vitae
1010 862 1080 916 et
1108 853 1476 917 doctrinae
1506 852 1692 915 illius
1723 853 2040 915 novitate
2072 853 2248 930 (erat
2278 853 2466 915 enim
2496 853 2962 916 concionator

478 961 826 1025 ecclesiae
856 959 1310 1037 cathedralis)
1343 959 1643 1039 insignis
1672 959 1763 1022 ad
1794 960 1990 1023 cives
2021 960 2412 1037 emanavit;
2451 959 2745 1039 spiritus
2775 961 2963 1023 enim

474 1070 552 1132 in
582 1086 667 1131 eo
695 1085 929 1131 novus
957 1085 1043 1130 ac
1073 1066 1313 1131 fervor
1344 1066 1783 1130 auditoribus
1813 1084 1890 1129 se
1920 1066 2133 1129 etiam
2158 1067 2749 1129 communicabat.

603 1174 745 1237 298.
830 1175 940 1239 Ex
964 1174 1225 1255 oppido
1249 1173 1662 1252 Consuegra
1685 1173 2118 1236 invitabatur
2142 1167 2355 1238 etiam
2377 1171 2698 1236 Societas
2725 1192 2767 1236 a
2792 1191 2963 1236 sene

476 1283 791 1362 quodam
832 1281 1083 1361 divite,
1138 1281 1257 1361 qui
1309 1279 1556 1342 domos
1605 1281 2016 1361 praeclaras
2067 1278 2406 1342 offerebat
2457 1288 2526 1341 et
2578 1280 2953 1343 ecclesiam

477 1406 749 1468 magna
772 1407 861 1452 ex
885 1395 1089 1469 parte
1113 1396 1517 1451 erecturum
1536 1387 2023 1466 pollicebatur,
2053 1387 2302 1449 vineas
2325 1387 2541 1449 etiam
2564 1396 2634 1449 et
2658 1404 2951 1467 campos

474 1497 986 1576 feracissimOS,
1019 1494 1207 1558 unde
1235 1496 1722 1575 septingentos
1746 1494 2019 1557 modios
2042 1494 2256 1557 tritici
2286 1494 2637 1573 (fanegas
2659 1497 2947 1571 vocant)

472 1603 918 1683 colligerent,
953 1611 1044 1682 et,
1081 1620 1242 1665 cum
1270 1602 1530 1665 liberos
1559 1619 1704 1665 non
1733 1602 2048 1679 haberet,
2084 1601 2234 1664 sine
2257 1600 2675 1681 cujusquam
2698 1600 2951 1681 injuria

470 1711 870 1790 Collegium
919 1711 1288 1773 instituere
1342 1726 1576 1790 posse.
1634 1707 1771 1772 Sed
1814 1707 1906 1771 ad
1945 1717 2092 1772 tam
2143 1708 2604 1787 multiplicem
2644 1725 2946 1771 messem

481 1818 800 1898 operarii
828 1817 1040 1897 pauci
1069 1817 1143 1879 in
1173 1815 1529 1879 Societate
1558 1824 1787 1879 erant

592 1925 736 1987 299.
823 1924 932 1988 De
964 1923 1265 1987 ecclesia
1294 1922 1648 2004 Compluti
1678 1922 2121 2001 designanda
2144 1921 2293 2002 jam
2315 1930 2483 1985 tunc
2493 1911 2638 1985 Dr.
2676 1924 2944 2002 Grego

470 2033 624 2096 rius
661 2030 748 2095 de
789 2031 1119 2111 Vergara
1157 2029 1437 2108 agebat.
1491 2028 1646 2092 Hoc
1695 2037 1935 2091 tamen
1984 2028 2071 2090 de
2109 2027 2590 2108 Complutensi
2631 2027 2957 2109 Collegio

469 2139 737 2202 addam
766 2138 975 2219 quod,
1004 2155 1167 2201 cum
1188 2136 1410 2199 variis
1433 2135 1660 2200 modis
1684 2135 1961 2197 animas
1983 2135 2469 2215 proximorum
2487 2134 2840 2214 Juvarent‚
2868 2136 2939 2198 in

476 2245 847 2310 tradendis
876 2254 1116 2308 tamen
1145 2242 1843 2307 exercitiis-fructum
1881 2241 2279 2304 uberiorem
2318 2241 2748 2320 referebant,
2782 2259 2944 2305 cum

473 2363 749 2435 septem
778 2353 894 2416 vel
924 2359 1085 2414 octo
1115 2367 1395 2430 semper
1433 2349 1796 2427 haberent,
1838 2348 2004 2412 licet
2034 2349 2232 2411 initio
2265 2345 2410 2411 tres
2449 2358 2722 2412 tantum
2751 2366 2937 2412 com·

473 2461 686 2523 mode
706 2458 954 2522 haberi
975 2475 1187 2538 posse
1209 2456 1285 2520 P.
1313 2457 1698 2521 Villanova
1714 2454 2086 2536 judicaret;
2112 2473 2245 2518 nec
2269 2453 2458 2518 enim
2479 2466 2761 2535 poterat
2800 2465 2946 2519 tam

473 2567 610 2647 piis
628 2567 1013 2630 multorum
1033 2564 1400 2628 desideriis
1427 2562 1563 2626 hoc
1591 2563 1958 2641 spirituale
1988 2559 2330 2625 auxilium
2360 2563 2698 2642 denegari
2738 2560 2782 2627 ¹.

596 2672 740 2738 300.
829 2672 1088 2737 Mirum
1113 2681 1221 2736 est
1242 2688 1404 2735 cum
1427 2681 1692 2752 quanto
1717 2669 1984 2734 doloris
2005 2687 2217 2734 sensu
2243 2665 2761 2751 Complutensis
2786 2672 2951 2736 Uni-

482 2783 795 2845 versitas
824 2798 1183 2844 recessum
1211 2779 1285 2843 P.
1312 2780 1551 2843 Araoz
1582 2797 1667 2842 ac
1696 2779 1774 2842 P.
1800 2772 2360 2857 Strada‘tule‘rit,
2397 2787 2465 2841 et
2496 2788 2832 2858 quantam
2863 2770 2960 2842 illi

476 2889 860 2954 Societatis
901 2887 1167 2951 famam
1213 2887 1309 2950 ibi
1349 2885 1760 2966 reliquerint
1817 2902 1904 2948 ac
1958 2880 2485 2949 concionatoris
2539 2885 2959 2967 praesertim

480 3015 571 3060 ex
608 2997 863 3060 eadem
888 2994 1242 3059 Societate
1283 2993 1743 3072 desiderium,
1787 2992 1937 3072 qui,
1987 2993 2174 3071 quod
2211 2993 2388 3055 bene
2417 3002 2747 3073 coeptum
2776 3001 2951 3064 erat,

481 3111 1056 3184 prosequeretur.
1088 3100 1565 3166 Concionatus
1592 3099 1825 3163 fuerat
1864 3098 1940 3162 P.
1983 3097 2243 3162 Strada
2283 3099 2356 3162 in
2400 3100 2660 3180 templo
2689 3098 2799 3163 §.²¹
2837 3099 2952 3162 Al-

483 3210 741 3293 phonsi
759 3260 774 3288 ,
809 3209 996 3290 quod
1025 3208 1367 3289 primaria
1396 3217 1504 3270 est
1532 3206 2037 3271 Universitatis
2067 3206 2398 3284 ecclesia,
2435 3216 2579 3268 tam
2608 3204 2956 3285 frequenti

481 3318 869 3396 auditoriO,
901 3326 979 3379 ut
1009 3316 1101 3380 ad
1127 3317 1364 3379 locum
1392 3314 1815 3396 capiendum
1846 3309 2053 3376 mane
2077 3314 2250 3376 satis
2279 3312 2715 3393 surgendum
2744 3325 2951 3391 esset;

478 3435 549 3489 et
577 3444 669 3489 ex
698 3442 944 3488 eorum
973 3440 1299 3501 numer0,
1345 3420 1522 3503 quos
1560 3418 1899 3502 templum
1935 3438 2078 3484 non
2117 3420 2471 3501 capiebat,
2519 3420 2639 3482 alii
2677 3420 2953 3482 concio·

476 3544 770 3597 natores
820 3542 966 3595 tam
1009 3531 1267 3601 multos
1317 3527 1678 3591 auditores
1725 3523 2102 3606 habebant,
2158 3536 2233 3589 ut
2280 3527 2720 3606 frequentius
2764 3534 2951 3589 esset

477 3657 730 3704 eorum
779 3636 1209 3701 auditorium
1259 3634 1473 3716 quam
1515 3633 1791 3713 fuisset,
1838 3643 2221 3714 antequam
2257 3632 2333 3695 Ρ.
2376 3632 2636 3697 Strada
2674 3634 2955 3697 concio-

476 3747 636 3811 nari
674 3745 1046 3825 coepisset.
1096 3742 1565 3807 Affirmabant
1605 3738 1848 3804 omnes
1887 3749 2160 3804 tantam
2204 3741 2603 3804 animorum
2652 3758 2952 3805 commo·

478 3856 747 3918 tionem
784 3871 871 3916 ea
920 3852 993 3914 in
1030 3849 1512 3916 Universitate
1554 3847 1786 3911 visam
1824 3844 2211 3929 numquam
2257 3848 2496 3912 fuisse.
2551 3848 2697 3911 Nec
2747 3848 2954 3911 facile

477 3963 608 4025 fuit
644 3961 904 4041 populo
934 3957 1146 4021 simul
1172 3964 1242 4019 et
1270 3951 1735 4020 Universitati
1764 3953 2201 4033 satisfacere;
2228 3972 2391 4017 cum
2420 3954 2606 4017 enim
2638 3962 2956 4034 tempore

477 4069 853 4133 Adventus
879 4067 967 4129 'in
1013 4063 1316 4128 ecclesia
1357 4061 1495 4126 S.‘¹'
1522 4060 1871 4143 Alphonsi
1909 4058 2376 4125 concionatus
2424 4069 2639 4140 esset,
2693 4060 2956 4124 Rector

479 4187 550 4239 et
579 4175 932 4239 Doctores
960 4171 1320 4235 instabant
1359 4170 1436 4232 ut
1475 4169 1549 4231 in
1578 4169 2125 4249 quadragesima
2156 4168 2475 4247 sequenti
2508 4167 2763 4231 ibidem
2792 4185 2951 4231 con·

480 4264 907 4346 cionaretur'.
956 4278 1136 4343 Cum
1184 4285 1423 4340 autem
1470 4275 1606 4338 illis
1655 4275 1791 4339 hoc
1831 4275 2363 4354 concederetur,
2404 4275 2561 4338 aliis
2609 4274 2955 4354 ecclesiiS,

483 4408 666 4470 quae
695 4389 882 4451 idem
910 4385 1274 4467 petebant,
1309 4383 1718 4461 negandum
1741 4391 1929 4461 erat;
1960 4382 2148 4444 unde
2177 4378 2509 4445 Vicarius
2533 4390 2602 4444 et
2631 4374 2956 4444 canonici

532 4596 582 4629 ¹
640 4594 914 4644 Polaticus.
937 4602 1005 4636 ex
1031 4590 1427 4643 commissione,
1446 4587 1726 4634 Francisco
1745 4589 1812 4632 de
1831 4588 2131 4643 villanova,
2150 4588 2213 4631 de
2235 4588 2487 4634 facultate
2503 4588 2741 4632 audiendi
2764 4588 2956 4632 confes·

481 4669 665 4718 aiones.
700 4663 1009 4713 absolvendi
1041 4674 1074 4707 a
1107 4662 1411 4717 quibusdam
1447 4661 1670 4715 casibus,
1706 4660 2103 4709 administrandi
2135 4658 2537 4714 Eucharistlam,
2560 4661 2621 4703 de
2652 4672 2747 4704 usu
2767 4661 2961 4705 altaris

485 4739 683 4783 mobilis
704 4740 756 4781 et
779 4738 840 4781 de
862 4734 1033 4780 officio
1055 4744 1286 4786 romano,
1309 4743 1481 4777 mense
1505 4727 1808 4776 Februario.
