3679 5414
708 464 824 524 378
1647 465 1903 524 Cimon.
1958 456 2111 523 Soc.
2153 465 2293 538 Jns.

837 608 977 673 430.
1066 610 1242 674 Cum
1292 619 1528 673 autern
1579 609 1967 674 Dominum
2015 610 2440 690 Antonium,
2493 611 2789 674 Infantis
2840 612 3186 675 Ludovici

719 718 968 797 filium,
1004 719 1093 781 ad
1123 718 1605 798 Cardinalem,
1642 718 1863 798 ipsius
1902 718 2227 797 fratrem,
2272 718 2679 782 Ludovicus
2722 719 3062 798 mitteret,
3112 729 3190 782 ut

719 826 978 888 ibidem
1008 826 1404 904 theologiae
1435 827 1636 888 daret
1666 842 1979 905 operam,
2007 826 2282 906 aliquos
2312 844 2404 889 ex
2430 826 2694 889 nostris
2716 826 3184 905 scholasticiS,

721 933 841 1012 qui
880 934 1053 995 socii
1093 932 1485 996 studiorum
1533 932 1850 995 Antonio
1903 931 2168 1012 forent,
2223 935 2631 1013 expetebat,
2686 951 2909 1013 eoque
2959 935 3191 1015 magis

721 1040 911 1119 quod
940 1049 1008 1103 et
1038 1042 1189 1121 ipse
1212 1040 1451 1103 Infans
1471 1040 1882 1104 Ludovicus
1912 1039 1982 1102 id
2013 1049 2266 1120 optare
2296 1048 2365 1103 et
2395 1040 2609 1103 etiam
2640 1049 3011 1103 contentus
3040 1040 3190 1104 fore

718 1148 1082 1211 videretur
1112 1149 1175 1211 si
1211 1146 1562 1211 Dominus
1606 1146 1996 1227 Antonius,
2045 1148 2166 1227 qui
2208 1148 2554 1211 naturalis
2594 1145 2744 1227 ejus
2791 1156 2943 1211 erat
2981 1147 3186 1227 filius,

714 1254 1145 1319 Societatem
1175 1256 1461 1318 tandem
1494 1255 2006 1334 ingrederetur,
2034 1254 2125 1316 ad
2149 1273 2360 1335 quam
2385 1256 2784 1319 mirandum
2811 1256 2882 1318 in
2906 1249 3191 1319 modum

718 1372 1053 1442 coeperat
1082 1372 1377 1443 uterque
1406 1362 1677 1441 InsanS,
1726 1362 2127 1427 Cardinalis
2157 1372 2225 1426 et
2253 1362 2695 1441 LudovicuS,
2733 1362 2934 1427 affici.
2983 1363 3188 1426 Initio

714 1486 891 1549 ergo
924 1470 1185 1533 mensis
1209 1470 1537 1534 Octobris
1570 1479 1731 1534 octo
1762 1488 1852 1533 ex
1875 1469 2193 1549 Collegio
2219 1469 2784 1534 Conimbricensi
2807 1471 2898 1533 ad
2928 1472 3190 1534 novam

720 1578 904 1640 hanc
934 1577 1291 1649 coloniam
1320 1577 1743 1657 missisunt,
1779 1578 1911 1640 sub
1951 1576 2253 1641 Rectore
2296 1576 2373 1640 P.
2421 1577 2806 1641 Melchiore
2849 1578 3189 1655 Carnero,

718 1686 841 1765 qui
872 1694 1118 1763 postea
1147 1684 1505 1748 Nicaenus
1532 1685 1931 1765 Episcopus
1961 1694 2030 1748 et
2062 1701 2434 1748 successor
2465 1685 2923 1748 Patriarchae
2952 1685 3188 1748 Ethio-

720 1792 880 1871 piae
923 1793 994 1854 in
1038 1791 1311 1855 Indiam
1354 1801 1461 1855 est
1509 1793 1800 1871 missuS,
1852 1802 2136 1870 praeter
2188 1809 2396 1872 quem
2448 1792 2567 1854 alii
2617 1800 2841 1870 erant,
2896 1793 3187 1870 scilicet,

722 1898 1026 1962 Michael
1057 1900 1143 1961 de
1173 1900 1468 1979 BarrOS,
1503 1899 1915 1980 Alphonsus
1943 1901 2282 1963 Barretus
2313 1909 2383 1963 et
2411 1899 2759 1963 Martialis
2789 1900 2945 1963 Vaz
2975 1909 3042 1963 et
3072 1898 3191 1962 Pe·

727 2019 878 2071 trus
909 2008 994 2071 de
1025 2008 1380 2088 Fonseca,
1415 2009 1536 2088 qui
1566 2026 1809 2071 omnes
1856 2008 2219 2071 auditores
2262 2008 2693 2087 theologiae,
2741 2016 3021 2087 praeter
3064 2006 3190 2069 Re-

723 2125 1014 2193 ctorem,
1048 2114 1263 2177 futuri
1293 2124 1521 2178 erant.
1547 2114 1948 2196 Adjunctus
1973 2124 2079 2178 est
2103 2124 2172 2177 et
2195 2115 2332 2177 illis
2354 2115 2429 2178 P.
2457 2114 2769 2197 Joannes
2793 2115 3189 2195 Coviglion,

724 2233 793 2287 et
849 2223 941 2286 ad
992 2222 1218 2285 officia
1272 2223 1659 2285 domestica
1713 2232 1859 2285 tres
1911 2221 2171 2285 fratres
2227 2220 2698 2302 coadjutores.
2751 2221 2909 2285 Non
2958 2224 3194 2302 plures

724 2330 924 2393 missi
951 2329 1263 2408 fuerunt,
1299 2330 1463 2408 quia
1492 2330 1795 2393 necdum
1825 2329 2225 2393 aedificium
2265 2340 2419 2393 erat
2465 2331 2886 2393 absolutum.
2935 2329 3028 2392 Hi
3070 2330 3192 2409 igi·

721 2447 859 2517 tur,
893 2454 1150 2500 novem
1189 2454 1515 2515 numerO,
1560 2454 1721 2499 curn
1760 2437 2072 2500 Eboram
2110 2438 2636 2518 pervenissent,
2681 2437 3189 2500 humanissime

722 2563 765 2605 a
818 2543 1182 2607 Cardinali
1234 2544 1511 2624 excepti
1554 2544 1870 2622 fuerunt,
1919 2553 1988 2606 et
2029 2546 2100 2607 in
2139 2546 2572 2607 monasterio
2616 2545 2952 2624 quodam,
3007 2544 3191 2625 quod

720 2651 889 2715 olim
929 2650 1161 2714 fuerat
1198 2651 1640 2731 monialium,
1695 2651 2053 2731 collocati,
2109 2652 2335 2714 donec
2379 2651 2865 2715 absolveretur
2914 2651 3189 2733 proprii

722 2759 1024 2838 Collegii
1053 2759 1470 2822 aedificium.
2715 2754 2720 2759 ’

844 2865 985 2930 431.
1073 2866 1245 2929 Erat
1276 2866 1947 2947 apud-Cardinalem
1976 2865 2052 2930 P.
2096 2867 2506 2930 Ludovicus
2550 2868 2637 2930 de
2676 2866 3014 2930 Granada
3053 2884 3192 2929 ma·

726 2990 869 3052 gno
900 2974 974 3036 in
1001 2975 1230 3054 pretio
1261 2974 1350 3036 ab
1378 2975 1532 3054 ipso
1562 2974 1876 3050 habitus,
1914 2973 2200 3036 Ordinis
2239 2973 2850 3055 praedicatorum,
2894 2973 3014 3053 qui
3052 2990 3192 3036 ma·

720 3098 869 3158 gno
900 3081 1269 3144 charitatis
1301 3080 1561 3144 affectu
1583 3081 2011 3145 Societatem
2041 3061 2666 3161 complectebatur.
2694 3080 2782 3161 Is,
2812 3097 2972 3144 cum
3001 3081 3192 3143 intel·

726 3189 1016 3251 lexisset
1065 3188 1465 3252 Cardinalis
1502 3191 1942 3252 voluntatem
1992 3190 2078 3252 de
2131 3188 2450 3268 Collegio
2497 3205 2624 3251 suo
2667 3187 3007 3251 Societati
3052 3197 3193 3250 tra·

722 3294 987 3375 dendo,
1032 3314 1284 3358 manus
1322 3295 1472 3375 eJus
1516 3296 1877 3359 osculatus
1915 3305 2021 3358 est
2065 3295 2356 3376 perinde
2397 3305 2608 3376 atque
2650 3295 2712 3359 si
2739 3295 2900 3373 ¹ipse
2937 3294 3194 3357 benefi-

725 3404 915 3466 cium
963 3403 1097 3465 hoc
1149 3404 1572 3484 accepisset,
1627 3411 1696 3466 et
1745 3403 2008 3467 nostris
2055 3404 2503 3466 venientibus
2555 3403 3062 3466 amicissimum
3117 3419 3193 3464 se

724 3511 1084 3590 praebuit,
1117 3520 1195 3573 ut
1225 3512 1287 3573 si
1316 3528 1406 3573 ex
1437 3511 1573 3573 illis
1602 3528 1782 3573 unus
1811 3519 2019 3573 esset.
2055 3510 2232 3575 Cum
2266 3521 2503 3573 autem
2532 3511 2633 3573 illi
2661 3510 3063 3574 Cardinalis
3095 3511 3192 3572 in-

719 3616 1071 3697 junxisset
1100 3626 1175 3679 ut
1203 3619 1462 3698 populo
1494 3618 1567 3680 in
1597 3618 1944 3681 concione
1974 3618 2402 3696 declararet,
2437 3618 2628 3698 quod
2658 3619 2809 3698 ipse
2837 3617 3073 3680 facere
3104 3618 3189 3680 de

726 3725 860 3787 hoc
891 3724 1207 3804 Collegio
1238 3725 1722 3805 constituerat,
1755 3734 1833 3787 ut
1863 3726 2096 3805 magis
2125 3725 2216 3788 ad
2245 3736 2566 3788 nostrum
2594 3724 2992 3788 institutum
3024 3724 3191 3788 civi·

726 3839 839 3893 tas
878 3831 1303 3910 afficeretur,
1363 3832 1662 3912 impigre
1701 3833 1924 3895 frater
1982 3832 2388 3895 Ludovicus
2439 3832 2524 3894 de
2577 3832 2913 3896 Granada
2964 3832 3036 3894 id
3084 3839 3191 3893 est

726 3946 1127 4017 exsecutuS,
1155 3948 1223 4000 et
1255 3939 1695 4017 admiranda,
1717 3956 1899 4018 quae
1925 3939 2010 4001 de
2035 3937 2391 4002 Societate
2414 3949 2660 4002 nostra
2682 3940 2834 4022 ipse
2857 3957 3190 4020 concepe-

726 4053 861 4122 rat,
896 4045 1337 4109 auditoribus
1369 4027 1783 4121 declarai'it,
1817 4055 2081 4110 statum
2111 4046 2262 4127 ejus
2292 4047 2759 4128 apostolicum
2787 4064 3089 4126 vocanS,
3124 4056 3190 4109 et

724 4151 913 4231 quod
944 4152 1014 4215 id
1045 4162 1291 4232 ageret
1321 4154 1513 4216 omni
1542 4154 1891 4217 industria
1918 4162 1995 4217 ut
2018 4154 2340 4217 homines
2366 4153 2453 4216 ad
2479 4154 2932 4217 sanctitatem
2956 4154 3188 4235 primi·

724 4259 918 4322 tivae
940 4259 1304 4323 Ecclesiae
1334 4259 1725 4324 reduceret.
1755 4260 1955 4339 Quae
1986 4261 2143 4324 ideo
2179 4262 2370 4325 dicta
2399 4262 2863 4341 accipiantur,
2901 4269 2977 4323 ut
3016 4262 3163 4342 opti

722 4367 824 4429 mi
849 4366 1035 4429 illius
1064 4368 1378 4447 religiosi
1407 4368 1900 4431 benevolentia
1930 4368 2344 4450 explicetur.

847 4472 987 4537 432.
1073 4473 1231 4537 Non
1275 4484 1439 4537 sunt
1489 4476 1816 4555 aggressi
1866 4476 2107 4539 statim
2144 4477 2547 4555 theologiae
2599 4474 2909 4539 studium
2941 4476 3184 4553 nostri,

724 4581 891 4659 quia
921 4580 1268 4644 Dominus
1306 4580 1662 4645 Antonius
1705 4583 2011 4646 tertiana
2050 4582 2228 4646 febri
2265 4582 2669 4661 laborabat;
2716 4583 2842 4646 sed
2882 4582 3184 4649 interim.

723 4687 914 4765 quod
944 4705 1033 4750 ex
1064 4706 1276 4751 cursu
1304 4689 1795 4769 philosophico
1825 4690 2172 4769 reliquum
2215 4699 2404 4768 erat,
2443 4689 2918 4753 absolverunt.
2967 4679 3188 4752 Paulo
