<?xml version="1.0" encoding="UTF-8"?>
<!DOCTYPE html PUBLIC "-//W3C//DTD XHTML 1.0 Transitional//EN"
    "http://www.w3.org/TR/xhtml1/DTD/xhtml1-transitional.dtd">
<html xmlns="http://www.w3.org/1999/xhtml" xml:lang="en" lang="en">
 <head>
  <title>
</title>
<meta http-equiv="Content-Type" content="text/html;charset=utf-8" />
  <meta name='ocr-system' content='tesseract 3.04.00' />
  <meta name='ocr-capabilities' content='ocr_page ocr_carea ocr_par ocr_line ocrx_word'/>
</head>
<body>
  <div class='ocr_page' id='page_1' title='image "./vitaignatiiloio03polagoog_0580.png"; bbox 0 0 3679 5414; ppageno 0'>
   <div class='ocr_carea' id='block_1_1' title="bbox 650 419 2220 496">
    <p class='ocr_par' dir='ltr' id='par_1_1' title="bbox 650 419 2220 496">
     <span class='ocr_line' id='line_1_1' title="bbox 650 419 2220 496; baseline -0.003 -15"><span class='ocrx_word' id='word_1_1' title='bbox 650 423 761 481; x_wconf 83' lang='grc'>574</span> <span class='ocrx_word' id='word_1_2' title='bbox 1589 421 1844 482; x_wconf 65' lang='lat' dir='ltr'>Canon.</span> <span class='ocrx_word' id='word_1_3' title='bbox 1885 419 2039 481; x_wconf 81' lang='lat' dir='ltr'>Soc,</span> <span class='ocrx_word' id='word_1_4' title='bbox 2081 424 2220 496; x_wconf 74' lang='lat' dir='ltr'>Jsss.</span> 
     </span>
    </p>
   </div>
   <div class='ocr_carea' id='block_1_2' title="bbox 614 569 3202 4293">
    <p class='ocr_par' dir='ltr' id='par_1_2' title="bbox 651 569 3109 757">
     <span class='ocr_line' id='line_1_2' title="bbox 651 569 3109 652; baseline 0 -19"><span class='ocrx_word' id='word_1_5' title='bbox 651 571 827 633; x_wconf 91' lang='lat' dir='ltr'>lium</span> <span class='ocrx_word' id='word_1_6' title='bbox 857 579 926 633; x_wconf 92' lang='lat' dir='ltr'>et</span> <span class='ocrx_word' id='word_1_7' title='bbox 955 570 1432 633; x_wconf 89' lang='lat' dir='ltr'>studiosorum</span> <span class='ocrx_word' id='word_1_8' title='bbox 1452 569 1787 648; x_wconf 86' lang='lat' dir='ltr'>querelis,</span> <span class='ocrx_word' id='word_1_9' title='bbox 1814 570 2004 630; x_wconf 91' lang='lat' dir='ltr'>luctu</span> <span class='ocrx_word' id='word_1_10' title='bbox 2030 580 2098 631; x_wconf 91' lang='lat' dir='ltr'>et</span> <span class='ocrx_word' id='word_1_11' title='bbox 2122 570 2744 633; x_wconf 84' lang='lat' dir='ltr'><strong>lamentationibus</strong></span> <span class='ocrx_word' id='word_1_12' title='bbox 2774 572 2866 633; x_wconf 90' lang='lat' dir='ltr'>ad</span> <span class='ocrx_word' id='word_1_13' title='bbox 2889 572 3109 652; x_wconf 93' lang='lat' dir='ltr'>sepul-</span> 
     </span>
     <span class='ocr_line' id='line_1_3' title="bbox 656 677 1537 757; baseline -0.006 -17"><span class='ocrx_word' id='word_1_14' title='bbox 656 678 910 740; x_wconf 90' lang='lat' dir='ltr'><strong>chrum</strong></span> <span class='ocrx_word' id='word_1_15' title='bbox 938 685 1045 739; x_wconf 88' lang='lat' dir='ltr'>est</span> <span class='ocrx_word' id='word_1_16' title='bbox 1068 677 1537 757; x_wconf 88' lang='lat' dir='ltr'>deportatum.</span> 
     </span>
    </p>

    <p class='ocr_par' dir='ltr' id='par_1_3' title="bbox 614 782 3202 4170">
     <span class='ocr_line' id='line_1_4' title="bbox 772 782 3113 867; baseline 0.001 -22"><span class='ocrx_word' id='word_1_17' title='bbox 772 784 914 846; x_wconf 84' lang='lat'>373.</span> <span class='ocrx_word' id='word_1_18' title='bbox 998 782 1076 846; x_wconf 92' lang='grc' dir='ltr'>Ρ.</span> <span class='ocrx_word' id='word_1_19' title='bbox 1135 783 1462 847; x_wconf 89' lang='lat' dir='ltr'>Canisius</span> <span class='ocrx_word' id='word_1_20' title='bbox 1517 784 1858 862; x_wconf 86' lang='lat' dir='ltr'>perrexit,</span> <span class='ocrx_word' id='word_1_21' title='bbox 1914 794 1989 846; x_wconf 88' lang='lat' dir='ltr'>ut</span> <span class='ocrx_word' id='word_1_22' title='bbox 2045 794 2407 863; x_wconf 88' lang='lat' dir='ltr'>coeperat,</span> <span class='ocrx_word' id='word_1_23' title='bbox 2469 801 2731 864; x_wconf 89' lang='lat' dir='ltr'>magno</span> <span class='ocrx_word' id='word_1_24' title='bbox 2783 802 2943 848; x_wconf 91' lang='lat' dir='ltr'>cum</span> <span class='ocrx_word' id='word_1_25' title='bbox 2996 804 3113 867; x_wconf 90' lang='lat' dir='ltr'>ap-</span> 
     </span>
     <span class='ocr_line' id='line_1_5' title="bbox 651 890 3113 972; baseline 0.001 -18"><span class='ocrx_word' id='word_1_26' title='bbox 651 893 909 971; x_wconf 82' lang='lat' dir='ltr'>plausu</span> <span class='ocrx_word' id='word_1_27' title='bbox 937 900 1006 955; x_wconf 90' lang='lat' dir='ltr'>et</span> <span class='ocrx_word' id='word_1_28' title='bbox 1035 891 1335 955; x_wconf 90' lang='lat' dir='ltr'>utilitate</span> <span class='ocrx_word' id='word_1_29' title='bbox 1365 890 1723 970; x_wconf 84' lang='lat' dir='ltr'>explicare</span> <span class='ocrx_word' id='word_1_30' title='bbox 1752 908 1960 954; x_wconf 89' lang='lat' dir='ltr'>suum</span> <span class='ocrx_word' id='word_1_31' title='bbox 1989 891 2159 954; x_wconf 91' lang='lat' dir='ltr'>illud</span> <span class='ocrx_word' id='word_1_32' title='bbox 2188 890 2712 972; x_wconf 86' lang='lat' dir='ltr'>compendium,</span> <span class='ocrx_word' id='word_1_33' title='bbox 2745 891 2964 972; x_wconf 90' lang='lat' dir='ltr'>Regis</span> <span class='ocrx_word' id='word_1_34' title='bbox 2994 912 3113 957; x_wconf 88' lang='lat' dir='ltr'>no·</span> 
     </span>
     <span class='ocr_line' id='line_1_6' title="bbox 654 997 3116 1079; baseline 0 -17"><span class='ocrx_word' id='word_1_35' title='bbox 654 1000 876 1077; x_wconf 90' lang='lat' dir='ltr'>mine,</span> <span class='ocrx_word' id='word_1_36' title='bbox 937 1009 1014 1062; x_wconf 92' lang='lat' dir='ltr'>ut</span> <span class='ocrx_word' id='word_1_37' title='bbox 1070 999 1394 1079; x_wconf 89' lang='lat' dir='ltr'>superius</span> <span class='ocrx_word' id='word_1_38' title='bbox 1450 998 1715 1061; x_wconf 89' lang='lat' dir='ltr'>dictum</span> <span class='ocrx_word' id='word_1_39' title='bbox 1780 1006 1918 1077; x_wconf 91' lang='lat' dir='ltr'>est,</span> <span class='ocrx_word' id='word_1_40' title='bbox 1981 999 2501 1062; x_wconf 90' lang='lat' dir='ltr'>concinnatum.</span> <span class='ocrx_word' id='word_1_41' title='bbox 2562 997 2873 1063; x_wconf 84' lang='lat' dir='ltr'>Gerebat</span> <span class='ocrx_word' id='word_1_42' title='bbox 2930 1000 3116 1063; x_wconf 90' lang='lat' dir='ltr'>idem</span> 
     </span>
     <span class='ocr_line' id='line_1_7' title="bbox 657 1104 3115 1186; baseline 0 -16"><span class='ocrx_word' id='word_1_43' title='bbox 657 1115 1028 1186; x_wconf 90' lang='lat' dir='ltr'>praeterea</span> <span class='ocrx_word' id='word_1_44' title='bbox 1073 1106 1266 1169; x_wconf 90' lang='lat' dir='ltr'>domi</span> <span class='ocrx_word' id='word_1_45' title='bbox 1306 1105 1609 1169; x_wconf 87' lang='lat' dir='ltr'>officium</span> <span class='ocrx_word' id='word_1_46' title='bbox 1645 1105 1989 1186; x_wconf 88' lang='lat' dir='ltr'>praefecti</span> <span class='ocrx_word' id='word_1_47' title='bbox 2035 1104 2457 1183; x_wconf 90' lang='lat' dir='ltr'>studiorum,</span> <span class='ocrx_word' id='word_1_48' title='bbox 2507 1123 2689 1185; x_wconf 90' lang='lat' dir='ltr'>quae</span> <span class='ocrx_word' id='word_1_49' title='bbox 2736 1107 2874 1170; x_wconf 90' lang='lat' dir='ltr'>hoc</span> <span class='ocrx_word' id='word_1_50' title='bbox 2922 1116 3115 1170; x_wconf 86' lang='lat' dir='ltr'>autu-</span> 
     </span>
     <span class='ocr_line' id='line_1_8' title="bbox 658 1211 3118 1292; baseline 0 -16"><span class='ocrx_word' id='word_1_51' title='bbox 658 1231 824 1276; x_wconf 91' lang='lat' dir='ltr'>mno</span> <span class='ocrx_word' id='word_1_52' title='bbox 854 1231 998 1276; x_wconf 90' lang='lat' dir='ltr'>non</span> <span class='ocrx_word' id='word_1_53' title='bbox 1022 1213 1121 1276; x_wconf 91' lang='lat' dir='ltr'>ita</span> <span class='ocrx_word' id='word_1_54' title='bbox 1146 1223 1222 1276; x_wconf 92' lang='lat' dir='ltr'>ut</span> <span class='ocrx_word' id='word_1_55' title='bbox 1248 1231 1290 1276; x_wconf 93' lang='lat' dir='ltr'>a</span> <span class='ocrx_word' id='word_1_56' title='bbox 1313 1211 1388 1275; x_wconf 89' lang='lat' dir='ltr'>P.</span> <span class='ocrx_word' id='word_1_57' title='bbox 1414 1213 1690 1292; x_wconf 92' lang='lat' dir='ltr'>Ignatio</span> <span class='ocrx_word' id='word_1_58' title='bbox 1714 1214 2175 1276; x_wconf 90' lang='lat' dir='ltr'>constitutum</span> <span class='ocrx_word' id='word_1_59' title='bbox 2197 1222 2380 1290; x_wconf 86' lang='lat' dir='ltr'>erat,</span> <span class='ocrx_word' id='word_1_60' title='bbox 2411 1213 2481 1274; x_wconf 91' lang='lat' dir='ltr'>in</span> <span class='ocrx_word' id='word_1_61' title='bbox 2507 1213 2829 1275; x_wconf 87' lang='lat' dir='ltr'>diversas</span> <span class='ocrx_word' id='word_1_62' title='bbox 2850 1214 3118 1276; x_wconf 88' lang='lat' dir='ltr'>classes</span> 
     </span>
     <span class='ocr_line' id='line_1_9' title="bbox 657 1320 3118 1400; baseline 0 -17"><span class='ocrx_word' id='word_1_63' title='bbox 657 1320 1000 1400; x_wconf 84' lang='lat' dir='ltr'>distingui</span> <span class='ocrx_word' id='word_1_64' title='bbox 1042 1329 1450 1400; x_wconf 89' lang='lat' dir='ltr'>potuerunt,</span> <span class='ocrx_word' id='word_1_65' title='bbox 1492 1320 1681 1399; x_wconf 91' lang='lat' dir='ltr'>quod</span> <span class='ocrx_word' id='word_1_66' title='bbox 1731 1320 1822 1382; x_wconf 86' lang='lat' dir='ltr'>ad</span> <span class='ocrx_word' id='word_1_67' title='bbox 1872 1329 2204 1382; x_wconf 84' lang='lat' dir='ltr'>externos</span> <span class='ocrx_word' id='word_1_68' title='bbox 2248 1320 2526 1396; x_wconf 90' lang='lat' dir='ltr'>attinet;</span> <span class='ocrx_word' id='word_1_69' title='bbox 2577 1320 2798 1399; x_wconf 89' lang='lat' dir='ltr'>pestis</span> <span class='ocrx_word' id='word_1_70' title='bbox 2830 1320 3118 1383; x_wconf 90' lang='lat' dir='ltr'>enimin</span> 
     </span>
     <span class='ocr_line' id='line_1_10' title="bbox 614 1427 3120 1508; baseline 0 -17"><span class='ocrx_word' id='word_1_71' title='bbox 614 1475 617 1477; x_wconf 14' lang='grc' dir='ltr'><strong>Α</strong></span> <span class='ocrx_word' id='word_1_72' title='bbox 660 1445 881 1491; x_wconf 83' lang='lat' dir='ltr'>causa</span> <span class='ocrx_word' id='word_1_73' title='bbox 909 1427 1037 1491; x_wconf 92' lang='lat' dir='ltr'>fuit</span> <span class='ocrx_word' id='word_1_74' title='bbox 1065 1438 1142 1491; x_wconf 94' lang='lat' dir='ltr'>ut</span> <span class='ocrx_word' id='word_1_75' title='bbox 1174 1427 1462 1490; x_wconf 88' lang='lat' dir='ltr'>scholae</span> <span class='ocrx_word' id='word_1_76' title='bbox 1494 1444 1738 1490; x_wconf 89' lang='lat' dir='ltr'>omnes</span> <span class='ocrx_word' id='word_1_77' title='bbox 1770 1427 2268 1489; x_wconf 84' lang='lat' dir='ltr'>clauderentur</span> <span class='ocrx_word' id='word_1_78' title='bbox 2297 1427 2450 1505; x_wconf 92' lang='lat' dir='ltr'>ipso</span> <span class='ocrx_word' id='word_1_79' title='bbox 2479 1436 2794 1508; x_wconf 90' lang='lat' dir='ltr'>tempore</span> <span class='ocrx_word' id='word_1_80' title='bbox 2824 1446 3120 1491; x_wconf 89' lang='lat' dir='ltr'>renova-</span> 
     </span>
     <span class='ocr_line' id='line_1_11' title="bbox 660 1534 3112 1616; baseline 0 -18"><span class='ocrx_word' id='word_1_81' title='bbox 660 1536 875 1599; x_wconf 89' lang='lat' dir='ltr'>tionis</span> <span class='ocrx_word' id='word_1_82' title='bbox 916 1535 1340 1612; x_wconf 89' lang='lat' dir='ltr'>studiorum,</span> <span class='ocrx_word' id='word_1_83' title='bbox 1373 1552 1540 1598; x_wconf 90' lang='lat' dir='ltr'>nam</span> <span class='ocrx_word' id='word_1_84' title='bbox 1569 1535 1850 1596; x_wconf 87' lang='lat' dir='ltr'>saevire</span> <span class='ocrx_word' id='word_1_85' title='bbox 1892 1534 1964 1597; x_wconf 91' lang='lat' dir='ltr'>in</span> <span class='ocrx_word' id='word_1_86' title='bbox 2006 1551 2266 1613; x_wconf 90' lang='lat' dir='ltr'>pueros</span> <span class='ocrx_word' id='word_1_87' title='bbox 2295 1535 2714 1614; x_wconf 86' lang='lat' dir='ltr'>praesertim</span> <span class='ocrx_word' id='word_1_88' title='bbox 2758 1547 3112 1616; x_wconf 88' lang='lat' dir='ltr'>coeperat.</span> 
     </span>
     <span class='ocr_line' id='line_1_12' title="bbox 659 1641 3122 1723; baseline 0.001 -18"><span class='ocrx_word' id='word_1_89' title='bbox 659 1643 1006 1722; x_wconf 86' lang='lat' dir='ltr'>Quamvis</span> <span class='ocrx_word' id='word_1_90' title='bbox 1034 1643 1272 1722; x_wconf 91' lang='lat' dir='ltr'>itaque</span> <span class='ocrx_word' id='word_1_91' title='bbox 1300 1642 1620 1705; x_wconf 90' lang='lat' dir='ltr'>scholam</span> <span class='ocrx_word' id='word_1_92' title='bbox 1648 1642 1877 1704; x_wconf 88' lang='lat' dir='ltr'>nostri</span> <span class='ocrx_word' id='word_1_93' title='bbox 1919 1641 2129 1705; x_wconf 90' lang='lat' dir='ltr'>modo</span> <span class='ocrx_word' id='word_1_94' title='bbox 2161 1641 2312 1722; x_wconf 91' lang='lat' dir='ltr'>jam</span> <span class='ocrx_word' id='word_1_95' title='bbox 2350 1642 2539 1704; x_wconf 89' lang='lat' dir='ltr'>dicto</span> <span class='ocrx_word' id='word_1_96' title='bbox 2578 1643 2857 1722; x_wconf 91' lang='lat' dir='ltr'>aperire</span> <span class='ocrx_word' id='word_1_97' title='bbox 2885 1645 3122 1723; x_wconf 89' lang='lat' dir='ltr'>parati</span> 
     </span>
     <span class='ocr_line' id='line_1_13' title="bbox 661 1748 3121 1830; baseline 0 -17"><span class='ocrx_word' id='word_1_98' title='bbox 661 1761 929 1830; x_wconf 90' lang='lat' dir='ltr'>essent,</span> <span class='ocrx_word' id='word_1_99' title='bbox 962 1766 1105 1813; x_wconf 89' lang='lat' dir='ltr'>non</span> <span class='ocrx_word' id='word_1_100' title='bbox 1135 1751 1363 1812; x_wconf 89' lang='lat' dir='ltr'>solum</span> <span class='ocrx_word' id='word_1_101' title='bbox 1394 1767 1558 1813; x_wconf 91' lang='lat' dir='ltr'>cum</span> <span class='ocrx_word' id='word_1_102' title='bbox 1597 1767 1948 1812; x_wconf 88' lang='lat' dir='ltr'>consensu</span> <span class='ocrx_word' id='word_1_103' title='bbox 1984 1748 2234 1828; x_wconf 89' lang='lat' dir='ltr'>Regis,</span> <span class='ocrx_word' id='word_1_104' title='bbox 2268 1749 2604 1829; x_wconf 89' lang='lat' dir='ltr'>Episcopi</span> <span class='ocrx_word' id='word_1_105' title='bbox 2644 1760 2713 1812; x_wconf 92' lang='lat' dir='ltr'>et</span> <span class='ocrx_word' id='word_1_106' title='bbox 2752 1751 3121 1829; x_wconf 89' lang='lat' dir='ltr'>magistra-</span> 
     </span>
     <span class='ocr_line' id='line_1_14' title="bbox 662 1855 3125 1936; baseline 0 -16"><span class='ocrx_word' id='word_1_107' title='bbox 662 1867 805 1936; x_wconf 78' lang='lat' dir='ltr'>tuS,</span> <span class='ocrx_word' id='word_1_108' title='bbox 859 1858 983 1920; x_wconf 92' lang='lat' dir='ltr'>sed</span> <span class='ocrx_word' id='word_1_109' title='bbox 1025 1858 1239 1920; x_wconf 88' lang='lat' dir='ltr'>etiam</span> <span class='ocrx_word' id='word_1_110' title='bbox 1289 1874 1450 1919; x_wconf 90' lang='lat' dir='ltr'>cum</span> <span class='ocrx_word' id='word_1_111' title='bbox 1493 1856 1901 1919; x_wconf 88' lang='lat' dir='ltr'>eorumdem</span> <span class='ocrx_word' id='word_1_112' title='bbox 1943 1856 2215 1934; x_wconf 85' lang='lat' dir='ltr'>favore,</span> <span class='ocrx_word' id='word_1_113' title='bbox 2263 1855 2647 1920; x_wconf 87' lang='lat' dir='ltr'>differenda</span> <span class='ocrx_word' id='word_1_114' title='bbox 2691 1873 2807 1920; x_wconf 91' lang='lat' dir='ltr'>res</span> <span class='ocrx_word' id='word_1_115' title='bbox 2855 1856 2984 1919; x_wconf 93' lang='lat' dir='ltr'>fuit</span> <span class='ocrx_word' id='word_1_116' title='bbox 3034 1858 3125 1920; x_wconf 88' lang='lat' dir='ltr'>ad</span> 
     </span>
     <span class='ocr_line' id='line_1_15' title="bbox 663 1962 3124 2045; baseline -0 -18"><span class='ocrx_word' id='word_1_117' title='bbox 663 1965 1023 2045; x_wconf 90' lang='lat' dir='ltr'>sequentis</span> <span class='ocrx_word' id='word_1_118' title='bbox 1061 1964 1230 2027; x_wconf 90' lang='lat' dir='ltr'>anni</span> <span class='ocrx_word' id='word_1_119' title='bbox 1272 1963 1548 2027; x_wconf 88' lang='lat' dir='ltr'>initium</span> <span class='ocrx_word' id='word_1_120' title='bbox 1586 1972 1878 2043; x_wconf 90' lang='lat' dir='ltr'>propter</span> <span class='ocrx_word' id='word_1_121' title='bbox 1915 1964 2102 2025; x_wconf 90' lang='lat' dir='ltr'>luem</span> <span class='ocrx_word' id='word_1_122' title='bbox 2135 1962 2283 2043; x_wconf 90' lang='lat' dir='ltr'>jam</span> <span class='ocrx_word' id='word_1_123' title='bbox 2333 1963 2627 2040; x_wconf 89' lang='lat' dir='ltr'>dictam,</span> <span class='ocrx_word' id='word_1_124' title='bbox 2683 1980 2863 2043; x_wconf 87' lang='lat' dir='ltr'>quae</span> <span class='ocrx_word' id='word_1_125' title='bbox 2907 1964 3124 2027; x_wconf 88' lang='lat' dir='ltr'>multa</span> 
     </span>
     <span class='ocr_line' id='line_1_16' title="bbox 663 2069 3125 2153; baseline -0 -19"><span class='ocrx_word' id='word_1_126' title='bbox 663 2072 1027 2134; x_wconf 76' lang='lat' dir='ltr'>hominu&#39;m</span> <span class='ocrx_word' id='word_1_127' title='bbox 1085 2072 1304 2134; x_wconf 91' lang='lat' dir='ltr'>millia</span> <span class='ocrx_word' id='word_1_128' title='bbox 1361 2071 1611 2153; x_wconf 83' lang='lat' dir='ltr'>paucis</span> <span class='ocrx_word' id='word_1_129' title='bbox 1659 2070 2020 2132; x_wconf 92' lang='lat' dir='ltr'>mensibus</span> <span class='ocrx_word' id='word_1_130' title='bbox 2070 2069 2157 2132; x_wconf 89' lang='lat' dir='ltr'>de</span> <span class='ocrx_word' id='word_1_131' title='bbox 2215 2069 2447 2132; x_wconf 90' lang='lat' dir='ltr'>medio</span> <span class='ocrx_word' id='word_1_132' title='bbox 2500 2070 2809 2149; x_wconf 90' lang='lat' dir='ltr'>sustulit,</span> <span class='ocrx_word' id='word_1_133' title='bbox 2865 2079 2935 2133; x_wconf 91' lang='lat' dir='ltr'>et</span> <span class='ocrx_word' id='word_1_134' title='bbox 2984 2088 3125 2133; x_wconf 91' lang='lat' dir='ltr'>non</span> 
     </span>
     <span class='ocr_line' id='line_1_17' title="bbox 662 2176 3124 2257; baseline 0 -17"><span class='ocrx_word' id='word_1_135' title='bbox 662 2180 894 2242; x_wconf 88' lang='lat' dir='ltr'>solum</span> <span class='ocrx_word' id='word_1_136' title='bbox 950 2179 1337 2255; x_wconf 90' lang='lat' dir='ltr'>studiosos,</span> <span class='ocrx_word' id='word_1_137' title='bbox 1399 2178 1526 2241; x_wconf 92' lang='lat' dir='ltr'>sed</span> <span class='ocrx_word' id='word_1_138' title='bbox 1578 2178 1815 2239; x_wconf 90' lang='lat' dir='ltr'>aulam</span> <span class='ocrx_word' id='word_1_139' title='bbox 1869 2177 2081 2240; x_wconf 91' lang='lat' dir='ltr'>etiam</span> <span class='ocrx_word' id='word_1_140' title='bbox 2134 2176 2541 2240; x_wconf 86' lang='lat' dir='ltr'>universam</span> <span class='ocrx_word' id='word_1_141' title='bbox 2592 2177 2873 2240; x_wconf 88' lang='lat' dir='ltr'>Vienna</span> <span class='ocrx_word' id='word_1_142' title='bbox 2928 2177 3124 2257; x_wconf 89' lang='lat' dir='ltr'>fuga-</span> 
     </span>
     <span class='ocr_line' id='line_1_18' title="bbox 665 2284 3124 2365; baseline -0.001 -17"><span class='ocrx_word' id='word_1_143' title='bbox 665 2287 791 2348; x_wconf 84' lang='lat' dir='ltr'>vit.</span> <span class='ocrx_word' id='word_1_144' title='bbox 847 2286 1188 2365; x_wconf 87' lang='lat' dir='ltr'>Magnum</span> <span class='ocrx_word' id='word_1_145' title='bbox 1223 2293 1463 2348; x_wconf 90' lang='lat' dir='ltr'>tamen</span> <span class='ocrx_word' id='word_1_146' title='bbox 1505 2284 1812 2347; x_wconf 90' lang='lat' dir='ltr'>fructum</span> <span class='ocrx_word' id='word_1_147' title='bbox 1854 2284 1939 2347; x_wconf 90' lang='lat' dir='ltr'>de</span> <span class='ocrx_word' id='word_1_148' title='bbox 1990 2285 2125 2346; x_wconf 92' lang='lat' dir='ltr'>hac</span> <span class='ocrx_word' id='word_1_149' title='bbox 2176 2285 2417 2347; x_wconf 88' lang='lat' dir='ltr'>schola</span> <span class='ocrx_word' id='word_1_150' title='bbox 2457 2284 2594 2347; x_wconf 91' lang='lat' dir='ltr'>sibi</span> <span class='ocrx_word' id='word_1_151' title='bbox 2635 2285 2956 2348; x_wconf 90' lang='lat' dir='ltr'>homines</span> <span class='ocrx_word' id='word_1_152' title='bbox 2985 2286 3124 2364; x_wconf 90' lang='lat' dir='ltr'>pol-</span> 
     </span>
     <span class='ocr_line' id='line_1_19' title="bbox 667 2391 3122 2471; baseline -0 -16"><span class='ocrx_word' id='word_1_153' title='bbox 667 2394 1082 2456; x_wconf 88' lang='lat' dir='ltr'>licebantur.</span> <span class='ocrx_word' id='word_1_154' title='bbox 1138 2392 1275 2471; x_wconf 86' lang='lat' dir='ltr'>Qui</span> <span class='ocrx_word' id='word_1_155' title='bbox 1318 2404 1557 2457; x_wconf 90' lang='lat' dir='ltr'>tamen</span> <span class='ocrx_word' id='word_1_156' title='bbox 1596 2409 1687 2454; x_wconf 82' lang='lat' dir='ltr'>ex</span> <span class='ocrx_word' id='word_1_157' title='bbox 1725 2391 2037 2453; x_wconf 86' lang='lat' dir='ltr'>externis</span> <span class='ocrx_word' id='word_1_158' title='bbox 2088 2391 2178 2453; x_wconf 91' lang='lat' dir='ltr'>ad</span> <span class='ocrx_word' id='word_1_159' title='bbox 2227 2400 2508 2453; x_wconf 89' lang='lat' dir='ltr'>nostros</span> <span class='ocrx_word' id='word_1_160' title='bbox 2537 2408 2621 2453; x_wconf 92' lang='lat' dir='ltr'>eo</span> <span class='ocrx_word' id='word_1_161' title='bbox 2652 2402 2968 2471; x_wconf 90' lang='lat' dir='ltr'>tempore</span> <span class='ocrx_word' id='word_1_162' title='bbox 3013 2410 3122 2454; x_wconf 87' lang='lat' dir='ltr'>ac-</span> 
     </span>
     <span class='ocr_line' id='line_1_20' title="bbox 667 2498 3121 2577; baseline -0 -15"><span class='ocrx_word' id='word_1_163' title='bbox 667 2500 1044 2577; x_wconf 84' lang='lat' dir='ltr'>cedebant,</span> <span class='ocrx_word' id='word_1_164' title='bbox 1101 2500 1308 2561; x_wconf 87' lang='lat' dir='ltr'>simul</span> <span class='ocrx_word' id='word_1_165' title='bbox 1359 2516 1519 2561; x_wconf 92' lang='lat' dir='ltr'>cum</span> <span class='ocrx_word' id='word_1_166' title='bbox 1578 2498 1681 2561; x_wconf 88' lang='lat' dir='ltr'>eis</span> <span class='ocrx_word' id='word_1_167' title='bbox 1719 2499 2193 2577; x_wconf 85' lang='lat' dir='ltr'>precabantur</span> <span class='ocrx_word' id='word_1_168' title='bbox 2244 2508 2311 2560; x_wconf 91' lang='lat' dir='ltr'>et</span> <span class='ocrx_word' id='word_1_169' title='bbox 2360 2498 2821 2561; x_wconf 84' lang='lat' dir='ltr'>christianam</span> <span class='ocrx_word' id='word_1_170' title='bbox 2867 2499 3121 2561; x_wconf 90' lang='lat' dir='ltr'>doctri-</span> 
     </span>
     <span class='ocr_line' id='line_1_21' title="bbox 667 2606 3124 2685; baseline -0 -16"><span class='ocrx_word' id='word_1_171' title='bbox 667 2625 836 2669; x_wconf 89' lang='lat' dir='ltr'>nam</span> <span class='ocrx_word' id='word_1_172' title='bbox 863 2606 1272 2682; x_wconf 85' lang='lat' dir='ltr'>audiebant;</span> <span class='ocrx_word' id='word_1_173' title='bbox 1305 2614 1375 2668; x_wconf 91' lang='lat' dir='ltr'>et</span> <span class='ocrx_word' id='word_1_174' title='bbox 1403 2617 1550 2668; x_wconf 91' lang='lat' dir='ltr'>tam</span> <span class='ocrx_word' id='word_1_175' title='bbox 1580 2622 1932 2685; x_wconf 91' lang='lat' dir='ltr'>propenso</span> <span class='ocrx_word' id='word_1_176' title='bbox 1963 2621 2135 2683; x_wconf 89' lang='lat' dir='ltr'>erga</span> <span class='ocrx_word' id='word_1_177' title='bbox 2159 2615 2440 2668; x_wconf 88' lang='lat' dir='ltr'>nostros</span> <span class='ocrx_word' id='word_1_178' title='bbox 2464 2606 2698 2668; x_wconf 89' lang='lat' dir='ltr'>animo</span> <span class='ocrx_word' id='word_1_179' title='bbox 2724 2615 2928 2668; x_wconf 88' lang='lat' dir='ltr'>erant</span> <span class='ocrx_word' id='word_1_180' title='bbox 2959 2623 3124 2668; x_wconf 91' lang='lat' dir='ltr'>non-</span> 
     </span>
     <span class='ocr_line' id='line_1_22' title="bbox 667 2712 3120 2795; baseline -0 -19"><span class='ocrx_word' id='word_1_181' title='bbox 667 2714 871 2793; x_wconf 90' lang='lat' dir='ltr'>nulli,</span> <span class='ocrx_word' id='word_1_182' title='bbox 906 2723 981 2776; x_wconf 91' lang='lat' dir='ltr'>ut</span> <span class='ocrx_word' id='word_1_183' title='bbox 1007 2713 1315 2795; x_wconf 89' lang='lat' dir='ltr'>Jesuitas</span> <span class='ocrx_word' id='word_1_184' title='bbox 1345 2731 1421 2775; x_wconf 90' lang='lat' dir='ltr'>se</span> <span class='ocrx_word' id='word_1_185' title='bbox 1464 2715 1675 2776; x_wconf 92' lang='lat' dir='ltr'>etiam</span> <span class='ocrx_word' id='word_1_186' title='bbox 1706 2730 1864 2775; x_wconf 91' lang='lat' dir='ltr'>esse</span> <span class='ocrx_word' id='word_1_187' title='bbox 1896 2713 2076 2775; x_wconf 89' lang='lat' dir='ltr'>velle</span> <span class='ocrx_word' id='word_1_188' title='bbox 2108 2713 2243 2790; x_wconf 89' lang='lat' dir='ltr'>(sic</span> <span class='ocrx_word' id='word_1_189' title='bbox 2283 2712 2470 2776; x_wconf 91' lang='lat' dir='ltr'>enim</span> <span class='ocrx_word' id='word_1_190' title='bbox 2507 2714 2734 2776; x_wconf 89' lang='lat' dir='ltr'>nostri</span> <span class='ocrx_word' id='word_1_191' title='bbox 2771 2714 3120 2776; x_wconf 90' lang='lat' dir='ltr'>vocaban-</span> 
     </span>
     <span class='ocr_line' id='line_1_23' title="bbox 667 2819 3128 2900; baseline -0.001 -16"><span class='ocrx_word' id='word_1_192' title='bbox 667 2822 804 2898; x_wconf 91' lang='lat' dir='ltr'>tur)</span> <span class='ocrx_word' id='word_1_193' title='bbox 835 2820 1352 2900; x_wconf 87' lang='lat' dir='ltr'>profiterentur.</span> <span class='ocrx_word' id='word_1_194' title='bbox 1388 2819 1565 2884; x_wconf 89' lang='lat' dir='ltr'>Cum</span> <span class='ocrx_word' id='word_1_195' title='bbox 1594 2829 1829 2883; x_wconf 91' lang='lat' dir='ltr'>autem</span> <span class='ocrx_word' id='word_1_196' title='bbox 1862 2820 2088 2881; x_wconf 89' lang='lat' dir='ltr'>nostri</span> <span class='ocrx_word' id='word_1_197' title='bbox 2127 2830 2233 2883; x_wconf 89' lang='lat' dir='ltr'>ter</span> <span class='ocrx_word' id='word_1_198' title='bbox 2273 2819 2586 2900; x_wconf 88' lang='lat' dir='ltr'>quotidie</span> <span class='ocrx_word' id='word_1_199' title='bbox 2615 2819 2706 2882; x_wconf 91' lang='lat' dir='ltr'>ad</span> <span class='ocrx_word' id='word_1_200' title='bbox 2735 2820 3128 2883; x_wconf 87' lang='lat' dir='ltr'>orationem</span> 
     </span>
     <span class='ocr_line' id='line_1_24' title="bbox 672 2925 3124 3008; baseline -0.001 -17"><span class='ocrx_word' id='word_1_201' title='bbox 672 2928 1136 2992; x_wconf 90' lang='lat' dir='ltr'>convenirent</span> <span class='ocrx_word' id='word_1_202' title='bbox 1165 2936 1241 2991; x_wconf 93' lang='lat' dir='ltr'>ut</span> <span class='ocrx_word' id='word_1_203' title='bbox 1272 2937 1419 2990; x_wconf 88' lang='lat' dir='ltr'>tam</span> <span class='ocrx_word' id='word_1_204' title='bbox 1462 2928 1682 2989; x_wconf 86' lang='lat' dir='ltr'>multa</span> <span class='ocrx_word' id='word_1_205' title='bbox 1725 2937 1793 2989; x_wconf 89' lang='lat' dir='ltr'>et</span> <span class='ocrx_word' id='word_1_206' title='bbox 1836 2927 1993 2989; x_wconf 90' lang='lat' dir='ltr'>dira</span> <span class='ocrx_word' id='word_1_207' title='bbox 2036 2926 2171 2990; x_wconf 93' lang='lat' dir='ltr'>Dei</span> <span class='ocrx_word' id='word_1_208' title='bbox 2212 2925 2493 3005; x_wconf 88' lang='lat' dir='ltr'>flagella</span> <span class='ocrx_word' id='word_1_209' title='bbox 2537 2927 2765 2989; x_wconf 86' lang='lat' dir='ltr'>averti</span> <span class='ocrx_word' id='word_1_210' title='bbox 2796 2946 2838 2990; x_wconf 90' lang='lat' dir='ltr'>a</span> <span class='ocrx_word' id='word_1_211' title='bbox 2866 2928 3124 3008; x_wconf 92' lang='lat' dir='ltr'>populo</span> 
     </span>
     <span class='ocr_line' id='line_1_25' title="bbox 669 3015 3202 3117; baseline -0 -18"><span class='ocrx_word' id='word_1_212' title='bbox 669 3037 1183 3117; x_wconf 89' lang='lat' dir='ltr'>supplicarent,</span> <span class='ocrx_word' id='word_1_213' title='bbox 1218 3036 1514 3099; x_wconf 89' lang='lat' dir='ltr'>aderant</span> <span class='ocrx_word' id='word_1_214' title='bbox 1554 3035 1627 3098; x_wconf 90' lang='lat' dir='ltr'>hi</span> <span class='ocrx_word' id='word_1_215' title='bbox 1666 3033 1964 3114; x_wconf 90' lang='lat' dir='ltr'>juvenes</span> <span class='ocrx_word' id='word_1_216' title='bbox 2008 3036 2262 3097; x_wconf 87' lang='lat' dir='ltr'>saltem</span> <span class='ocrx_word' id='word_1_217' title='bbox 2304 3035 2626 3113; x_wconf 87' lang='lat' dir='ltr'>meridie,</span> <span class='ocrx_word' id='word_1_218' title='bbox 2678 3043 2746 3097; x_wconf 90' lang='lat' dir='ltr'>et</span> <span class='ocrx_word' id='word_1_219' title='bbox 2783 3036 3130 3114; x_wconf 88' lang='lat' dir='ltr'>precatio·</span> <span class='ocrx_word' id='word_1_220' title='bbox 3191 3015 3202 3027; x_wconf 59' lang='lat'><em>⁶</em></span> 
     </span>
     <span class='ocr_line' id='line_1_26' title="bbox 669 3141 3132 3223; baseline -0 -17"><span class='ocrx_word' id='word_1_221' title='bbox 669 3162 795 3206; x_wconf 89' lang='lat' dir='ltr'>nes</span> <span class='ocrx_word' id='word_1_222' title='bbox 833 3154 1235 3206; x_wconf 89' lang='lat' dir='ltr'>nostrorum</span> <span class='ocrx_word' id='word_1_223' title='bbox 1277 3143 1752 3205; x_wconf 87' lang='lat' dir='ltr'>transcribere</span> <span class='ocrx_word' id='word_1_224' title='bbox 1793 3142 2170 3219; x_wconf 91' lang='lat' dir='ltr'>curabant,</span> <span class='ocrx_word' id='word_1_225' title='bbox 2225 3151 2293 3203; x_wconf 89' lang='lat' dir='ltr'>et</span> <span class='ocrx_word' id='word_1_226' title='bbox 2348 3142 2628 3204; x_wconf 92' lang='lat' dir='ltr'>demum</span> <span class='ocrx_word' id='word_1_227' title='bbox 2667 3141 2840 3204; x_wconf 88' lang='lat' dir='ltr'>satis</span> <span class='ocrx_word' id='word_1_228' title='bbox 2880 3143 3132 3223; x_wconf 90' lang='lat' dir='ltr'>pietati</span> 
     </span>
     <span class='ocr_line' id='line_1_27' title="bbox 669 3249 3131 3327; baseline -0.001 -14"><span class='ocrx_word' id='word_1_229' title='bbox 669 3252 890 3314; x_wconf 90' lang='lat' dir='ltr'>dediti</span> <span class='ocrx_word' id='word_1_230' title='bbox 919 3252 1407 3316; x_wconf 85' lang='lat' dir='ltr'>cernebantur.</span> <span class='ocrx_word' id='word_1_231' title='bbox 1456 3249 1612 3312; x_wconf 91' lang='lat' dir='ltr'>Non</span> <span class='ocrx_word' id='word_1_232' title='bbox 1643 3249 2057 3311; x_wconf 89' lang='lat' dir='ltr'>omittebant</span> <span class='ocrx_word' id='word_1_233' title='bbox 2098 3249 2324 3311; x_wconf 88' lang='lat' dir='ltr'>nostri</span> <span class='ocrx_word' id='word_1_234' title='bbox 2364 3249 2746 3311; x_wconf 89' lang='lat' dir='ltr'>conciones</span> <span class='ocrx_word' id='word_1_235' title='bbox 2785 3250 3131 3327; x_wconf 87' lang='lat' dir='ltr'>germani-</span> 
     </span>
     <span class='ocr_line' id='line_1_28' title="bbox 642 3355 3133 3436; baseline 0 -17"><span class='ocrx_word' id='word_1_236' title='bbox 642 3375 798 3420; x_wconf 42' lang='lat' dir='ltr'>fcas</span> <span class='ocrx_word' id='word_1_237' title='bbox 830 3375 960 3419; x_wconf 92' lang='lat' dir='ltr'>nec</span> <span class='ocrx_word' id='word_1_238' title='bbox 993 3357 1299 3435; x_wconf 81' lang='lat' dir='ltr'>italicaS,</span> <span class='ocrx_word' id='word_1_239' title='bbox 1334 3355 1548 3419; x_wconf 89' lang='lat' dir='ltr'>immo</span> <span class='ocrx_word' id='word_1_240' title='bbox 1577 3355 1710 3417; x_wconf 91' lang='lat' dir='ltr'>hae</span> <span class='ocrx_word' id='word_1_241' title='bbox 1752 3355 2267 3434; x_wconf 87' lang='lat' dir='ltr'>frequentiores</span> <span class='ocrx_word' id='word_1_242' title='bbox 2305 3365 2510 3418; x_wconf 91' lang='lat' dir='ltr'>erant</span> <span class='ocrx_word' id='word_1_243' title='bbox 2553 3373 2764 3435; x_wconf 91' lang='lat' dir='ltr'>quam</span> <span class='ocrx_word' id='word_1_244' title='bbox 2803 3357 3034 3436; x_wconf 87' lang='lat' dir='ltr'>prius;</span> <span class='ocrx_word' id='word_1_245' title='bbox 3066 3367 3133 3419; x_wconf 91' lang='lat' dir='ltr'>et</span> 
     </span>
     <span class='ocr_line' id='line_1_29' title="bbox 675 3461 3131 3542; baseline -0.001 -15"><span class='ocrx_word' id='word_1_246' title='bbox 675 3464 1213 3532; x_wconf 85' lang='lat' dir='ltr'>admirabantur</span> <span class='ocrx_word' id='word_1_247' title='bbox 1241 3463 1566 3542; x_wconf 87' lang='lat' dir='ltr'>germani</span> <span class='ocrx_word' id='word_1_248' title='bbox 1596 3462 1672 3525; x_wconf 88' lang='lat' dir='ltr'>P.</span> <span class='ocrx_word' id='word_1_249' title='bbox 1707 3461 1974 3525; x_wconf 88' lang='lat' dir='ltr'>Canisii</span> <span class='ocrx_word' id='word_1_250' title='bbox 2013 3463 2327 3525; x_wconf 90' lang='lat' dir='ltr'>animum</span> <span class='ocrx_word' id='word_1_251' title='bbox 2371 3479 2543 3541; x_wconf 90' lang='lat' dir='ltr'>erga</span> <span class='ocrx_word' id='word_1_252' title='bbox 2584 3464 2983 3527; x_wconf 89' lang='lat' dir='ltr'>animarum</span> <span class='ocrx_word' id='word_1_253' title='bbox 3026 3482 3131 3527; x_wconf 90' lang='lat' dir='ltr'>sa-</span> 
     </span>
     <span class='ocr_line' id='line_1_30' title="bbox 673 3567 3133 3648; baseline 0 -15"><span class='ocrx_word' id='word_1_254' title='bbox 673 3573 893 3634; x_wconf 86' lang='lat' dir='ltr'>lutem</span> <span class='ocrx_word' id='word_1_255' title='bbox 921 3569 1098 3634; x_wconf 90' lang='lat' dir='ltr'>adeo</span> <span class='ocrx_word' id='word_1_256' title='bbox 1134 3569 1549 3634; x_wconf 88' lang='lat' dir='ltr'>ferventem.</span> <span class='ocrx_word' id='word_1_257' title='bbox 1597 3568 1911 3648; x_wconf 86' lang='lat' dir='ltr'>Rogavit</span> <span class='ocrx_word' id='word_1_258' title='bbox 1955 3579 2193 3631; x_wconf 90' lang='lat' dir='ltr'>autem</span> <span class='ocrx_word' id='word_1_259' title='bbox 2235 3586 2394 3631; x_wconf 90' lang='lat' dir='ltr'>eum</span> <span class='ocrx_word' id='word_1_260' title='bbox 2437 3567 2739 3633; x_wconf 88' lang='lat' dir='ltr'>Senatus</span> <span class='ocrx_word' id='word_1_261' title='bbox 2782 3570 3133 3634; x_wconf 90' lang='lat' dir='ltr'>Viennen-</span> 
     </span>
     <span class='ocr_line' id='line_1_31' title="bbox 675 3674 3137 3758; baseline 0 -18"><span class='ocrx_word' id='word_1_262' title='bbox 675 3679 773 3741; x_wconf 87' lang='lat' dir='ltr'>sis</span> <span class='ocrx_word' id='word_1_263' title='bbox 821 3696 946 3758; x_wconf 90' lang='lat' dir='ltr'>per</span> <span class='ocrx_word' id='word_1_264' title='bbox 997 3679 1359 3740; x_wconf 90' lang='lat' dir='ltr'>consulem</span> <span class='ocrx_word' id='word_1_265' title='bbox 1408 3693 1613 3739; x_wconf 90' lang='lat' dir='ltr'>suum</span> <span class='ocrx_word' id='word_1_266' title='bbox 1655 3687 1730 3739; x_wconf 91' lang='lat' dir='ltr'>ut</span> <span class='ocrx_word' id='word_1_267' title='bbox 1776 3675 1847 3738; x_wconf 89' lang='lat' dir='ltr'>in</span> <span class='ocrx_word' id='word_1_268' title='bbox 1889 3677 2151 3755; x_wconf 90' lang='lat' dir='ltr'>templo</span> <span class='ocrx_word' id='word_1_269' title='bbox 2203 3674 2292 3738; x_wconf 92' lang='lat' dir='ltr'>D.</span> <span class='ocrx_word' id='word_1_270' title='bbox 2336 3674 2698 3755; x_wconf 87' lang='lat' dir='ltr'>Stephani,</span> <span class='ocrx_word' id='word_1_271' title='bbox 2747 3678 2934 3756; x_wconf 93' lang='lat' dir='ltr'>quod</span> <span class='ocrx_word' id='word_1_272' title='bbox 2975 3686 3137 3757; x_wconf 91' lang='lat' dir='ltr'>post</span> 
     </span>
     <span class='ocr_line' id='line_1_32' title="bbox 675 3783 3138 3863; baseline -0.001 -15"><span class='ocrx_word' id='word_1_273' title='bbox 675 3786 1083 3848; x_wconf 86' lang='lat' dir='ltr'>cathedrale</span> <span class='ocrx_word' id='word_1_274' title='bbox 1113 3783 1760 3848; x_wconf 89' lang='lat' dir='ltr'>commodissimum</span> <span class='ocrx_word' id='word_1_275' title='bbox 1788 3793 1965 3860; x_wconf 92' lang='lat' dir='ltr'>erat,</span> <span class='ocrx_word' id='word_1_276' title='bbox 1993 3783 2324 3861; x_wconf 91' lang='lat' dir='ltr'>deinceps</span> <span class='ocrx_word' id='word_1_277' title='bbox 2349 3784 2918 3862; x_wconf 87' lang='lat' dir='ltr'>concionaretur,</span> <span class='ocrx_word' id='word_1_278' title='bbox 2949 3783 3138 3863; x_wconf 90' lang='lat' dir='ltr'>quod</span> 
     </span>
     <span class='ocr_line' id='line_1_33' title="bbox 676 3889 3132 3972; baseline -0 -18"><span class='ocrx_word' id='word_1_279' title='bbox 676 3902 746 3954; x_wconf 92' lang='lat' dir='ltr'>et</span> <span class='ocrx_word' id='word_1_280' title='bbox 800 3892 1173 3972; x_wconf 89' lang='lat' dir='ltr'>praestitit.</span> <span class='ocrx_word' id='word_1_281' title='bbox 1231 3891 1562 3963; x_wconf 56' lang='lat' dir='ltr'>,Alterum</span> <span class='ocrx_word' id='word_1_282' title='bbox 1627 3891 1842 3953; x_wconf 86' lang='lat' dir='ltr'>etiam</span> <span class='ocrx_word' id='word_1_283' title='bbox 1889 3890 2498 3967; x_wconf 89' lang='lat' dir='ltr'>concionatorem,</span> <span class='ocrx_word' id='word_1_284' title='bbox 2569 3889 2646 3951; x_wconf 91' lang='grc' dir='ltr'>Ρ.</span> <span class='ocrx_word' id='word_1_285' title='bbox 2708 3889 3132 3969; x_wconf 90' lang='lat' dir='ltr'>Victoriam,</span> 
     </span>
     <span class='ocr_line' id='line_1_34' title="bbox 676 3996 3141 4078; baseline 0 -17"><span class='ocrx_word' id='word_1_286' title='bbox 676 4009 1059 4078; x_wconf 90' lang='lat' dir='ltr'>antequam</span> <span class='ocrx_word' id='word_1_287' title='bbox 1087 3998 1542 4078; x_wconf 89' lang='lat' dir='ltr'>fugarentur,</span> <span class='ocrx_word' id='word_1_288' title='bbox 1578 3997 1894 4060; x_wconf 91' lang='lat' dir='ltr'>Nuncius</span> <span class='ocrx_word' id='word_1_289' title='bbox 1923 3996 2353 4076; x_wconf 90' lang='lat' dir='ltr'>apostolicus</span> <span class='ocrx_word' id='word_1_290' title='bbox 2384 4007 2451 4060; x_wconf 89' lang='lat' dir='ltr'>et</span> <span class='ocrx_word' id='word_1_291' title='bbox 2480 3997 2793 4075; x_wconf 89' lang='lat' dir='ltr'>Legatus</span> <span class='ocrx_word' id='word_1_292' title='bbox 2824 3997 3141 4061; x_wconf 89' lang='lat' dir='ltr'>Venetus</span> 
     </span>
     <span class='ocr_line' id='line_1_35' title="bbox 681 4102 1920 4170; baseline -0.002 -2"><span class='ocrx_word' id='word_1_293' title='bbox 681 4117 751 4170; x_wconf 92' lang='lat' dir='ltr'>et</span> <span class='ocrx_word' id='word_1_294' title='bbox 783 4106 979 4168; x_wconf 87' lang='lat' dir='ltr'>multi</span> <span class='ocrx_word' id='word_1_295' title='bbox 1010 4106 1128 4168; x_wconf 88' lang='lat' dir='ltr'>alii</span> <span class='ocrx_word' id='word_1_296' title='bbox 1155 4105 1428 4168; x_wconf 89' lang='lat' dir='ltr'>nobiles</span> <span class='ocrx_word' id='word_1_297' title='bbox 1463 4105 1846 4167; x_wconf 91' lang='lat' dir='ltr'>audiebant</span> <span class='ocrx_word' id='word_1_298' title='bbox 1881 4102 1920 4166; x_wconf 92' lang='lat'>¹.</span> 
     </span>
    </p>

    <p class='ocr_par' dir='ltr' id='par_1_4' title="bbox 798 4209 3143 4293">
     <span class='ocr_line' id='line_1_36' title="bbox 798 4209 3143 4293; baseline -0 -16"><span class='ocrx_word' id='word_1_299' title='bbox 798 4213 940 4277; x_wconf 86' lang='grc'><strong>374.</strong></span> <span class='ocrx_word' id='word_1_300' title='bbox 1030 4212 1429 4293; x_wconf 89' lang='lat' dir='ltr'>Coeperant</span> <span class='ocrx_word' id='word_1_301' title='bbox 1495 4212 1710 4291; x_wconf 90' lang='lat' dir='ltr'>aliqui</span> <span class='ocrx_word' id='word_1_302' title='bbox 1775 4211 2072 4291; x_wconf 87' lang='lat' dir='ltr'>juvenes</span> <span class='ocrx_word' id='word_1_303' title='bbox 2141 4209 2434 4273; x_wconf 89' lang='lat' dir='ltr'>studiosi</span> <span class='ocrx_word' id='word_1_304' title='bbox 2502 4218 2662 4290; x_wconf 86' lang='lat' dir='ltr'>post</span> <span class='ocrx_word' id='word_1_305' title='bbox 2720 4209 2994 4275; x_wconf 87' lang='lat' dir='ltr'>Pascha</span> <span class='ocrx_word' id='word_1_306' title='bbox 3051 4212 3143 4276; x_wconf 90' lang='lat' dir='ltr'>ad</span> 
     </span>
    </p>
   </div>
   <div class='ocr_carea' id='block_1_3' title="bbox 690 4335 976 4346">
    <p class='ocr_par' dir='ltr' id='par_1_5' title="bbox 690 4335 976 4346">
     <span class='ocr_line' id='line_1_37' title="bbox 690 4335 976 4346; baseline 0 1068"><span class='ocrx_word' id='word_1_307' title='bbox 690 4335 976 4346; x_wconf 95' lang='lat' dir='ltr'> </span> 
     </span>
    </p>
   </div>
   <div class='ocr_carea' id='block_1_4' title="bbox 679 4378 3145 4579">
    <p class='ocr_par' dir='ltr' id='par_1_6' title="bbox 679 4378 3145 4579">
     <span class='ocr_line' id='line_1_38' title="bbox 765 4378 3145 4437; baseline 0 -13"><span class='ocrx_word' id='word_1_308' title='bbox 765 4382 781 4413; x_wconf 89' lang='lat'>¹</span> <span class='ocrx_word' id='word_1_309' title='bbox 839 4380 1029 4435; x_wconf 86' lang='lat' dir='ltr'>Ignatii</span> <span class='ocrx_word' id='word_1_310' title='bbox 1049 4387 1305 4436; x_wconf 79' lang='lat' dir='ltr'>patentes,</span> <span class='ocrx_word' id='word_1_311' title='bbox 1321 4392 1413 4425; x_wconf 87' lang='lat' dir='ltr'>seu</span> <span class='ocrx_word' id='word_1_312' title='bbox 1435 4381 1769 4425; x_wconf 80' lang='lat' dir='ltr'>obedientiae</span> <span class='ocrx_word' id='word_1_313' title='bbox 1788 4382 2016 4433; x_wconf 83' lang='lat' dir='ltr'>litterae,</span> <span class='ocrx_word' id='word_1_314' title='bbox 2035 4379 2217 4434; x_wconf 83' lang='lat' dir='ltr'>quibus</span> <span class='ocrx_word' id='word_1_315' title='bbox 2238 4379 2450 4423; x_wconf 89' lang='lat' dir='ltr'>Doctori</span> <span class='ocrx_word' id='word_1_316' title='bbox 2477 4378 2690 4422; x_wconf 82' lang='lat' dir='ltr'>Nicolao</span> <span class='ocrx_word' id='word_1_317' title='bbox 2716 4378 2967 4437; x_wconf 78' lang='lat' dir='ltr'>Launoyo</span> <span class='ocrx_word' id='word_1_318' title='bbox 2981 4379 3145 4436; x_wconf 77' lang='lat' dir='ltr'>injun-</span> 
     </span>
     <span class='ocr_line' id='line_1_39' title="bbox 682 4450 3143 4510; baseline 0 -14"><span class='ocrx_word' id='word_1_319' title='bbox 682 4454 759 4508; x_wconf 76' lang='lat' dir='ltr'>git</span> <span class='ocrx_word' id='word_1_320' title='bbox 791 4459 848 4497; x_wconf 83' lang='lat' dir='ltr'>ut</span> <span class='ocrx_word' id='word_1_321' title='bbox 884 4454 1131 4497; x_wconf 82' lang='lat' dir='ltr'>lectiones</span> <span class='ocrx_word' id='word_1_322' title='bbox 1162 4461 1214 4496; x_wconf 88' lang='lat' dir='ltr'>et</span> <span class='ocrx_word' id='word_1_323' title='bbox 1249 4453 1455 4498; x_wconf 83' lang='lat' dir='ltr'>scholas</span> <span class='ocrx_word' id='word_1_324' title='bbox 1491 4464 1551 4496; x_wconf 82' lang='lat' dir='ltr'>ac</span> <span class='ocrx_word' id='word_1_325' title='bbox 1588 4452 1881 4497; x_wconf 69' lang='lat' dir='ltr'>litterarius</span> <span class='ocrx_word' id='word_1_326' title='bbox 1911 4451 2310 4495; x_wconf 78' lang='lat' dir='ltr'>exercitationes</span> <span class='ocrx_word' id='word_1_327' title='bbox 2330 4450 2564 4492; x_wconf 77' lang='lat' dir='ltr'>Viennae</span> <span class='ocrx_word' id='word_1_328' title='bbox 2601 4450 2666 4493; x_wconf 81' lang='lat' dir='ltr'>ad</span> <span class='ocrx_word' id='word_1_329' title='bbox 2702 4452 2907 4496; x_wconf 89' lang='lat' dir='ltr'>modum</span> <span class='ocrx_word' id='word_1_330' title='bbox 2927 4451 3143 4510; x_wconf 64' lang='lat' dir='ltr'>Romani</span> 
     </span>
     <span class='ocr_line' id='line_1_40' title="bbox 679 4521 3142 4579; baseline 0.001 -13"><span class='ocrx_word' id='word_1_331' title='bbox 679 4521 900 4577; x_wconf 74' lang='lat' dir='ltr'>collegii</span> <span class='ocrx_word' id='word_1_332' title='bbox 921 4524 1261 4578; x_wconf 80' lang='lat' dir='ltr'>disponendas</span> <span class='ocrx_word' id='word_1_333' title='bbox 1281 4529 1444 4578; x_wconf 85' lang='lat' dir='ltr'>curet,</span> <span class='ocrx_word' id='word_1_334' title='bbox 1467 4524 1519 4567; x_wconf 88' lang='grc'>13</span> <span class='ocrx_word' id='word_1_335' title='bbox 1551 4523 1882 4578; x_wconf 83' lang='lat' dir='ltr'>Septembris.</span> <span class='ocrx_word' id='word_1_336' title='bbox 1917 4521 2073 4567; x_wconf 80' lang='lat' dir='ltr'>Missa</span> <span class='ocrx_word' id='word_1_337' title='bbox 2104 4533 2222 4566; x_wconf 89' lang='lat' dir='ltr'>cum</span> <span class='ocrx_word' id='word_1_338' title='bbox 2255 4522 2316 4564; x_wconf 89' lang='lat' dir='ltr'>iis</span> <span class='ocrx_word' id='word_1_339' title='bbox 2346 4522 2538 4565; x_wconf 86' lang='lat' dir='ltr'>litteris</span> <span class='ocrx_word' id='word_1_340' title='bbox 2568 4529 2649 4565; x_wconf 89' lang='lat' dir='ltr'>est</span> <span class='ocrx_word' id='word_1_341' title='bbox 2683 4525 2839 4577; x_wconf 77' lang='lat' dir='ltr'>longa</span> <span class='ocrx_word' id='word_1_342' title='bbox 2865 4524 3142 4579; x_wconf 73' lang='lat' dir='ltr'>descriptio</span> 
     </span>
    </p>
   </div>
   <div class='ocr_carea' id='block_1_5' title="bbox 657 4592 3142 4718">
    <p class='ocr_par' dir='ltr' id='par_1_7' title="bbox 657 4592 3142 4718">
     <span class='ocr_line' id='line_1_41' title="bbox 657 4592 3142 4650; baseline 0.002 -14"><span class='ocrx_word' id='word_1_343' title='bbox 657 4625 662 4626; x_wconf 16' lang='grc' dir='ltr'><em>κ</em></span> <span class='ocrx_word' id='word_1_344' title='bbox 683 4595 836 4648; x_wconf 88' lang='lat' dir='ltr'>modi,</span> <span class='ocrx_word' id='word_1_345' title='bbox 858 4596 942 4649; x_wconf 90' lang='lat' dir='ltr'>qui</span> <span class='ocrx_word' id='word_1_346' title='bbox 971 4596 1024 4638; x_wconf 88' lang='lat' dir='ltr'>in</span> <span class='ocrx_word' id='word_1_347' title='bbox 1045 4595 1274 4650; x_wconf 77' lang='lat' dir='ltr'>Collegio</span> <span class='ocrx_word' id='word_1_348' title='bbox 1295 4595 1527 4640; x_wconf 80' lang='lat' dir='ltr'>Romano</span> <span class='ocrx_word' id='word_1_349' title='bbox 1548 4597 1874 4639; x_wconf 78' lang='lat' dir='ltr'>servabatur.</span> <span class='ocrx_word' id='word_1_350' title='bbox 1896 4595 2167 4644; x_wconf 69' lang='lat' dir='ltr'>PolancuS,</span> <span class='ocrx_word' id='word_1_351' title='bbox 2191 4604 2258 4636; x_wconf 78' lang='lat' dir='ltr'>ex</span> <span class='ocrx_word' id='word_1_352' title='bbox 2277 4603 2425 4642; x_wconf 71' lang='lat' dir='ltr'>com„</span> <span class='ocrx_word' id='word_1_353' title='bbox 2446 4592 2611 4637; x_wconf 88' lang='lat' dir='ltr'>eidem</span> <span class='ocrx_word' id='word_1_354' title='bbox 2625 4627 2637 4647; x_wconf 94' lang='lat'>,</span> <span class='ocrx_word' id='word_1_355' title='bbox 2661 4596 2813 4648; x_wconf 68' lang='lat' dir='ltr'>plura</span> <span class='ocrx_word' id='word_1_356' title='bbox 2828 4595 2890 4638; x_wconf 86' lang='lat' dir='ltr'>de</span> <span class='ocrx_word' id='word_1_357' title='bbox 2907 4596 3142 4643; x_wconf 80' lang='lat' dir='ltr'>ordinan-</span> 
     </span>
     <span class='ocr_line' id='line_1_42' title="bbox 684 4663 2084 4718; baseline 0 -12"><span class='ocrx_word' id='word_1_358' title='bbox 684 4663 761 4706; x_wconf 88' lang='lat' dir='ltr'>dis</span> <span class='ocrx_word' id='word_1_359' title='bbox 782 4664 849 4707; x_wconf 84' lang='lat' dir='ltr'>ad</span> <span class='ocrx_word' id='word_1_360' title='bbox 865 4663 1056 4718; x_wconf 74' lang='lat' dir='ltr'>Ignatii</span> <span class='ocrx_word' id='word_1_361' title='bbox 1077 4675 1299 4709; x_wconf 86' lang='lat' dir='ltr'>mentem</span> <span class='ocrx_word' id='word_1_362' title='bbox 1322 4666 1530 4718; x_wconf 82' lang='lat' dir='ltr'>scholis,</span> <span class='ocrx_word' id='word_1_363' title='bbox 1552 4672 1669 4717; x_wconf 84' lang='lat' dir='ltr'>etc.,</span> <span class='ocrx_word' id='word_1_364' title='bbox 1690 4663 1743 4706; x_wconf 85' lang='lat'>29</span> <span class='ocrx_word' id='word_1_365' title='bbox 1763 4663 2084 4709; x_wconf 85' lang='lat' dir='ltr'>Novembris.</span> 
     </span>
    </p>
   </div>
  </div>
 </body>
</html>
