3679 5414
800 456 878 520 98
1715 458 1971 519 Canon.
2013 459 2166 517 Soc'·=.
2208 460 2350 530 JES.

801 606 875 668 P.
911 605 1231 683 Baptista
1270 604 1551 667 functus
1580 613 1708 666 est.
1744 602 1954 666 Pater
1994 612 2232 666 autern
2272 603 2600 667 Andreas
2639 604 2726 667 de
2769 604 3065 685 OviedO,
3109 624 3267 671 cum

797 713 911 775 die
938 712 1139 795 Jovis
1169 709 1413 774 Sancti
1442 710 1528 773 de
1558 710 1896 773 Mandato
1926 709 2215 772 Domini
2247 711 2321 772 in
2340 712 2600 791 templo
2626 720 2871 775 nostro
2896 714 3265 777 conciona-

798 827 1006 881 natus
1036 828 1253 895 esset,
1287 817 1607 896 sequenti
1630 825 1839 879 nocte
1864 816 1951 879 de
1979 816 2324 880 Passione
2352 816 2639 880 Domini
2663 820 3081 882 concionem
3106 838 3269 884 cum

797 926 1035 988 multis
1072 925 1412 1005 lacrymis
1453 924 1729 1001 habuit;
1774 923 1905 986 sub
1946 940 2206 986 aurora
2246 932 2483 987 autem
2533 925 2606 987 in
2647 925 2972 989 Ecclesia
3024 925 3264 991 Sancti

790 1032 1116 1114 Josephi,
1152 1032 1290 1094 alio
1324 1033 1632 1093 themate
1661 1031 2028 1110 proposito
2059 1048 2221 1093 cum
2252 1030 2393 1093 alio
2424 1032 2772 1108 discursu,
2807 1032 2894 1094 de
2923 1032 3263 1097 Passione

793 1138 1086 1201 Domini
1115 1147 1221 1201 est
1252 1138 1749 1212 concionatuS,
1780 1137 1900 1199 ubi
1929 1136 2261 1217 frequens
2296 1146 2442 1200 tam
2478 1148 2800 1201 veterum
2846 1138 3261 1204 christiano-

795 1263 953 1309 rum
978 1263 1191 1325 quam
1214 1262 1563 1307 novorum
1594 1243 1842 1306 habuit
1875 1243 2304 1306 auditorium
2334 1253 2403 1306 et
2429 1245 2772 1324 plurimas
2803 1247 3162 1325 lacrymas
3191 1249 3262 1311 in

794 1353 1146 1432 utrisque,
1202 1360 1277 1413 ut
1325 1369 1468 1414 non
1499 1367 1770 1430 'parum
1815 1349 2328 1413 aedificationis
2377 1350 2752 1431 neophyti,
2805 1352 2897 1414 ad
2937 1354 3260 1432 planctus

789 1460 1134 1522 commoti
1156 1469 1224 1520 et
1254 1458 1820 1520 misericordiam
1850 1456 2139 1520 Domini
2168 1466 2516 1537 petenteS,
2549 1467 3015 1537 praestarent.

911 1565 1052 1628 232.
1142 1565 1410 1629 Eodem
1449 1564 1562 1626 die
1593 1565 1897 1627 Veneris
1928 1562 2169 1627 Sancti
2209 1565 2338 1626 sub
2378 1580 2755 1643 vesperam
2799 1566 2870 1627 in
2906 1566 3064 1628 loco
3096 1583 3257 1645 quo·

792 1673 956 1735 dam
1009 1671 1333 1734 Gandiae
1364 1671 1603 1733 vicino
1644 1670 1857 1733 aliain
1908 1671 1995 1732 de
2032 1670 2407 1733 Dominica
2458 1670 2802 1734 Passione
2840 1672 3259 1736 concionem

791 1796 918 1859 per
958 1788 1101 1841 tres
1137 1778 1353 1841 horas
1384 1778 1661 1854 habuit,
1717 1794 1879 1840 cum
1923 1785 2163 1839 tamen
2211 1777 2560 1839 matutina
2607 1777 3041 1857 praedicatio
3072 1781 3258 1842 ultra

793 1885 972 1949 duas
1001 1893 1371 1966 protracta
1399 1884 1678 1961 fuisset,
1713 1894 1780 1946 et
1810 1901 1993 1963 quae
2023 1892 2231 1946 nocte
2263 1884 2507 1947 habita
2536 1894 2720 1964 erat,
2755 1886 2939 1947 ultra
2970 1894 3144 1962 tres3
3183 1887 3256 1949 in

789 1994 1036 2056 ultima
1067 2001 1303 2054 autem
1334 1991 1469 2053 hac
1500 1992 1842 2053 concione
1875 1991 2061 2053 illius
2089 1991 2257 2070 pagi
2288 2008 2548 2070 magna
2580 1991 2796 2054 etiam
2833 1991 2967 2054 fuit
2996 1993 3070 2054 in
3091 2011 3252 2056 neo-

785 2099 1028 2180 phytis
1050 2098 1432 2162 commotio
1456 2099 1857 2178 multaeque
1875 2081 2237 2176 lacrymae
2259 2107 2328 2160 et
2346 2098 2754 2176 admiratiO,
2784 2107 2858 2160 ut
2884 2100 3020 2179 ipsi
3053 2102 3256 2179 quasi

785 2207 1067 2269 attoniti
1098 2207 1184 2269 de
1213 2223 1289 2268 re
1321 2213 1467 2267 tam
1496 2205 2315 2286 nova-obstupescerent.
2350 2205 2427 2267 In
2455 2206 2685 2284 prima
2715 2207 3062 2269 concione
3088 2206 3255 2269 illud

787 2315 1025 2376 thema
1056 2313 1194 2375 sibi
1222 2312 1620 2392 proposuit:
1655 2310 1930 2372 luctum
1959 2309 2330 2388 unigenm'
2344 2312 2481 2389 sac
2511 2310 2642 2373 tibi
2656 2311 3034 2391 planctum
3062 2330 3255 2375 ama·

784 2437 971 2482 rum.
1004 2420 1146 2501 Jer.
1180 2417 1310 2495 6.⁰;
1346 2419 1418 2480 in
1449 2417 1762 2479 secunda
1793 2416 1994 2479 illud:
2030 2433 2252 2495 quare
2275 2417 2783 2496 fremuerunt,
2815 2427 2984 2496 etc.;
3021 2420 3092 2481 in
3121 2429 3252 2482 ter-

787 2526 922 2588 tia:
955 2525 1304 2604 quomodo
1337 2524 1530 2585 sedet
1563 2523 1715 2585 sola
1745 2523 2032 2602 civitas,
2068 2531 2228 2598 etc.,
2262 2532 2397 2587 ete.

900 2631 1041 2694 233.
1131 2631 1286 2694 Hoc
1310 2640 1626 2710 tempore
1650 2647 1811 2692 cum
1832 2630 2107 2692 litteras
2130 2631 2475 2710 quasdam
2499 2631 2767 2710 regiaS,
2804 2649 2980 2712 quas
3003 2649 3246 2694 execu-

782 2738 1082 2802 tort‘ales
1111 2747 1405 2818 vocant,
1442 2739 1514 2800 in
1536 2737 1859 2800 favorem
1878 2738 2379 2801 Universitatis
2404 2737 2725 2802 Gandiae
2747 2737 2917 2802 Dux
2938 2741 3248 2820 accepis·

783 2856 912 2925 set,
955 2845 1030 2908 P.
1081 2845 1410 2908 Andreas
1452 2846 1608 2907 illas
1646 2845 1857 2907 simul
1898 2861 2057 2906 cum
2097 2845 2349 2907 litteris
2390 2847 2799 2925 apostolicis
2842 2847 3250 2910 Valentiam

782 2954 968 3032 tulit,
1005 2971 1090 3015 ac
1122 2952 1221 3015 illi
1250 2952 1528 3014 civitati
1559 2951 1948 3030 intimavit,
1983 2962 2191 3031 prout
2230 2951 2322 3044 ad
2352 2952 2612 3015 bonam
2650 2953 3250 3018 existimationem

780 3058 1208 3123 Gandiensis
1237 3058 1743 3121 Universitatis
1771 3058 2200 3137 pertinebat,
2236 3066 2306 3119 et
2335 3058 2568 3121 omnia
2603 3068 2793 3121 recte
2825 3068 3004 3122 sunt·
3018 3070 3244 3124 trans-

778 3176 962 3229 acta.
1018 3167 1190 3229 Erat
1241 3174 1478 3227 autem
1517 3164 2106 3227 scholasticorum
2147 3182 2534 3227 concursus
2573 3183 2714 3228 non
2753 3167 3241 3246 poenitendus;

777 3283 847 3336 et
885 3273 1272 3335 secundum
1309 3271 1802 3351 philosophiae
1854 3289 2138 3333 cursum
2194 3272 2377 3333 inter
2427 3272 2607 3334 alios
2645 3272 2993 3336 Dominus
3031 3273 3245 3337 Alva-

777 3397 900 3443 rus
929 3380 1015 3442 de
1039 3380 1334 3458 Borgia,
1372 3379 1494 3457 qui
1522 3386 1775 3457 postea
1805 3377 2128 3440 Marchio
2159 3378 2244 3440 de
2277 3377 2709 3457 Alcagnices
2738 3379 2890 3458 fuit,
2933 3382 3246 3459 priorem

775 3486 1123 3548 Dominus
1180 3484 1495 3567 Joannes
1552 3485 1637 3547 de
1693 3483 1988 3562 Borgia,
2052 3484 2264 3546 etiam
2316 3484 2538 3547 Ducis
2593 3486 2777 3549 filius
2830 3487 3011 3549 inter
3067 3489 3245 3551 alios

775 3592 1136 3669 audiebat3
1185 3602 1252 3654 et
1296 3591 1715 3653 exercitatio
1761 3590 2320 3670 disputationum
2357 3610 2442 3654 ac
2480 3593 2942 3671 positionum,
2987 3602 3131 3656 tam
3169 3595 3241 3657 in

772 3699 1218 3779 philosophia
1250 3715 1463 3777 quam
1502 3698 1573 3759 in
1604 3697 1983 3775 theologia,
2019 3698 2250 3776 magis
2286 3698 2529 3761 vivida
2558 3699 2795 3762 studia
2824 3698 3160 3762 reddebat
3193 3698 3236 3766 ¹.

890 3804 1033 3867 234.
1121 3803 1420 3866 Cuidam
1471 3804 1622 3865 viro
1665 3803 1876 3881 gravi
1919 3803 2314 3891 spiritualia
2353 3806 2695 3868 exercitia
2736 3807 3031 3886 ipsemet
3070 3806 3237 3869 Dux

773 3910 1095 3974 Gandiae
1124 3910 1345 3988 dedit,
1380 3909 1499 3988 qui
1528 3908 1903 3972 Societatis
1927 3910 2322 3972 institutum
2347 3912 2547 3991 sequi
2568 3911 2906 3976 decrevit.
2935 3913 3095 3976 Duo
3119 3914 3238 3977 alii

770 4016 1193 4082 Scholastici
1221 4034 1345 4096 per
1377 4016 1635 4078 similia
1664 4016 2007 4077 exercitia
2038 4016 2224 4078 idem
2254 4017 2475 4080 animi
2511 4020 2953 4098 propositum
2990 4020 3234 4082 confir·

772 4132 1074 4186 marunt.
1110 4124 1298 4186 Inter
1328 4122 1504 4183 alios
1533 4121 1856 4184 Marchio
1897 4122 2047 4202 ipse
2086 4121 2173 4184 de
2217 4123 2540 4203 Lombay
2570 4134 2640 4187 et
2689 4125 3229 4202 Marchionissa,

770 4231 920 4311 ejus
948 4248 1151 4309 uxor,
1188 4229 1455 4292 eisdem
1484 4229 1844 4291 exercitiis
1884 4229 2373 4309 spiritualibus
2402 4250 2445 4293 a
2474 4231 2550 4295 P.
2595 4232 2918 4312 Baptista
2946 4233 3034 4295 de
3064 4234 3231 4296 Bar-

765 4355 880 4399 ma
911 4337 1173 4400 exculti
1215 4345 1408 4414 sunt,
1452 4344 1520 4398 et
1560 4352 1900 4415 magnum
1944 4337 2016 4398 in
2056 4337 2175 4399 via
2218 4337 2507 4400 Domini
2547 4356 3011 4418 progressum
3054 4340 3231 4403 fece-

839 4612 857 4643 ¹
915 4612 1148 4666 Ignatius
1164 4612 1402 4655 Andreae
1425 4612 1485 4654 de
1510 4588 1704 4655 Oviedo
1723 4645 1733 4664 ,
1758 4612 1818 4653 de
1843 4610 2309 4657 constitutionibus
2331 4614 2705 4658 Universitatis
2727 4614 3050 4669 Gandiensis,
3073 4616 3125 4659 15
3143 4616 3235 4669 Ja-

756 4685 945 4728 nuntii.
