3679 5414
1614 472 1744 531 An.
1791 473 1926 531 1551
2380 431 2390 439 ’
2902 470 3010 529 297

650 614 792 677 265.
878 614 1026 679 Vix
1053 617 1242 683 enim
1270 617 1477 680 facile
1507 625 1748 697 posset
1779 617 2080 698 exprimi
2119 626 2462 697 quantum
2502 618 2765 681 laboris
2807 618 2879 679 in
2920 635 3005 680 eo

528 722 904 802 privilegio
925 772 938 799 ,
969 741 1108 803 quo
1131 742 1274 787 non
1303 724 1585 804 quidem
1606 733 1683 787 ut
1700 725 2134 805 reciperetur
2168 723 2487 787 Societas
2511 725 2582 787 in
2604 733 2757 788 toto
2779 741 3003 804 regno

504 829 654 892 sed
683 838 959 892 tantum
987 829 1279 893 Parisiis
1308 831 1826 894 concedebatur
1851 880 1865 909 ,
1897 832 2108 895 fuerit
2138 832 2590 910 insumptum.
2619 830 3000 895 Difficulta-

526 946 671 999 tem
692 946 929 999 tamen
952 937 1161 1015 huJus
1178 938 1450 1017 negotii
1464 938 1748 1001 auxisse
1776 939 2082 1017 videtur,
2123 937 2400 1018 quodP.
2440 939 2780 1019 Violaeus
2798 988 2812 1017 ,
2841 957 3003 1002 cum

527 1052 773 1122 ageret
804 1044 890 1107 de
918 1044 1292 1124 privilegio
1324 1046 1738 1121 obtinendO,
1775 1046 2055 1109 litteras
2087 1046 2522 1125 apostolicas
2554 1064 2740 1109 anno
2778 1045 2931 1107 1549
2960 1064 3003 1108 a

525 1148 745 1213 Paulo
774 1150 967 1231 Papa
996 1151 1089 1214 III
1118 1169 1498 1215 concessas
1519 1153 1703 1215 inter
1725 1153 1905 1215 alias
1934 1145 2273 1229 exhibuit,
2310 1152 2498 1232 quod
2520 1152 3003 1215 necessarium

527 1258 814 1321 minime
863 1258 1127 1338 fuerat;
1190 1260 1304 1322 ille
1351 1277 1523 1323 vero
1577 1260 1916 1338 officialiS,
1965 1277 2182 1340 penes
2230 1277 2438 1340 quem
2481 1260 2661 1322 haec
2702 1259 3003 1322 facultas

525 1374 702 1444 erat,
729 1383 890 1429 cum
914 1366 1224 1445 sigillum
1248 1377 1632 1447 apponeret
1652 1368 1893 1447 regiae
1918 1367 2286 1430 concessio
2298 1368 2392 1443 ni,
2423 1366 2709 1429 easdem
2731 1366 3002 1429 litteras

524 1473 957 1552 apostolicas
985 1473 1058 1536 in
1087 1490 1522 1553 pergameno
1552 1474 1858 1554 scriptas
1887 1482 1957 1537 et
1986 1474 2319 1554 Episcopi
2365 1473 2731 1553 Campegii
2769 1473 3000 1552 sigillo

527 1580 962 1658 obsignataS,
993 1598 1154 1642 cum
1178 1581 1330 1661 ipso
1355 1580 1974 1662 privilegio‘Regis
1996 1579 2379 1660 conjunxit.
2410 1579 2613 1644 Unde
2640 1579 2900 1643 accidit
2925 1588 3000 1643 ut

519 1704 684 1749 cum
711 1684 1015 1749 Senatus
1036 1687 1448 1767 parisiensis
1470 1690 1922 1768 praedictum
1942 1689 2320 1769 privilegiu
2335 1705 2405 1750 m
2426 1690 2665 1767 legere
2689 1686 2997 1763 deberet,

455 1864 460 1869 0
518 1793 735 1856 etiam
762 1794 1136 1857 facultates
1167 1803 1235 1857 et
1265 1796 1750 1876 exemptiones
1770 1794 2109 1859 Societati
2133 1813 2171 1858 a
2208 1793 2388 1858 Sede
2417 1795 2810 1874 apostolica
2835 1812 2996 1857 con-

516 1918 760 1964 cessas
788 1903 1026 1981 legere
1054 1919 1345 1965 necesse
1369 1904 1681 1982 haberet;
1709 1912 1777 1966 et
1806 1921 1969 1966 cum
1990 1903 2439 1983 procuratori
2462 1902 2781 1981 generali
2800 1902 2995 1981 regis

518 2008 1092 2087 ostenderentur,
1130 2010 1374 2073 statim
1414 2010 1603 2089 quod
1641 2019 2101 2074 consecutum
2138 2018 2245 2072 est
2295 2007 2702 2088 significare
2741 2008 2993 2088 coepit.

515 2114 699 2177 Nam
727 2114 866 2178 duo
898 2116 1030 2178 sibi
1061 2114 1368 2180 difficilia
1400 2135 1778 2181 occurrere
1821 2117 2304 2198 significabat,
2353 2118 2654 2180 alterum
2697 2115 2886 2195 quod
2928 2116 3000 2178 in

517 2222 767 2285 litteris
788 2222 1005 2302 Regis
1030 2224 1393 2287 dicebatur
1418 2225 1590 2288 nihil
1617 2226 1690 2288 in
1714 2234 1958 2288 nostro
1983 2225 2304 2287 instituto
2337 2232 2590 2287 contra
2613 2231 2863 2285 sancta
2887 2223 2996 2285 de-

513 2336 712 2392 creta
758 2329 1092 2409 inveniri,
1135 2339 1204 2393 et
1243 2340 1484 2394 tamen
1521 2331 1593 2394 in
1631 2332 1741 2394 his
1780 2331 2034 2394 litteris
2074 2330 2473 2394 habebatur
2514 2329 2702 2409 quod
2751 2339 2997 2392 nostra

513 2432 837 2498 Societas
868 2436 956 2499 ab
986 2436 1499 2518 Episcoporum
1538 2438 1941 2501 obedientia
1987 2432 2446 2516 eximeretur,
2495 2444 2564 2499 et
2601 2435 2790 2515 quod
2814 2436 2996 2498 deci-

513 2559 669 2604 mas
699 2542 785 2605 de
813 2543 1016 2607 bonis
1045 2544 1232 2607 datis
1261 2545 1539 2607 solvere
1568 2563 1711 2608 non
1742 2554 2164 2608 teneremur.
2207 2544 2406 2606 Haec
2432 2528 2647 2623 igitur
2669 2551 2738 2605 et
2760 2541 2993 2622 hujus·

515 2650 707 2713 modi
734 2651 1131 2731 privilegia,
1169 2668 1347 2731 quae
1378 2648 1652 2715 ostendi
1683 2661 1853 2716 tunc
1883 2651 2167 2732 quidem
2204 2669 2349 2715 non
2389 2650 2729 2732 oportuit,
2774 2666 2989 2730 nego-

514 2758 689 2821 tium
716 2758 852 2821 hoc
882 2767 1028 2822 tam
1057 2757 1335 2822 difficile
1366 2759 1844 2839 reddiderunt,
1880 2769 1955 2822 ut
1989 2760 2228 2823 multis
2259 2759 2464 2822 annis
2486 2775 2852 2837 emergere
2872 2776 2990 2821 no-

511 2866 645 2928 stri
679 2884 721 2929 a
760 2867 1017 2929 talibus
1056 2865 1577 2929 difficultatibus
1617 2884 1762 2931 non
1802 2868 2177 2947 potuerint.
2242 2866 2416 2930 Illud
2455 2874 2694 2929 tamen
2743 2874 2994 2929 notatu

507 2972 803 3052 dignum
830 2973 981 3053 suit,
1018 2973 1205 3054 quod
1235 2991 1396 3036 cum
1426 2974 1898 3037 cancellarius
1932 2975 2135 3053 regni
2167 2972 2701 3054 quodammodo
2728 2973 2995 3036 invitus

508 3079 600 3142 ob
630 3080 1125 3143 auctoritatem
1147 3087 1360 3160 quam
1383 3079 1785 3144 Cardinalis
1807 3082 1946 3144 Lot
1961 3080 2309 3160 haringus
2332 3079 2519 3160 apud
2544 3079 2993 3143 Christianis-

504 3187 763 3249 simum
793 3203 1035 3266 regem
1064 3187 1370 3251 habebat
1404 3186 1445 3267 ¹,
1478 3188 1872 3268 postulavit
1892 3204 2247 3267 ,magnam
2269 3187 2616 3268 pecuniae
2640 3203 2992 3249 summam

505 3310 636 3373 pro
695 3293 953 3373 sigi110,
1007 3311 1223 3373 quam
1270 3294 1452 3357 forte
1481 3294 1932 3358 existimabat
1959 3340 1972 3369 ,
2028 3303 2395 3373 tamquam
2446 3310 2817 3373 paupereS‚
2850 3310 2994 3355 non

504 3416 714 3479 posse
753 3401 1061 3479 solvere;
1105 3401 1231 3463 sed
1268 3401 1527 3463 accidit
1564 3411 1639 3463 ut
1670 3401 1924 3464 eodem
1964 3409 2280 3480 tempore
2324 3401 2411 3462 ab
2458 3399 2686 3462 officio
2719 3401 2989 3462 cancel·

506 3506 664 3568 larii
692 3506 1185 3586 deponeretur,
1221 3515 1289 3570 et
1311 3508 1622 3586 sigillum
1644 3507 1742 3570 illi
1774 3507 2358 3586 committeretur,
2387 3507 2508 3585 qui
2536 3506 2986 3586 supplicatio·

506 3630 669 3676 nem
697 3611 1074 3677 Societatis
1101 3623 1568 3694 proposuerat
1607 3623 1676 3677 et
1717 3632 1849 3695 pro
1879 3631 1966 3676 ea
1996 3616 2273 3677 locutus
2311 3614 2577 3691 fuerat;
2612 3622 2681 3675 et
2709 3614 2811 3675 ita
2840 3615 2983 3676 exi-

507 3736 652 3799 gua
683 3720 985 3799 pecunia
1015 3720 1326 3800 sigillum
1356 3721 1488 3783 fuit
1520 3721 1927 3801 appositum
1951 3719 1997 3780 ¹.

624 3826 767 3890 266.
855 3823 1033 3890 Cum
1088 3827 1525 3890 Parisienses
1581 3844 1658 3890 se
1715 3836 2135 3908 paupertate
2193 3828 2519 3890 laborare
2570 3826 2647 3889 P.
2702 3826 2984 3905 Ignatio

503 3932 1058 4014 significassent,
1112 3934 1399 4013 scripsit
1447 3935 1562 3997 ille
1614 3943 1691 3997 ut
1735 3935 2012 4015 publice
2057 3935 2549 4014 eleemosynas
2592 3933 2985 3997 emendica-

503 4050 691 4120 rent3
724 4040 848 4104 sed
879 4059 1042 4104 cum
1069 4041 1139 4104 id
1170 4043 1510 4122 temporis
1540 4042 1772 4105 edicto
1803 4042 2087 4122 publico
2119 4051 2493 4105 caveretur
2536 4058 2626 4104 ne
2669 4042 2827 4121 quis
2863 4058 2985 4121 pu·

500 4147 679 4211 blice
723 4150 1249 4228 eleemosynam
1297 4158 1564 4230 peteret
1614 4149 1747 4212 sub
1799 4148 2111 4212 carceris
2140 4164 2412 4229 poena,
2450 4147 2637 4211 unde
2677 4147 2988 4228 quotidie

585 4426 602 4457 ¹
658 4424 1036 4470 Desiderantur
1057 4426 1140 4469 hic
1161 4426 1336 4481 aliqua
1357 4429 1522 4471 verba
1541 4434 1600 4471 ut
1619 4438 1800 4471 sensus
1821 4427 1891 4470 sit
1908 4427 2227 4480 perspicuus.

584 4497 606 4529 ³
662 4497 745 4540 Ad
765 4497 863 4540 hoc
882 4497 1148 4551 negotium
1167 4497 1229 4540 de
1249 4499 1527 4552 privilegio
1548 4498 1706 4553 Regis
1726 4504 1777 4541 et
1800 4497 2110 4542 parisiensis
2126 4497 2349 4541 Senatus
2367 4497 2420 4541 in
2440 4497 2675 4541 savorem
2698 4495 2985 4540 Societatis

501 4568 777 4612 obtinendo
797 4568 966 4622 magis
987 4569 1298 4622 urgendum.
1322 4570 1513 4613 missae
1536 4569 1701 4614 Roma
1720 4569 1865 4613 fuere
1887 4570 1938 4613 21
1971 4569 2091 4622 Julil
2127 4568 2486 4613 authenticum
2505 4569 2557 4612 in
2577 4567 2768 4612 charta
2788 4573 2985 4622 pecora

499 4641 788 4694 exemplum
808 4640 1232 4694 Apostoucarum
1247 4641 1549 4687 litterarum
1571 4641 1692 4694 Julii
1725 4641 1822 4693 111.
1859 4647 1911 4684 et
1947 4642 2085 4701 aliae
2118 4646 2359 4695 patentes
2392 4641 2603 4684 litterae
2639 4651 2732 4695 pro
2763 4639 2988 4684 Doctore

507 4710 705 4754 Picart.
