3679 5414
1550 481 1676 540 Ax.
1723 482 1864 541 1550
2870 485 2886 539 1
2906 485 2926 540 1

470 626 794 704 locande,
830 643 1127 706 quarum
1157 628 1455 689 alteram
1483 627 1958 707 primogenito
1987 628 2381 692 Marchioni
2411 630 2719 710 Deniae,
2754 633 2933 694 scili—

473 740 607 811 cet,
635 731 894 796 Comiti
916 732 1003 795 de
1025 733 1305 813 Lerma,
1334 735 1631 797 alteram
1655 733 2053 798 Marchioni
2076 735 2163 798 de
2186 735 2617 816 Alcagnices
2638 756 2934 801 uxorem

474 838 786 915 dederat,
823 839 948 902 sed
977 840 1191 903 etiam
1220 839 1362 903 filio
1394 858 1521 904 suo
1552 841 2053 921 primogenitO,
2099 843 2218 923 qui
2258 842 2576 907 Marchio
2615 845 2934 925 Lombay

475 946 862 1026 dicebatur,
898 964 1195 1009 uxorem
1223 946 1553 1026 dedisset,
1588 956 1657 1010 et
1687 948 1759 1011 in
1791 948 2349 1013 administrando
2381 950 2641 1015 ducatu
2673 952 2937 1015 exerci-

475 1062 735 1132 tatum,
758 1071 841 1117 ac
875 1071 1137 1134 magno
1169 1054 1517 1118 desiderio
1549 1054 1702 1118 Deo
1732 1057 2088 1119 serviendi
2113 1075 2493 1121 accensum
2515 1059 2938 1139 reliquisset,

478 1161 607 1224 sub
637 1161 945 1241 Augusti
974 1160 1213 1241 finem,
1247 1179 1409 1224 cum
1439 1161 1672 1225 adhuc
1710 1173 2162 1243 superessent
2208 1181 2484 1227 menses
2522 1174 2681 1228 octo
2720 1184 2942 1247 usque

479 1267 571 1330 ad
600 1277 877 1349 tempus
906 1269 1362 1348 relinquendo
1393 1269 1679 1333 ducatui
1701 1270 2178 1351 praefinitum,
2205 1272 2338 1334 iter
2358 1272 2658 1336 Romam
2690 1290 2941 1336 versus

483 1392 645 1437 cum
659 1376 769 1438 his
781 1376 1105 1439 omnibus
1121 1376 1405 1456 nostris,
1431 1394 1731 1457 quorum
1754 1377 2182 1442 mentionem
2202 1379 2360 1457 feci,
2386 1378 2774 1460 inchoavit;
2798 1397 2941 1442 non

484 1491 722 1546 tamen
754 1484 853 1561 (ut
882 1482 1167 1563 quidem
1194 1484 1266 1546 in
1293 1482 1483 1546 votis
1512 1483 1768 1562 suerat)
1798 1492 1875 1546 ut
1906 1483 2168 1548 Christi
2198 1503 2506 1566 pauper,
2550 1486 2676 1549 sed
2715 1486 2944 1549 adhuc

482 1590 990 1654 dissimulando
1013 1590 1230 1653 animi
1250 1591 1360 1654 sui
1380 1591 1839 1671 propositum,
1870 1592 2083 1654 immo
2099 1601 2166 1655 et
2178 1593 2719 1673 professionem,
2745 1593 2947 1674 quasi

486 1698 578 1761 ad
592 1698 878 1779 jubilaei
901 1698 1208 1776 gratiam
1230 1696 1705 1777 obtinendam,
1732 1686 1896 1761 cuin
1917 1699 2172 1778 viginti
2194 1700 2497 1781 quinque
2521 1701 2634 1763 vel
2656 1700 2947 1780 triginta

484 1806 960 1887 equitantibus
986 1805 1220 1868 itineri
1250 1822 1325 1867 se
1347 1805 1560 1883 dedit;
1584 1822 1710 1884 per
1733 1822 2248 1886 quamcumque
2272 1816 2506 1869 autem
2536 1806 2944 1886 Hispaniae,

488 1912 792 1991 Galliae,
826 1921 895 1975 et
916 1912 1158 1975 Italiae
1180 1920 1456 1993 partem
1477 1913 1832 1991 transivit,
1859 1911 2116 1992 ubique
2140 1913 2479 1993 optimum
2503 1931 2790 1976 suarum
2812 1914 2947 1975 vir·

486 2028 713 2082 tutum
734 2019 1026 2082 odorem
1047 2028 1116 2082 et
1137 2019 1420 2099 pietatis
1443 2018 2003 2082 aedificationem
2022 2019 2322 2099 reliquit.
2352 2018 2694 2098 Quamvis
2716 2028 2952 2082 autem

490 2126 641 2207 ipse
679 2144 770 2190 ex
808 2126 1054 2190 intimo
1094 2144 1179 2189 ac
1219 2125 1444 2188 solido
1486 2126 1901 2207 abjectionis
1940 2126 2289 2190 desiderio
2329 2144 2609 2189 omnem
2658 2127 2950 2189 honoris

487 2233 798 2314 speciem
827 2233 1181 2297 declinare
1210 2234 1444 2311 vellet,
1466 2234 1823 2314 principes
1845 2243 2083 2297 tamen
2113 2242 2183 2296 et
2206 2242 2598 2313 magnates,
2633 2251 2756 2313 per
2787 2250 2951 2313 quo-

490 2357 648 2403 rum
675 2340 977 2403 ditiones
1004 2340 1373 2419 transibat,
1408 2324 1692 2404 obviam
1721 2341 1821 2403 illi
1849 2340 2277 2421 prodeuntes
2318 2340 2698 2420 hospitium
2728 2340 2791 2403 ei
2835 2341 2951 2402 ho.-

490 2446 859 2511 norificum
890 2447 1318 2510 exhibebant
1352 2445 1392 2510 ¹.

619 2555 711 2617 17.
802 2553 981 2618 Cum
1007 2553 1307 2617 Romam
1327 2555 1790 2634 pervenisset,
1824 2555 2104 2634 legatus
2132 2556 2587 2637 Imperatoris
2609 2554 2847 2619 Caroli
2869 2572 2953 2616 ac

490 2662 820 2726 dominus
848 2661 1218 2726 Fabricius
1247 2660 1595 2743 Colonna,
1633 2680 1794 2726 cum
1832 2662 2276 2727 diversorum
2315 2663 2797 2728 cardinalium
2834 2662 2953 2725 do·

425 2787 435 2798 ·
494 2771 828 2849 mesticiS,
861 2770 1379 2834 confertissimo
1408 2770 1723 2851 equitatu
1753 2780 1957 2834 extra
1988 2771 2231 2834 urbem
2261 2772 2454 2834 illum
2493 2777 2946 2850 exceperunt,

492 2887 563 2941 et
591 2878 879 2941 domum
906 2894 1127 2957 usque
1155 2887 1474 2941 nostram
1502 2877 1968 2956 deduxerunt;
1994 2879 2321 2958 quamvis
2344 2878 2530 2941 enim
2553 2877 2951 2958 aliquorum

494 2984 978 3049 Cardinalium
1004 2983 1385 3063 hospitium
1412 2993 1867 3065 peramanter
1896 2985 1960 3048 ei
1991 2983 2368 3048 offerretur
2385 3035 2399 3064 ,
2433 2985 2679 3047 maluit
2718 2992 2957 3046 tamen

494 3092 684 3155 domi
714 3100 1001 3154 nostrae
1030 3091 1366 3171 exiguum
1397 3093 1735 3172 angulum
1774 3109 1987 3172 quam
2027 3093 2193 3155 alibi
2228 3093 2495 3173 palatia
2536 3090 2955 3155 commodis-

494 3199 675 3262 sima
723 3198 1069 3261 habitare.
1103 3197 1431 3262 Summus
1459 3198 1786 3262 Pontifex
1823 3199 2330 3262 humanissime
2369 3216 2529 3262 eum
2568 3197 2846 3278 excepit
2890 3205 2958 3259 et

496 3305 913 3370 Cardinales
942 3322 1187 3368 omnes
1217 3323 1302 3369 ac
1332 3304 1640 3368 Praelati
1669 3323 1952 3369 omnem
1991 3306 2054 3368 ei
2091 3305 2604 3369 humanitatem
2642 3304 2958 3368 ostende-

495 3414 687 3491 bant;
719 3430 852 3475 nec
880 3412 1089 3493 pauci
1118 3430 1209 3475 ex
1237 3411 1342 3475 eis
1377 3412 1654 3475 visendi
1695 3430 1915 3476 causa
1953 3412 2240 3476 domum
2277 3412 2746 3490 accedebant,
2789 3410 2959 3473 nihil

499 3520 730 3583 adhuc
780 3519 868 3582 de
906 3518 1057 3599 ejus
1094 3518 1533 3600 professione
1573 3528 2014 3600 compertum
2052 3519 2426 3599 habentes,
2469 3519 2632 3581 licet
2674 3519 2761 3580 ob
2799 3517 2960 3580 insi·

499 3645 713 3707 gnem
734 3644 897 3689 cum
919 3626 991 3689 in
1014 3626 1172 3689 aliis
1194 3626 1571 3689 virtutibus
1594 3634 1743 3689 tum
1766 3627 1838 3689 in
1854 3626 2247 3690 humilitate
2270 3625 2736 3706 splendorem,
2754 3641 2962 3706 quem

500 3735 734 3797 celare
763 3751 907 3796 non
935 3741 1244 3813 poterat,
1292 3733 1835 3813 suspicabantur
1873 3732 2024 3796 fore
2061 3743 2138 3796 ut
2180 3741 2468 3796 nostrae
2513 3731 2849 3795 Societati
2888 3750 2963 3794 se

502 3839 880 3921 aliquando
912 3837 1347 3920 adjungeret.

587 4080 604 4113 ¹
662 4076 899 4132 Ignatius
920 4078 1049 4122 Duci
1071 4077 1304 4122 Gandiae
1322 4111 1333 4132 ,
1356 4078 1735 4122 consolatoriae
1757 4084 1808 4122 et
1830 4077 2088 4122 officiosae
2111 4078 2346 4132 litterae,
2370 4078 2423 4120 15
2440 4076 2878 4130 Jan.—Polancus,
2902 4087 2969 4119 ex

502 4151 896 4202 commissione,
916 4150 1079 4193 eidem
1100 4150 1281 4193 eadem
1300 4150 1381 4193 die
1397 4183 1408 4204 ,
1430 4150 1491 4193 de
1514 4150 1663 4193 modo
1691 4148 1988 4193 conficiendi
2012 4149 2112 4193 iter
2134 4148 2350 4193 Romam
2370 4160 2551 4192 versus
2573 4153 2625 4192 et
2644 4149 2706 4191 de
2727 4148 2789 4191 iis
2803 4181 2815 4201 ,
2837 4159 2968 4203 quae

503 4221 729 4275 Patavii,
759 4220 1011 4274 Venetiis,
1047 4220 1325 4275 Bononiae,
1358 4221 1638 4264 Ferrarlae
1672 4227 1724 4264 et
1759 4219 2076 4274 Florentiae,
2107 4220 2227 4263 dum
2257 4220 2447 4263 transit
2471 4225 2770 4274 ,praestare
2800 4220 2953 4263 debet

502 4292 644 4336 Idem
663 4303 731 4336 ex
752 4293 1144 4345 commissione,
1164 4291 1310 4335 Patri
1330 4293 1572 4336 Andreae
1589 4293 1651 4335 de
1672 4289 1882 4346 Oviedo,
1904 4292 1965 4336 de
1987 4292 2048 4335 iis
2068 4302 2199 4346 quae
2216 4291 2435 4335 Parmae
2461 4298 2514 4335 et
2536 4290 2771 4345 Genuae,
2793 4291 2972 4334 sicum

503 4364 646 4407 Duce
669 4362 900 4407 Gandiae
921 4363 1136 4407 Romam
1155 4364 1368 4406 veniens
1388 4364 1510 4407 illac
1531 4368 1784 4417 transeat,
1805 4363 1976 4412 cunti
1998 4368 2220 4417 oportet,
2249 4373 2421 4406 mense
2451 4362 2600 4416 Julio.
2630 4362 2772 4405 Idem
2805 4360 2971 4406 eidem

504 4435 776 4490 injungens
793 4441 850 4479 ut
869 4446 933 4478 ex
953 4434 1169 4488 singulis
1188 4435 1316 4478 locis
1336 4435 1387 4478 in
1402 4435 1601 4489 quibus,
1619 4434 1740 4478 dum
1755 4433 1972 4477 Romam
2008 4439 2248 4488 pergunt,
2280 4434 2655 4489 aliquantisper
2671 4435 2970 4487 subsistent,

505 4507 724 4550 Romam
757 4506 962 4550 litteras
994 4506 1203 4550 mittere
1236 4510 1466 4560 satagat,
1500 4505 1556 4548 a)
1585 4505 1722 4559 Julii.
1754 4505 1897 4549 Idem
1929 4505 2075 4549 Patri
2105 4504 2422 4561 Hieronymo
2452 4505 2628 4549 Natali
2659 4505 2720 4549 de
2741 4506 2972 4550 adventu

503 4578 662 4622 Ducis
682 4577 913 4622 Gandiae
934 4577 1167 4631 Romam,
1189 4588 1363 4621 mense
1383 4576 1429 4620 N
1432 4576 1906 4632 ovembri.—Hujus
1922 4579 2240 4628 communis,
2255 4589 2345 4621 seu
2361 4577 2667 4630 circularis,
2695 4589 2787 4622 seu
2816 4588 2945 4632 ειη-,ν
2960 4599 2977 4609 -

498 4651 674 4694 dicae
703 4650 953 4704 epistolae
976 4655 1294 4704 trassumpta
1313 4649 1365 4692 in
1385 4649 1654 4693 universas
1676 4647 1956 4692 societatis
1985 4649 2162 4693 domos
2193 4649 2349 4694 missa
2369 4649 2709 4693 suns—Ducis
2739 4649 2975 4693 Gandiae

500 4729 558 4765 et
577 4721 751 4766 Patris
771 4721 984 4766 Antonii
1005 4722 1180 4765 Araoz
1202 4711 1411 4765 li‘tterae
1427 4720 1493 4764 ad
1514 4719 1789 4775 Ignatinm.
