3679 5414
670 473 774 533 182
1584 474 1839 534 Cimon.
1880 472 2034 533 Soc.
2078 473 2215 546 Jsss.

669 631 848 698 sent,
875 621 947 684 in
970 620 1504 699 aegretudinem
1524 619 1844 683 incidens
1868 619 2202 683 Albertus
2219 620 2292 682 in
2313 619 2642 699 hospitali
2665 619 2851 681 diem
2872 619 3130 681 clausit

666 736 1083 790 extremum.
1138 726 1452 790 Dederat
1491 726 1606 790 hic
1643 727 1897 790 litteris
1934 743 2225 808 operam
2261 725 2585 789 Gandiae
2624 735 2696 788 et
2734 727 2999 806 pietate
3039 743 3128 789 ac

667 834 1058 898 eruditione
1071 851 1214 896 non
1238 834 1520 913 vulgari
1536 833 1900 914 praeditus
1914 843 2092 912 erat;
2116 834 2240 896 sed
2255 832 2614 896 laboribus
2631 833 2924 910 itineris,
2949 850 3134 913 quos

670 941 979 1020 augebat
1007 951 1411 1021 paupertas,
1446 958 1610 1003 cum
1639 940 1901 1020 alioqui
1930 950 2117 1003 esset
2140 940 2718 1016 valetudinariuS,
2743 940 2945 1003 brevi
2968 957 3132 1002 con·

670 1059 1062 1112 summatus
1090 1049 1405 1128 explevit
1431 1059 1753 1128 tempora
1782 1049 2023 1111 multa.
2060 1047 2195 1110 Die
2234 1047 2584 1126 sequenti,
2626 1065 2789 1109 cum
2822 1057 2986 1127 post
3022 1065 3131 1120 sa:

672 1172 869 1218 crum
900 1156 1332 1218 celebratum
1362 1172 1405 1217 a
1434 1154 1511 1217 P.
1547 1155 1912 1218 Ludovico
1939 1154 2198 1217 fratres
2226 1153 2770 1217 Sanctissimum
2796 1154 3134 1217 Euchari-

669 1262 849 1325 stiae
870 1261 1409 1326 Sacramentum
1436 1262 1901 1343 accepissent,
1928 1262 2068 1325 duo
2089 1279 2179 1324 ex
2198 1260 2554 1339 fratribuS,
2580 1260 3132 1342 Christophorus

671 1369 957 1449 Laynez
988 1378 1056 1432 et
1087 1369 1337 1432 Petrus
1365 1368 1653 1450 Ayllon,
1686 1368 2068 1432 Dominum
2099 1366 2450 1431 Didacum
2479 1368 2566 1431 de
2604 1368 2949 1431 Mendoza
2991 1367 3131 1431 Gu-

672 1476 1123 1539 bernatorem
1152 1477 1477 1539 adierunt
1508 1494 1593 1540 ac
1632 1478 2054 1539 salutarunt.
2100 1476 2235 1555 Qui
2276 1493 2438 1538 cum
2474 1475 2932 1538 intellexisset
2972 1474 3130 1539 Col·

672 1583 935 1662 legium
966 1583 1216 1646 adesse
1253 1581 1491 1660 SeniS,
1527 1583 1715 1662 quod
1751 1581 2189 1644 Florentiam
2216 1581 2591 1661 pergebat,
2624 1583 2849 1645 voluit
2886 1598 3137 1645 omnes

678 1689 949 1769 videre,
984 1699 1053 1753 et
1090 1689 1354 1753 viatico
1393 1690 1607 1753 etiam
1643 1706 1767 1752 eos
1806 1689 2238 1766 sublevavit,
2282 1689 2470 1768 quod
2508 1706 2669 1751 eum
2708 1689 2930 1751 tribus
2968 1689 3127 1766 illis,

677 1813 974 1876 quorum
1003 1796 1217 1876 aliqui
1246 1798 1431 1859 male
1459 1796 1844 1875 habebant,
1892 1795 2316 1874 diviserunt,
2360 1812 2445 1858 ac
2483 1796 2589 1858 eis
2624 1796 3126 1872 valedicenteS,

676 1903 1106 1966 Florentiam
1153 1904 1398 1966 ultima
1437 1903 1550 1966 die
1587 1902 2017 1966 Novembris
2054 1911 2562 1983 pervenerunt,
2605 1913 2674 1965 et
2714 1902 2807 1965 ad
2843 1903 3129 1966 domum

675 2011 1001 2090 magistri
1028 2009 1324 2096 Joannis
1352 2010 1440 2073 de
1468 2010 1677 2073 Rosis
1706 2027 1954 2073 omnes
1975 2028 2052 2073 se
2082 2012 2550 2073 contulerunt.
2586 2010 2759 2073 Post
2779 2027 2995 2073 unum
3019 2011 3132 2071 vel

677 2120 977 2181 alterum
1013 2118 1202 2181 diem
1240 2117 1315 2181 P.
1372 2112 1721 2198 Elpidius,
1773 2119 1896 2197 qui
1943 2117 2256 2180 nondum
2304 2127 2700 2180 recesserat
2748 2116 3128 2193 Florentia,

678 2243 839 2288 cum
868 2225 1141 2288 duobus
1170 2243 1261 2288 ex
1290 2225 1420 2304 hiS,
1455 2225 1574 2304 qui
1601 2224 1830 2287 Roma
1858 2225 2055 2287 missi
2083 2234 2318 2302 erant,
2353 2224 2750 2287 Bononiam
2778 2223 3126 2286 discessit.

678 2331 873 2395 Missi
902 2340 1064 2395 sunt
1093 2332 1307 2395 etiam
1355 2330 1557 2394 Pisas
1586 2331 2141 2412 Christophorus
2175 2331 2464 2411 Laynez
2504 2348 2666 2394 cum
2708 2330 2918 2393 Petro
2963 2329 3134 2409 Ayl·

676 2440 816 2517 lon,
850 2431 1136 2518 reliquis
1158 2438 1346 2519 apud
1369 2438 1789 2517 magistrum
1805 2437 2154 2520 Joannem
2175 2438 2262 2501 de
2286 2436 2497 2501 Rosis
2518 2438 2986 2515 manentibuS,
3013 2437 3132 2516 qui

685 2562 1020 2624 magnam
1049 2545 1153 2607 eis
1182 2544 1599 2608 charitatem
1630 2545 2109 2625 impendebat,
2142 2562 2273 2608 nec
2304 2545 2465 2608 inde
2492 2544 2823 2609 recedere
2853 2544 3138 2624 permit-

678 2652 893 2731 tebat‚
927 2652 1253 2733 quamvis
1288 2651 1573 2715 domum
1605 2649 1754 2732 jam
1792 2652 2250 2716 conduxisset
2287 2651 2363 2716 P.
2407 2652 2753 2733 Elpidius,
2788 2651 2954 2732 quia
2990 2667 3133 2714 non

677 2760 1051 2822 constabat
1079 2758 1351 2822 Pisisne
1380 2777 1471 2823 an
1509 2760 1911 2823 Florentiae
1949 2759 2345 2838 Collegium
2378 2769 2567 2823 esset
2604 2758 3134 2822 instituendum.

677 2864 815 2929 Sed
868 2866 940 2928 in
989 2866 1228 2929 vicino
1269 2868 1528 2946 templo
1570 2865 1734 2929 Divi
1790 2865 1991 2929 Pauli
2040 2865 2300 2929 Missae
2353 2866 2780 2929 sacrificium
2829 2866 3135 2929 celebra—

676 2974 867 3037 bant.

789 3079 892 3142 35.
982 3079 1327 3142 Dominus
1355 3081 1765 3144 Ludovicus
1787 3080 1875 3143 de
1898 3080 2164 3144 Toledo
2186 3081 2460 3144 litteras
2484 3079 2807 3160 adjunxit
2830 3080 2986 3158 illis,
3014 3080 3133 3160 qui

680 3184 877 3251 Pisas
905 3187 1364 3251 mittebantur
1403 3186 1498 3249 ad
1535 3186 1949 3265 Ducissam,
1991 3197 2059 3251 et
2099 3188 2472 3266 viaticum;
2514 3196 2582 3250 et
2622 3196 3001 3267 antequam
3041 3187 3140 3249 illi

677 3295 812 3357 hoc
834 3293 967 3357 iter
984 3294 1569 3374 aggrederentur,
1584 3292 1972 3357 duodecim
1992 3295 2199 3357 simul
2221 3294 2672 3358 Cardinalem
2693 3294 3133 3371 Farnesium,

676 3401 795 3481 qui
825 3410 995 3465 tunc
1024 3400 1425 3464 Florentiae
1456 3400 1880 3464 versabatur
1910 3401 2121 3482 (quod
2148 3400 2476 3464 Pontifex
2506 3402 2640 3481 ipsi
2668 3411 2739 3464 et
2759 3401 2944 3464 Duci
2972 3399 3142 3463 Par-

680 3508 902 3570 mensi
925 3507 1234 3570 offensus
1253 3515 1459 3586 esset,
1480 3507 1687 3587 unde,
1715 3508 2017 3570 invitato
2034 3508 2468 3588 Imperatore
2487 3507 2543 3572 C
2549 3510 2744 3571 arolo
2761 3508 2851 3583 V,
2879 3505 3137 3570 Parma

676 3614 1124 3678 obsidebatur
1175 3613 1266 3676 ab
1316 3614 1632 3677 exercitu
1681 3614 2039 3694 pontificio
2089 3624 2158 3677 et
2217 3616 2579 3693 caesareo)
2641 3615 2996 3689 adierunt,
3051 3631 3138 3676 ac

679 3721 959 3785 nomine
988 3719 1363 3784 Societatis
1392 3720 1700 3783 officiose
1729 3722 2160 3800 salutarunt,
2195 3739 2372 3801 quos
2401 3739 2564 3784 cum
2588 3729 2906 3784 amanter
2936 3726 3138 3783 exce·

680 3828 918 3908 pisset,
944 3827 1168 3890 voluit
1198 3836 1275 3889 ut
1299 3826 1376 3889 P.
1403 3826 1807 3891 Ludovicus
1836 3845 1998 3890 cum
2020 3846 2159 3892 uno
2190 3829 2303 3891 vel
2334 3830 2558 3891 altero
2581 3828 2773 3891 socio
2796 3826 2888 3889 ad
2909 3827 3141 3906 ipsum

679 3935 960 4012 rediret3
995 3933 1184 4015 quod
1216 3951 1377 3996 cum
1405 3933 1710 4013 fecisset,
1745 3936 1830 3997 de
1859 3936 2072 3998 rebus
2090 3937 2351 4016 partim
2373 3935 2853 4017 spiritualibus
2882 3935 3141 4016 partim

682 4042 773 4106 ad
802 4040 1226 4105 Societatem
1263 4042 1774 4123 pertinentibus
1815 4059 2030 4122 agere
2070 4053 2485 4124 coeperunt;
2527 4051 2597 4107 et
2634 4042 2916 4123 saepius
2945 4043 3036 4105 ad
3065 4059 3144 4104 se

684 4149 912 4213 redire
952 4149 1276 4212 eumdem
1306 4148 1528 4210 voluit
1562 4146 1600 4212 ¹.

802 4256 904 4319 36.
991 4255 1279 4318 Interim
1327 4264 1630 4335 quatuor
1682 4256 1809 4334 illi,
1853 4257 1972 4337 qui
2009 4256 2215 4320 Pisas
2244 4275 2321 4320 se
2358 4258 2845 4335 contulerant,
2890 4265 3143 4336 quarta

687 4362 1100 4427 Decembris
1121 4361 1326 4425 Pisas
1352 4372 1828 4441 pervenerunt
1858 4380 1942 4429 ea
1970 4364 2129 4444 ipsa
2156 4365 2334 4428 hora
2356 4382 2495 4446 qua
2523 4372 2856 4427 venatum
2876 4363 3146 4442 egressi

771 4643 786 4673 ¹
846 4640 1080 4694 lentitius
1102 4637 1306 4694 Elpldlo
1334 4610 1582 4695 omenti,
1605 4641 1943 4697 Florentiam,
1965 4650 2057 4687 aut
2085 4642 2203 4686 si-is
2224 4644 2378 4695 absit,
2408 4642 2673 4691 Ludovlco
2703 4642 2765 4685 de
2797 4640 3071 4693 Coudreto,
3091 4650 3149 4685 ut

692 4712 880 4767 Ignatii
903 4713 1102 4756 nomine
1128 4709 1455 4755 Cardinalem
1479 4712 1779 4758 Farneslum
1800 4715 2046 4767 invisam,
2067 4714 2124 4758 29
2140 4714 2464 4759 Novembris.
