3679 5414
659 429 770 486 442
1583 426 1837 487 Canos.
1881 428 2033 486 Soc.
2076 428 2214 500 Jsss.

782 573 884 637 58.
973 573 1201 655 Hujus
1232 574 1509 654 collegii
1540 583 1752 655 caput
1788 574 1918 637 Dr.
1964 574 2300 637 Albertus
2342 572 2821 636 Ferrariensis
2864 575 3134 637 electus

659 691 806 760 est,
841 683 962 761 qui
993 683 1065 744 in
1094 682 1384 744 civitate
1413 699 1545 744 sua
1575 700 1616 744 a
1646 681 1954 744 Domino
1998 690 2298 744 vocatus
2329 681 2454 744 sed
2485 679 2753 743 Romae
2786 681 3137 744 admissus

661 787 924 866 fuerat,
973 789 1084 851 vir
1132 789 1291 868 pius
1336 798 1404 850 et
1445 788 1516 851 in
1551 787 1706 868 jure
1747 788 2093 864 eruditu5‚
2151 788 2265 851 cui
2314 804 2553 850 comes
2603 787 2976 868 adjunctus
3028 796 3133 851 est

661 896 736 960 P.
773 894 1128 959 Oliverius
1159 895 1617 975 Manaraeus,
1651 897 1772 975 qui
1800 894 2128 974 Parisiis,
2164 904 2241 957 ut
2272 896 2469 975 prius
2508 895 2773 958 dictum
2811 904 2948 974 est,
2987 894 3135 974 Jam

661 1004 1000 1067 sacerdos
1046 1012 1115 1065 et
1160 1004 1564 1081 theologiae
1617 1002 1973 1066 studiosus
2016 1003 2368 1065 admissus
2412 1002 2673 1081 fuerat,
2718 1012 2818 1080 et,
2864 1002 3133 1065 Romae

663 1110 1074 1190 aliquandiu
1102 1117 1464 1183 versatuS,
1500 1111 1798 1174 idoneus
1828 1110 1921 1173 ad
1950 1109 2407 1173 fundamenta
2446 1108 2653 1188 hujus
2698 1109 2994 1189 Collegii
3035 1110 3139 1190 ja·

660 1218 912 1282 cienda
943 1218 1150 1282 simul
1182 1235 1345 1280 cum
1387 1196 1542 1281 aliis
1585 1218 1980 1281 videbatur.
2022 1219 2113 1281 Et
2156 1218 2227 1280 hi
2270 1218 2403 1280 soli
2443 1215 2864 1281 Sacerdotes
2904 1228 3127 1281 erant.

662 1326 777 1390 Ad
827 1326 1333 1389 instituendam
1390 1333 1629 1387 autem
1672 1324 2147 1405 juventutem,
2206 1334 2492 1405 praeter
2543 1325 2866 1388 eumdem
2914 1326 3133 1404 magi-

660 1443 887 1497 strum
913 1432 1324 1511 oliverium,
1356 1433 1474 1512 qui
1497 1432 1915 1495 Rhetorices
1937 1432 2295 1512 professor
2317 1431 2595 1495 futurus
2618 1440 2792 1510 erat,
2814 1432 3134 1512 Baptista

659 1542 750 1605 de
779 1541 1050 1619 Velati,
1082 1539 1418 1603 Ferraria
1456 1540 1758 1602 Romam
1794 1550 2177 1602 revocatus
2221 1547 2290 1601 et
2332 1557 2492 1601 curn
2535 1538 2691 1601 aliis
2734 1538 3138 1618 Eugubium

663 1648 920 1711 missus
949 1647 1099 1710 fuit.
1140 1647 1404 1710 Omnes
1436 1654 1598 1709 octo
1628 1663 1922 1709 numero
1953 1645 2237 1709 fuerunt
2271 1643 2310 1709 ¹.

783 1756 884 1817 59.
972 1754 1064 1817 Hi
1088 1772 1260 1833 ergo
1287 1754 1428 1817 26.a
1459 1753 1571 1816 die
1604 1753 1934 1817 Octobris
1956 1753 2357 1831 Eugubium
2386 1753 2911 1833 pervenienteS,
2938 1761 3136 1816 recta

666 1863 757 1924 ad
780 1861 994 1924 aedes
1011 1861 1283 1924 Vicarii
1299 1870 1701 1941 pergenteS,
1727 1877 1889 1923 eum
1912 1860 2402 1923 salutaverunt
2425 1869 2493 1922 et
2516 1860 2604 1922 ab
2629 1858 2874 1922 eodem
2898 1876 3133 1922 aman-

661 1977 771 2031 ter
800 1969 1079 2048 excepti
1105 1968 1389 2031 fuerunt
1420 1977 1496 2030 ut
1540 1967 1658 2047 qui
1703 1984 1951 2030 eorum
1980 1966 2365 2028 adventum
2405 1976 2821 2047 pergratum
2862 1966 3129 2029 habuit.

664 2075 856 2138 Illico
888 2084 1125 2138 autem
1167 2076 1257 2138 ad
1287 2074 1665 2137 ecclesiam
1693 2074 2176 2137 cathedralem
2212 2081 2497 2136 nostros
2543 2074 2657 2136 ille
2696 2073 2985 2136 deduxit
3026 2090 3131 2136 sa-

667 2200 1006 2263 crumque
1050 2182 1309 2245 ibidem
1353 2199 1395 2243 a
1445 2180 1520 2243 P.
1580 2180 1896 2244 Oliverio
1946 2179 2097 2243 fieri
2147 2181 2403 2260 voluit;
2452 2198 2588 2259 quo
2641 2181 2993 2259 absolutO,
3042 2180 3133 2243 ad

665 2291 1098 2369 sacristiam,
1133 2290 1251 2352 ubi
1281 2289 1607 2351 canonici
1647 2305 1809 2350 cum
1849 2288 2125 2351 clericis
2168 2296 2236 2350 et
2282 2289 2621 2352 ministris
2665 2289 2904 2368 templi
2932 2286 3134 2367 jussu

669 2397 942 2460 Vicarii
973 2397 1393 2475 congregati
1422 2405 1490 2458 et
1521 2396 1641 2458 alii
1672 2395 1872 2458 multi
1901 2396 2067 2458 laici
2098 2404 2323 2474 erant,
2358 2396 2580 2458 nostri
2611 2395 2916 2473 ingressi
2944 2403 3126 2473 sunt,

665 2516 733 2568 et
764 2505 928 2583 quia
960 2504 1496 2566 conciunculam
1534 2513 1954 2582 exspectare
1985 2503 2427 2581 videbantur,
2460 2503 2772 2584 Joannes
2813 2502 3130 2581 Baptista

665 2611 910 2673 Velati
941 2628 1153 2690 quam
1184 2609 1739 2689 praemeditatus
1764 2608 1993 2672 fuerat
2018 2609 2130 2672 die
2159 2609 2611 2690 praecedenti
2643 2619 2711 2672 et
2742 2627 2902 2672 cum
2932 2627 3129 2689 supe·

664 2719 852 2781 riore
883 2719 1278 2781 contulerat
1310 2718 1724 2780 concionem
1757 2718 1945 2798 apud
1969 2735 2092 2780 eos
2120 2717 2394 2796 habuit,
2431 2735 2610 2797 quae
2643 2718 2966 2780 omnibus
2997 2717 3134 2780 illis

663 2825 1075 2904 gratissima
1119 2825 1410 2887 exstitit.
1452 2824 1789 2887 Vicarius
1837 2824 2089 2887 deinde
2142 2824 2349 2887 simul
2391 2843 2553 2887 cum
2593 2825 2857 2887 nostris
2902 2825 3133 2888 cibum

665 2949 921 3011 capere
952 2932 1197 3007 voluit,
1232 2941 1300 2993 et
1328 2932 1612 3011 plurimi
1642 2949 1734 2994 ex
1765 2931 2292 2994 honestioribus
2322 2932 2517 2995 urbis
2550 2933 2823 2996 civibus
2852 2941 3135 2995 nostros

663 3038 976 3102 officiose
1025 3039 1453 3117 inviserunt3
1515 3039 1641 3101 sed
1697 3050 1765 3101 et
1812 3040 2039 3102 nostri
2088 3047 2454 3102 senatores
2513 3049 2582 3101 et
2636 3040 3136 3117 magistratum

665 3147 861 3210 urbis
891 3145 1214 3208 adierunt
1259 3146 1708 3226 debitumque
1744 3145 1847 3208 eis
1893 3145 2199 3209 officium
2241 3146 2736 3224 exhibuerunt3
2786 3146 2919 3227 ipsi
2961 3162 3135 3209 vero

666 3263 990 3316 amanter
1024 3253 1406 3316 admodum
1444 3261 1728 3315 nostros
1762 3254 2312 3332 complectentes
2355 3261 2423 3315 et
2452 3254 2770 3331 ipsorum
2800 3252 3136 3316 adventui

666 3361 1280 3440 congratulanteS,
1324 3359 1666 3438 palatium
1702 3376 1909 3421 suum
1949 3360 2023 3421 in
2067 3367 2562 3439 argumentum
2604 3360 3136 3423 benevolentiae

665 3468 935 3530 nostris
966 3467 1460 3530 commostrari
1489 3468 1888 3529 voluerunt.

787 3573 887 3638 60.
976 3573 1321 3636 Postridie
1352 3572 1631 3635 kalend.
1658 3572 2081 3636 Novembris
2103 3573 2174 3636 in
2199 3574 2373 3636 aede
2395 3573 2585 3637 Divo
2608 3573 2670 3636 N
2674 3575 2905 3637 icolao
2927 3591 3137 3637 sacra

666 3682 907 3745 habita
939 3691 1044 3744 est
1090 3681 1318 3743 oratio
1349 3680 1570 3742 latina
1602 3697 1847 3742 coram
1880 3680 2173 3743 Vicario
2205 3698 2289 3742 ac
2321 3681 2643 3743 omnibus
2672 3681 2818 3744 fere
2851 3681 3135 3744 canoni-

669 3789 773 3851 cis
802 3806 844 3850 a
874 3788 1222 3867 Magistro
1252 3787 1574 3865 Baptista
1604 3787 1865 3865 Velati,
1899 3805 2080 3867 quae
2110 3787 2246 3849 illis
2276 3796 2344 3849 et
2372 3787 2719 3867 frequenti
2749 3789 3137 3868 peritorum

668 3897 1034 3959 hominum
1084 3895 1345 3972 coetui,
1388 3894 1505 3974 qui
1550 3894 1880 3973 aderant,
1926 3912 2008 3956 eo
2051 3895 2282 3974 magis
2321 3894 2694 3975 satisfecit,
2751 3896 2937 3975 quod
2988 3895 3138 3976 ejus

669 4002 968 4081 Collegii
1010 4020 1095 4065 ac
1137 4012 1424 4064 nostrae
1470 4000 1845 4063 Societatis
1889 4001 2287 4064 institutum
2329 4001 2400 4063 in
2451 4003 2841 4065 excolenda
2884 4003 3138 4066 litteris

669 4129 754 4173 ac
785 4111 990 4173 bonis
1032 4109 1344 4172 moribus
1368 4108 1738 4188 juventute
1777 4117 1847 4171 et
1884 4107 2331 4187 beneficium,
2380 4127 2516 4189 quo
2562 4111 2648 4172 de
2691 4111 2809 4172 illa
2850 4111 3139 4173 civitate

672 4217 1072 4280 Cardinalis
1128 4215 1435 4279 Sanctae
1486 4214 1735 4278 Crucis
1791 4215 2229 4278 benemereri
2284 4216 2545 4295 voluit,
2602 4217 3017 4297 explicavit;
3071 4227 3139 4280 ct

667 4326 846 4389 satis
884 4324 956 4387 in
997 4326 1198 4386 vultu
1237 4332 1305 4386 et
1347 4324 1693 4402 applausu
1732 4323 2047 4386 omnium
2085 4332 2520 4403 quantopere
2572 4324 2661 4387 sit
2711 4325 2813 4387 eis
2864 4324 3138 4388 satisfa-

672 4441 864 4495 ctum
891 4431 1118 4494 videri
1149 4440 1448 4511 poterat.

752 4598 769 4630 ¹
829 4600 897 4642 Iis
919 4599 1060 4642 dedit
1082 4601 1132 4642 in
1154 4599 1362 4653 scriptis
1383 4597 1618 4653 Ignatius
1638 4606 1941 4642 accuratam
1964 4611 2140 4642 corum
2170 4600 2430 4654 notitiam,
2455 4612 2585 4653 quae
2616 4607 2720 4644 tum
2753 4603 2802 4643 in
2826 4602 3008 4644 itinere
3030 4607 3141 4644 tum

670 4669 892 4723 Eugubii
919 4683 1077 4725 agere
1097 4671 1366 4714 debebant.
