<?xml version="1.0" encoding="UTF-8"?>
<!DOCTYPE html PUBLIC "-//W3C//DTD XHTML 1.0 Transitional//EN"
    "http://www.w3.org/TR/xhtml1/DTD/xhtml1-transitional.dtd">
<html xmlns="http://www.w3.org/1999/xhtml" xml:lang="en" lang="en">
 <head>
  <title>
</title>
<meta http-equiv="Content-Type" content="text/html;charset=utf-8" />
  <meta name='ocr-system' content='tesseract 3.04.00' />
  <meta name='ocr-capabilities' content='ocr_page ocr_carea ocr_par ocr_line ocrx_word'/>
</head>
<body>
  <div class='ocr_page' id='page_1' title='image "./vitaignatiiloio03polagoog_0544.png"; bbox 0 0 3679 5414; ppageno 0'>
   <div class='ocr_carea' id='block_1_1' title="bbox 682 455 2226 531">
    <p class='ocr_par' dir='ltr' id='par_1_1' title="bbox 682 455 2226 531">
     <span class='ocr_line' id='line_1_1' title="bbox 682 455 2226 531; baseline -0.001 -12"><span class='ocrx_word' id='word_1_1' title='bbox 682 458 795 519; x_wconf 82' lang='lat'>538</span> <span class='ocrx_word' id='word_1_2' title='bbox 1596 459 1849 518; x_wconf 69' lang='lat' dir='ltr'>Cimon.</span> <span class='ocrx_word' id='word_1_3' title='bbox 1893 455 2045 516; x_wconf 80' lang='lat' dir='ltr'>Soc,</span> <span class='ocrx_word' id='word_1_4' title='bbox 2087 458 2226 531; x_wconf 79' lang='lat' dir='ltr'><strong>JES.</strong></span> 
     </span>
    </p>
   </div>
   <div class='ocr_carea' id='block_1_2' title="bbox 675 601 3257 4752">
    <p class='ocr_par' dir='ltr' id='par_1_2' title="bbox 678 601 3162 1417">
     <span class='ocr_line' id='line_1_2' title="bbox 678 601 3161 684; baseline -0.001 -15"><span class='ocrx_word' id='word_1_5' title='bbox 678 623 812 669; x_wconf 89' lang='lat' dir='ltr'>nec</span> <span class='ocrx_word' id='word_1_6' title='bbox 843 604 1050 668; x_wconf 89' lang='lat' dir='ltr'>desiit</span> <span class='ocrx_word' id='word_1_7' title='bbox 1078 603 1442 682; x_wconf 85' lang='lat' dir='ltr'>negotium</span> <span class='ocrx_word' id='word_1_8' title='bbox 1472 619 1730 682; x_wconf 87' lang='lat' dir='ltr'>urgere</span> <span class='ocrx_word' id='word_1_9' title='bbox 1761 603 1971 666; x_wconf 81' lang='lat' dir='ltr'>valde</span> <span class='ocrx_word' id='word_1_10' title='bbox 2000 605 2263 684; x_wconf 88' lang='lat' dir='ltr'>populo</span> <span class='ocrx_word' id='word_1_11' title='bbox 2294 605 2629 666; x_wconf 87' lang='lat' dir='ltr'>salutare.</span> <span class='ocrx_word' id='word_1_12' title='bbox 2657 601 2991 682; x_wconf 87' lang='lat' dir='ltr'>Ejusdem</span> <span class='ocrx_word' id='word_1_13' title='bbox 3020 601 3161 667; x_wconf 87' lang='lat' dir='ltr'>Pa·-</span> 
     </span>
     <span class='ocr_line' id='line_1_3' title="bbox 679 709 3140 791; baseline -0 -16"><span class='ocrx_word' id='word_1_14' title='bbox 679 712 810 775; x_wconf 91' lang='lat' dir='ltr'>tris</span> <span class='ocrx_word' id='word_1_15' title='bbox 840 729 1059 791; x_wconf 89' lang='lat' dir='ltr'>opera</span> <span class='ocrx_word' id='word_1_16' title='bbox 1089 709 1327 773; x_wconf 91' lang='lat' dir='ltr'>multis</span> <span class='ocrx_word' id='word_1_17' title='bbox 1355 718 1813 791; x_wconf 91' lang='lat' dir='ltr'>prospectum</span> <span class='ocrx_word' id='word_1_18' title='bbox 1844 718 1972 788; x_wconf 88' lang='lat' dir='ltr'>est,</span> <span class='ocrx_word' id='word_1_19' title='bbox 2004 709 2151 791; x_wconf 92' lang='lat' dir='ltr'>qui,</span> <span class='ocrx_word' id='word_1_20' title='bbox 2184 710 2591 774; x_wconf 90' lang='lat' dir='ltr'>mendicare</span> <span class='ocrx_word' id='word_1_21' title='bbox 2621 711 3140 785; x_wconf 79' lang='lat' dir='ltr'>erubescenteS,</span> 
     </span>
     <span class='ocr_line' id='line_1_4' title="bbox 679 802 3162 899; baseline 0 -18"><span class='ocrx_word' id='word_1_22' title='bbox 679 819 919 899; x_wconf 91' lang='lat' dir='ltr'>potius</span> <span class='ocrx_word' id='word_1_23' title='bbox 949 827 1266 880; x_wconf 84' lang='lat' dir='ltr'>extrema</span> <span class='ocrx_word' id='word_1_24' title='bbox 1297 833 1615 897; x_wconf 89' lang='lat' dir='ltr'>quaeque</span> <span class='ocrx_word' id='word_1_25' title='bbox 1636 816 1787 895; x_wconf 91' lang='lat' dir='ltr'>pati</span> <span class='ocrx_word' id='word_1_26' title='bbox 1816 802 2196 895; x_wconf 72' lang='lat' dir='ltr'><strong>eligebant.</strong></span> <span class='ocrx_word' id='word_1_27' title='bbox 2223 816 2484 880; x_wconf 89' lang='lat' dir='ltr'>Multos</span> <span class='ocrx_word' id='word_1_28' title='bbox 2512 816 2725 880; x_wconf 90' lang='lat' dir='ltr'>etiam</span> <span class='ocrx_word' id='word_1_29' title='bbox 2755 817 3162 896; x_wconf 82' lang='lat' dir='ltr'>patrocinio</span> 
     </span>
     <span class='ocr_line' id='line_1_5' title="bbox 682 923 3160 1005; baseline -0 -16"><span class='ocrx_word' id='word_1_30' title='bbox 682 926 1055 989; x_wconf 89' lang='lat' dir='ltr'>destitutos</span> <span class='ocrx_word' id='word_1_31' title='bbox 1101 925 1290 1005; x_wconf 90' lang='lat' dir='ltr'>apud</span> <span class='ocrx_word' id='word_1_32' title='bbox 1332 923 1746 1004; x_wconf 88' lang='lat' dir='ltr'>Pro-regem</span> <span class='ocrx_word' id='word_1_33' title='bbox 1790 941 1920 987; x_wconf 91' lang='lat' dir='ltr'>suo</span> <span class='ocrx_word' id='word_1_34' title='bbox 1972 923 2225 987; x_wconf 85' lang='lat' dir='ltr'>favore</span> <span class='ocrx_word' id='word_1_35' title='bbox 2275 925 2663 1003; x_wconf 88' lang='lat' dir='ltr'>promovit,</span> <span class='ocrx_word' id='word_1_36' title='bbox 2720 924 2839 1005; x_wconf 93' lang='lat' dir='ltr'>qui</span> <span class='ocrx_word' id='word_1_37' title='bbox 2888 926 3160 1005; x_wconf 82' lang='lat' dir='ltr'>alioqui·</span> 
     </span>
     <span class='ocr_line' id='line_1_6' title="bbox 679 1026 3161 1112; baseline 0 -17"><span class='ocrx_word' id='word_1_38' title='bbox 679 1032 1128 1112; x_wconf 87' lang='lat' dir='ltr'>gravissimis</span> <span class='ocrx_word' id='word_1_39' title='bbox 1156 1030 1623 1095; x_wconf 91' lang='lat' dir='ltr'>incommodis</span> <span class='ocrx_word' id='word_1_40' title='bbox 1655 1031 1892 1094; x_wconf 88' lang='lat' dir='ltr'>affecti</span> <span class='ocrx_word' id='word_1_41' title='bbox 1914 1026 2239 1111; x_wconf 90' lang='lat' dir='ltr'>fuissent;</span> <span class='ocrx_word' id='word_1_42' title='bbox 2267 1040 2336 1094; x_wconf 91' lang='lat' dir='ltr'>et</span> <span class='ocrx_word' id='word_1_43' title='bbox 2363 1032 2440 1094; x_wconf 90' lang='lat' dir='ltr'>hi</span> <span class='ocrx_word' id='word_1_44' title='bbox 2469 1031 2668 1094; x_wconf 93' lang='lat' dir='ltr'>multi</span> <span class='ocrx_word' id='word_1_45' title='bbox 2690 1048 2984 1095; x_wconf 88' lang='lat' dir='ltr'>numero</span> <span class='ocrx_word' id='word_1_46' title='bbox 3008 1031 3161 1096; x_wconf 75' lang='lat' dir='ltr'>sue-</span> 
     </span>
     <span class='ocr_line' id='line_1_7' title="bbox 680 1137 3155 1219; baseline -0 -16"><span class='ocrx_word' id='word_1_47' title='bbox 680 1149 867 1219; x_wconf 91' lang='lat' dir='ltr'>runt;</span> <span class='ocrx_word' id='word_1_48' title='bbox 893 1156 1056 1202; x_wconf 93' lang='lat' dir='ltr'>cum</span> <span class='ocrx_word' id='word_1_49' title='bbox 1078 1140 1265 1202; x_wconf 89' lang='lat' dir='ltr'>enim</span> <span class='ocrx_word' id='word_1_50' title='bbox 1289 1155 1594 1218; x_wconf 89' lang='lat' dir='ltr'>magnae</span> <span class='ocrx_word' id='word_1_51' title='bbox 1619 1139 2069 1202; x_wconf 82' lang='lat' dir='ltr'>auctoritatis</span> <span class='ocrx_word' id='word_1_52' title='bbox 2093 1139 2282 1219; x_wconf 89' lang='lat' dir='ltr'>apud</span> <span class='ocrx_word' id='word_1_53' title='bbox 2304 1137 2719 1217; x_wconf 88' lang='lat' dir='ltr'>Pro-regem</span> <span class='ocrx_word' id='word_1_54' title='bbox 2740 1148 2948 1218; x_wconf 88' lang='lat' dir='ltr'>esset,</span> <span class='ocrx_word' id='word_1_55' title='bbox 2976 1141 3155 1202; x_wconf 55' lang='lat' dir='ltr'>mul«</span> 
     </span>
     <span class='ocr_line' id='line_1_8' title="bbox 685 1243 3158 1326; baseline 0 -16"><span class='ocrx_word' id='word_1_56' title='bbox 685 1247 738 1309; x_wconf 90' lang='lat' dir='ltr'>ti</span> <span class='ocrx_word' id='word_1_57' title='bbox 768 1247 860 1310; x_wconf 92' lang='lat' dir='ltr'>ad</span> <span class='ocrx_word' id='word_1_58' title='bbox 890 1264 1053 1310; x_wconf 89' lang='lat' dir='ltr'>eum</span> <span class='ocrx_word' id='word_1_59' title='bbox 1090 1245 1627 1325; x_wconf 82' lang='lat' dir='ltr'>confugiebant,</span> <span class='ocrx_word' id='word_1_60' title='bbox 1677 1243 1930 1326; x_wconf 91' lang='lat' dir='ltr'>quibus</span> <span class='ocrx_word' id='word_1_61' title='bbox 1969 1263 2179 1309; x_wconf 90' lang='lat' dir='ltr'>suam</span> <span class='ocrx_word' id='word_1_62' title='bbox 2215 1245 2464 1309; x_wconf 84' lang='lat' dir='ltr'>deesse</span> <span class='ocrx_word' id='word_1_63' title='bbox 2516 1264 2807 1326; x_wconf 89' lang='lat' dir='ltr'>operam</span> <span class='ocrx_word' id='word_1_64' title='bbox 2845 1263 2994 1309; x_wconf 91' lang='lat' dir='ltr'>non</span> <span class='ocrx_word' id='word_1_65' title='bbox 3031 1265 3158 1326; x_wconf 73' lang='lat' dir='ltr'>pa-.</span> 
     </span>
     <span class='ocr_line' id='line_1_9' title="bbox 680 1345 2346 1417; baseline -0.004 0"><span class='ocrx_word' id='word_1_66' title='bbox 680 1354 1005 1417; x_wconf 83' lang='lat' dir='ltr'>tiebatur.</span> <span class='ocrx_word' id='word_1_67' title='bbox 2338 1345 2346 1354; x_wconf 87' lang='grc'><em>“</em></span> 
     </span>
    </p>

    <p class='ocr_par' dir='ltr' id='par_1_3' title="bbox 679 1459 3165 2177">
     <span class='ocr_line' id='line_1_10' title="bbox 798 1459 3144 1544; baseline 0 -22"><span class='ocrx_word' id='word_1_68' title='bbox 798 1459 940 1522; x_wconf 87' lang='grc'>294.</span> <span class='ocrx_word' id='word_1_69' title='bbox 1028 1459 1206 1544; x_wconf 86' lang='lat' dir='ltr'>Cum</span> <span class='ocrx_word' id='word_1_70' title='bbox 1234 1459 1520 1539; x_wconf 92' lang='lat' dir='ltr'>quidam</span> <span class='ocrx_word' id='word_1_71' title='bbox 1551 1460 1809 1522; x_wconf 82' lang='lat' dir='ltr'>armati</span> <span class='ocrx_word' id='word_1_72' title='bbox 1838 1459 2295 1522; x_wconf 83' lang='lat' dir='ltr'>devenissent</span> <span class='ocrx_word' id='word_1_73' title='bbox 2325 1468 2400 1522; x_wconf 95' lang='lat' dir='ltr'>ut</span> <span class='ocrx_word' id='word_1_74' title='bbox 2445 1460 2629 1523; x_wconf 90' lang='lat' dir='ltr'>inter</span> <span class='ocrx_word' id='word_1_75' title='bbox 2670 1477 2747 1522; x_wconf 89' lang='lat' dir='ltr'>se</span> <span class='ocrx_word' id='word_1_76' title='bbox 2785 1459 3144 1540; x_wconf 87' lang='lat' dir='ltr'>depugna-</span> 
     </span>
     <span class='ocr_line' id='line_1_11' title="bbox 679 1565 3152 1648; baseline 0.001 -18"><span class='ocrx_word' id='word_1_77' title='bbox 679 1576 859 1646; x_wconf 87' lang='lat' dir='ltr'>rent,</span> <span class='ocrx_word' id='word_1_78' title='bbox 889 1565 1075 1648; x_wconf 96' lang='lat' dir='ltr'>quod</span> <span class='ocrx_word' id='word_1_79' title='bbox 1102 1583 1367 1647; x_wconf 87' lang='lat' dir='ltr'>graves</span> <span class='ocrx_word' id='word_1_80' title='bbox 1397 1567 1580 1629; x_wconf 89' lang='lat' dir='ltr'>inter</span> <span class='ocrx_word' id='word_1_81' title='bbox 1608 1584 1731 1629; x_wconf 90' lang='lat' dir='ltr'>eos</span> <span class='ocrx_word' id='word_1_82' title='bbox 1761 1566 1905 1629; x_wconf 90' lang='lat' dir='ltr'>odii</span> <span class='ocrx_word' id='word_1_83' title='bbox 1935 1567 2351 1630; x_wconf 86' lang='lat' dir='ltr'>occasiones</span> <span class='ocrx_word' id='word_1_84' title='bbox 2381 1576 2822 1647; x_wconf 83' lang='lat' dir='ltr'>exarserant,</span> <span class='ocrx_word' id='word_1_85' title='bbox 2860 1568 3152 1648; x_wconf 90' lang='lat' dir='ltr'>quidam</span> 
     </span>
     <span class='ocr_line' id='line_1_12' title="bbox 681 1667 3165 1755; baseline 0.001 -18"><span class='ocrx_word' id='word_1_86' title='bbox 681 1693 773 1738; x_wconf 84' lang='lat' dir='ltr'>ex</span> <span class='ocrx_word' id='word_1_87' title='bbox 825 1674 1153 1737; x_wconf 88' lang='lat' dir='ltr'>Patribus</span> <span class='ocrx_word' id='word_1_88' title='bbox 1202 1674 1465 1737; x_wconf 88' lang='lat' dir='ltr'>nostris</span> <span class='ocrx_word' id='word_1_89' title='bbox 1524 1674 1614 1736; x_wconf 90' lang='lat' dir='ltr'>ad</span> <span class='ocrx_word' id='word_1_90' title='bbox 1671 1691 1795 1736; x_wconf 92' lang='lat' dir='ltr'>eos</span> <span class='ocrx_word' id='word_1_91' title='bbox 1844 1667 2190 1737; x_wconf 82' lang='lat' dir='ltr'>deductus</span> <span class='ocrx_word' id='word_1_92' title='bbox 2239 1683 2379 1752; x_wconf 88' lang='lat' dir='ltr'>est,</span> <span class='ocrx_word' id='word_1_93' title='bbox 2435 1674 2636 1755; x_wconf 88' lang='lat' dir='ltr'>cujus</span> <span class='ocrx_word' id='word_1_94' title='bbox 2686 1674 2998 1737; x_wconf 88' lang='lat' dir='ltr'>adventu</span> <span class='ocrx_word' id='word_1_95' title='bbox 3053 1676 3165 1746; x_wconf 31' lang='lat' dir='ltr'>ita,</span> 
     </span>
     <span class='ocr_line' id='line_1_13' title="bbox 683 1780 3163 1861; baseline 0 -17"><span class='ocrx_word' id='word_1_96' title='bbox 683 1782 998 1844; x_wconf 91' lang='lat' dir='ltr'>omnium</span> <span class='ocrx_word' id='word_1_97' title='bbox 1027 1781 1243 1844; x_wconf 90' lang='lat' dir='ltr'>animi</span> <span class='ocrx_word' id='word_1_98' title='bbox 1273 1781 1525 1845; x_wconf 87' lang='lat' dir='ltr'>mutati</span> <span class='ocrx_word' id='word_1_99' title='bbox 1557 1780 1872 1856; x_wconf 90' lang='lat' dir='ltr'>fuerunt,</span> <span class='ocrx_word' id='word_1_100' title='bbox 1905 1790 1982 1844; x_wconf 94' lang='lat' dir='ltr'>ut</span> <span class='ocrx_word' id='word_1_101' title='bbox 2013 1780 2104 1844; x_wconf 92' lang='lat' dir='ltr'>ad</span> <span class='ocrx_word' id='word_1_102' title='bbox 2133 1781 2552 1861; x_wconf 88' lang='lat' dir='ltr'>amicitiam,</span> <span class='ocrx_word' id='word_1_103' title='bbox 2595 1781 2814 1844; x_wconf 89' lang='lat' dir='ltr'>armis</span> <span class='ocrx_word' id='word_1_104' title='bbox 2855 1791 2924 1845; x_wconf 90' lang='lat' dir='ltr'>et</span> <span class='ocrx_word' id='word_1_105' title='bbox 2968 1782 3163 1846; x_wconf 78' lang='lat' dir='ltr'>odiis</span> 
     </span>
     <span class='ocr_line' id='line_1_14' title="bbox 680 1886 3149 1969; baseline 0 -18"><span class='ocrx_word' id='word_1_106' title='bbox 680 1888 1043 1968; x_wconf 80' lang='lat' dir='ltr'>depositis,</span> <span class='ocrx_word' id='word_1_107' title='bbox 1072 1889 1213 1950; x_wconf 93' lang='lat' dir='ltr'>sint</span> <span class='ocrx_word' id='word_1_108' title='bbox 1235 1886 1541 1950; x_wconf 90' lang='lat' dir='ltr'>adducti.</span> <span class='ocrx_word' id='word_1_109' title='bbox 1570 1886 1709 1950; x_wconf 87' lang='lat' dir='ltr'>Sed</span> <span class='ocrx_word' id='word_1_110' title='bbox 1732 1887 1981 1950; x_wconf 91' lang='lat' dir='ltr'>omitto</span> <span class='ocrx_word' id='word_1_111' title='bbox 2004 1888 2203 1966; x_wconf 83' lang='lat' dir='ltr'>aliOS,</span> <span class='ocrx_word' id='word_1_112' title='bbox 2233 1888 2351 1968; x_wconf 95' lang='lat' dir='ltr'>qui</span> <span class='ocrx_word' id='word_1_113' title='bbox 2376 1888 2664 1968; x_wconf 90' lang='lat' dir='ltr'>capitali</span> <span class='ocrx_word' id='word_1_114' title='bbox 2687 1888 2847 1951; x_wconf 94' lang='lat' dir='ltr'>odio</span> <span class='ocrx_word' id='word_1_115' title='bbox 2887 1906 2965 1952; x_wconf 91' lang='lat' dir='ltr'>se</span> <span class='ocrx_word' id='word_1_116' title='bbox 2988 1906 3149 1969; x_wconf 90' lang='lat' dir='ltr'>pro·</span> 
     </span>
     <span class='ocr_line' id='line_1_15' title="bbox 680 1994 3162 2076; baseline 0 -18"><span class='ocrx_word' id='word_1_117' title='bbox 680 1995 1179 2075; x_wconf 87' lang='lat' dir='ltr'>sequebantur,</span> <span class='ocrx_word' id='word_1_118' title='bbox 1215 1994 1750 2073; x_wconf 82' lang='lat' dir='ltr'>reconciliatOS,</span> <span class='ocrx_word' id='word_1_119' title='bbox 1794 1994 1962 2073; x_wconf 88' lang='lat' dir='ltr'>quia</span> <span class='ocrx_word' id='word_1_120' title='bbox 2003 1995 2212 2058; x_wconf 90' lang='lat' dir='ltr'>dictis</span> <span class='ocrx_word' id='word_1_121' title='bbox 2252 1995 2534 2071; x_wconf 90' lang='lat' dir='ltr'>similia,</span> <span class='ocrx_word' id='word_1_122' title='bbox 2569 1995 2735 2057; x_wconf 90' lang='lat' dir='ltr'>licet</span> <span class='ocrx_word' id='word_1_123' title='bbox 2766 1996 2907 2058; x_wconf 88' lang='lat' dir='ltr'>alia</span> <span class='ocrx_word' id='word_1_124' title='bbox 2938 2005 3162 2076; x_wconf 82' lang='lat' dir='ltr'>atque</span> 
     </span>
     <span class='ocr_line' id='line_1_16' title="bbox 680 2102 1469 2177; baseline -0.001 -12"><span class='ocrx_word' id='word_1_125' title='bbox 680 2102 844 2177; x_wconf 92' lang='lat' dir='ltr'>alia,</span> <span class='ocrx_word' id='word_1_126' title='bbox 878 2102 1179 2164; x_wconf 89' lang='lat' dir='ltr'>dicenda</span> <span class='ocrx_word' id='word_1_127' title='bbox 1209 2110 1469 2165; x_wconf 90' lang='lat' dir='ltr'>essent.</span> 
     </span>
    </p>

    <p class='ocr_par' dir='ltr' id='par_1_4' title="bbox 677 2207 3162 2825">
     <span class='ocr_line' id='line_1_17' title="bbox 798 2207 3159 2290; baseline 0 -19"><span class='ocrx_word' id='word_1_128' title='bbox 798 2207 941 2272; x_wconf 88' lang='lat'>295.</span> <span class='ocrx_word' id='word_1_129' title='bbox 973 2275 979 2282; x_wconf 63' lang='grc'><em>,</em></span> <span class='ocrx_word' id='word_1_130' title='bbox 1028 2208 1334 2288; x_wconf 87' lang='lat' dir='ltr'>Spiritus</span> <span class='ocrx_word' id='word_1_131' title='bbox 1363 2208 1844 2288; x_wconf 89' lang='lat' dir='ltr'>poenitentiae</span> <span class='ocrx_word' id='word_1_132' title='bbox 1875 2216 1945 2271; x_wconf 89' lang='lat' dir='ltr'>et</span> <span class='ocrx_word' id='word_1_133' title='bbox 1986 2208 2554 2289; x_wconf 90' lang='lat' dir='ltr'>compunctionis</span> <span class='ocrx_word' id='word_1_134' title='bbox 2593 2209 2666 2271; x_wconf 95' lang='lat' dir='ltr'>in</span> <span class='ocrx_word' id='word_1_135' title='bbox 2708 2209 3159 2290; x_wconf 67' lang='lat' dir='ltr'>quibusdam,</span> 
     </span>
     <span class='ocr_line' id='line_1_18' title="bbox 681 2315 3162 2397; baseline 0 -18"><span class='ocrx_word' id='word_1_136' title='bbox 681 2325 1059 2397; x_wconf 91' lang='lat' dir='ltr'>postquam</span> <span class='ocrx_word' id='word_1_137' title='bbox 1102 2316 1367 2378; x_wconf 89' lang='lat' dir='ltr'>nostris</span> <span class='ocrx_word' id='word_1_138' title='bbox 1407 2325 1710 2396; x_wconf 90' lang='lat' dir='ltr'>peccata</span> <span class='ocrx_word' id='word_1_139' title='bbox 1753 2315 2219 2396; x_wconf 89' lang='lat' dir='ltr'>aperuissent,</span> <span class='ocrx_word' id='word_1_140' title='bbox 2259 2333 2404 2378; x_wconf 92' lang='lat' dir='ltr'>non</span> <span class='ocrx_word' id='word_1_141' title='bbox 2444 2332 2699 2394; x_wconf 92' lang='lat' dir='ltr'>parum</span> <span class='ocrx_word' id='word_1_142' title='bbox 2731 2316 2995 2396; x_wconf 77' lang='lat' dir='ltr'>viguit3</span> <span class='ocrx_word' id='word_1_143' title='bbox 3028 2317 3162 2386; x_wconf 19' lang='lat' dir='ltr'>sed,</span> 
     </span>
     <span class='ocr_line' id='line_1_19' title="bbox 681 2422 3144 2503; baseline 0 -17"><span class='ocrx_word' id='word_1_144' title='bbox 681 2424 865 2486; x_wconf 91' lang='lat' dir='ltr'>inter</span> <span class='ocrx_word' id='word_1_145' title='bbox 895 2424 1072 2486; x_wconf 91' lang='lat' dir='ltr'>alios</span> <span class='ocrx_word' id='word_1_146' title='bbox 1095 2423 1388 2501; x_wconf 82' lang='lat' dir='ltr'>nobileS,</span> <span class='ocrx_word' id='word_1_147' title='bbox 1418 2424 1768 2502; x_wconf 89' lang='lat' dir='ltr'>quaedam</span> <span class='ocrx_word' id='word_1_148' title='bbox 1789 2422 1921 2486; x_wconf 87' lang='lat' dir='ltr'>fuit</span> <span class='ocrx_word' id='word_1_149' title='bbox 1944 2422 2278 2501; x_wconf 87' lang='lat' dir='ltr'>foemina,</span> <span class='ocrx_word' id='word_1_150' title='bbox 2306 2441 2486 2503; x_wconf 91' lang='lat' dir='ltr'>quae</span> <span class='ocrx_word' id='word_1_151' title='bbox 2516 2441 2678 2486; x_wconf 91' lang='lat' dir='ltr'>cum</span> <span class='ocrx_word' id='word_1_152' title='bbox 2710 2424 2828 2486; x_wconf 93' lang='lat' dir='ltr'>diu</span> <span class='ocrx_word' id='word_1_153' title='bbox 2861 2425 2932 2487; x_wconf 91' lang='lat' dir='ltr'>in</span> <span class='ocrx_word' id='word_1_154' title='bbox 2955 2424 3144 2487; x_wconf 91' lang='lat' dir='ltr'>adul·</span> 
     </span>
     <span class='ocr_line' id='line_1_20' title="bbox 681 2531 3160 2610; baseline 0.001 -17"><span class='ocrx_word' id='word_1_155' title='bbox 681 2532 860 2593; x_wconf 88' lang='lat' dir='ltr'>terio</span> <span class='ocrx_word' id='word_1_156' title='bbox 912 2531 1246 2608; x_wconf 85' lang='lat' dir='ltr'>vixisset,</span> <span class='ocrx_word' id='word_1_157' title='bbox 1307 2531 1379 2593; x_wconf 91' lang='lat' dir='ltr'>in</span> <span class='ocrx_word' id='word_1_158' title='bbox 1429 2547 1720 2593; x_wconf 89' lang='lat' dir='ltr'>carnem</span> <span class='ocrx_word' id='word_1_159' title='bbox 1764 2547 1990 2609; x_wconf 91' lang='lat' dir='ltr'>suam,</span> <span class='ocrx_word' id='word_1_160' title='bbox 2039 2547 2180 2610; x_wconf 90' lang='lat' dir='ltr'>qua</span> <span class='ocrx_word' id='word_1_161' title='bbox 2221 2539 2672 2610; x_wconf 86' lang='lat' dir='ltr'>peccaverat,</span> <span class='ocrx_word' id='word_1_162' title='bbox 2723 2532 2825 2594; x_wconf 91' lang='lat' dir='ltr'>sic</span> <span class='ocrx_word' id='word_1_163' title='bbox 2869 2532 3160 2596; x_wconf 79' lang='lat' dir='ltr'>saevire·</span> 
     </span>
     <span class='ocr_line' id='line_1_21' title="bbox 684 2637 3157 2719; baseline 0 -18"><span class='ocrx_word' id='word_1_164' title='bbox 684 2638 946 2718; x_wconf 90' lang='lat' dir='ltr'>coepit,</span> <span class='ocrx_word' id='word_1_165' title='bbox 981 2646 1057 2699; x_wconf 93' lang='lat' dir='ltr'>ut</span> <span class='ocrx_word' id='word_1_166' title='bbox 1088 2656 1130 2700; x_wconf 90' lang='lat' dir='ltr'>a</span> <span class='ocrx_word' id='word_1_167' title='bbox 1158 2637 1459 2716; x_wconf 88' lang='lat' dir='ltr'>flagellis</span> <span class='ocrx_word' id='word_1_168' title='bbox 1487 2654 1633 2699; x_wconf 93' lang='lat' dir='ltr'>non</span> <span class='ocrx_word' id='word_1_169' title='bbox 1672 2645 2019 2717; x_wconf 88' lang='lat' dir='ltr'>cessaret,</span> <span class='ocrx_word' id='word_1_170' title='bbox 2062 2637 2200 2700; x_wconf 91' lang='lat' dir='ltr'>nisi</span> <span class='ocrx_word' id='word_1_171' title='bbox 2238 2646 2613 2719; x_wconf 92' lang='lat' dir='ltr'>postquam</span> <span class='ocrx_word' id='word_1_172' title='bbox 2654 2640 2951 2701; x_wconf 93' lang='lat' dir='ltr'>multum</span> <span class='ocrx_word' id='word_1_173' title='bbox 2991 2656 3157 2701; x_wconf 54' lang='lat' dir='ltr'>san«</span> 
     </span>
     <span class='ocr_line' id='line_1_22' title="bbox 677 2744 1384 2825; baseline -0.001 -17"><span class='ocrx_word' id='word_1_174' title='bbox 677 2745 982 2825; x_wconf 80' lang='lat' dir='ltr'>guinem¹</span> <span class='ocrx_word' id='word_1_175' title='bbox 1003 2744 1384 2808; x_wconf 88' lang='lat' dir='ltr'>effudisset.</span> 
     </span>
    </p>

    <p class='ocr_par' dir='ltr' id='par_1_5' title="bbox 678 2830 3257 3894">
     <span class='ocr_line' id='line_1_23' title="bbox 801 2830 3257 2931; baseline 0.002 -17"><span class='ocrx_word' id='word_1_176' title='bbox 801 2850 943 2914; x_wconf 87' lang='lat'><strong>296.</strong></span> <span class='ocrx_word' id='word_1_177' title='bbox 1029 2851 1192 2914; x_wconf 92' lang='lat' dir='ltr'>Fuit</span> <span class='ocrx_word' id='word_1_178' title='bbox 1222 2851 1434 2915; x_wconf 90' lang='lat' dir='ltr'>etiam</span> <span class='ocrx_word' id='word_1_179' title='bbox 1467 2851 1818 2914; x_wconf 88' lang='lat' dir='ltr'>confessio</span> <span class='ocrx_word' id='word_1_180' title='bbox 1847 2851 2168 2931; x_wconf 89' lang='lat' dir='ltr'>perutilis</span> <span class='ocrx_word' id='word_1_181' title='bbox 2196 2851 2487 2914; x_wconf 81' lang='lat' dir='ltr'>inventa</span> <span class='ocrx_word' id='word_1_182' title='bbox 2517 2852 2735 2915; x_wconf 88' lang='lat' dir='ltr'>etiam</span> <span class='ocrx_word' id='word_1_183' title='bbox 2766 2853 3074 2916; x_wconf 88' lang='lat' dir='ltr'>obsessis</span> <span class='ocrx_word' id='word_1_184' title='bbox 3104 2872 3151 2919; x_wconf 85' lang='lat' dir='ltr'>a</span> <span class='ocrx_word' id='word_1_185' title='bbox 3248 2830 3257 2839; x_wconf 44' lang='lat'>⁸</span> 
     </span>
     <span class='ocr_line' id='line_1_24' title="bbox 683 2957 3145 3039; baseline 0.001 -18"><span class='ocrx_word' id='word_1_186' title='bbox 683 2958 1026 3022; x_wconf 86' lang='lat' dir='ltr'>daemone</span> <span class='ocrx_word' id='word_1_187' title='bbox 1050 2976 1063 3039; x_wconf 91' lang='lat'>;</span> <span class='ocrx_word' id='word_1_188' title='bbox 1096 2976 1239 3021; x_wconf 93' lang='lat' dir='ltr'>non</span> <span class='ocrx_word' id='word_1_189' title='bbox 1261 2960 1472 3039; x_wconf 88' lang='lat' dir='ltr'>pauci</span> <span class='ocrx_word' id='word_1_190' title='bbox 1502 2959 1690 3022; x_wconf 88' lang='lat' dir='ltr'>enim</span> <span class='ocrx_word' id='word_1_191' title='bbox 1720 2957 2120 3039; x_wconf 90' lang='lat' dir='ltr'>hujusmodi</span> <span class='ocrx_word' id='word_1_192' title='bbox 2151 2959 2242 3021; x_wconf 94' lang='lat' dir='ltr'>ad</span> <span class='ocrx_word' id='word_1_193' title='bbox 2269 2967 2590 3022; x_wconf 91' lang='lat' dir='ltr'>nostram</span> <span class='ocrx_word' id='word_1_194' title='bbox 2618 2960 3007 3039; x_wconf 39' lang='lat' dir='ltr'>ecclesiam·</span> <span class='ocrx_word' id='word_1_195' title='bbox 3026 2962 3145 3024; x_wconf 57' lang='lat' dir='ltr'>de«</span> 
     </span>
     <span class='ocr_line' id='line_1_25' title="bbox 682 3065 3151 3155; baseline 0.001 -26"><span class='ocrx_word' id='word_1_196' title='bbox 682 3065 875 3155; x_wconf 90' lang='lat' dir='ltr'>ducti</span> <span class='ocrx_word' id='word_1_197' title='bbox 904 3084 1027 3146; x_wconf 91' lang='lat' dir='ltr'>per</span> <span class='ocrx_word' id='word_1_198' title='bbox 1059 3068 1285 3128; x_wconf 91' lang='lat' dir='ltr'>solam</span> <span class='ocrx_word' id='word_1_199' title='bbox 1315 3065 1837 3129; x_wconf 89' lang='lat' dir='ltr'>confessionem</span> <span class='ocrx_word' id='word_1_200' title='bbox 1880 3065 2159 3128; x_wconf 91' lang='lat' dir='ltr'>liberati</span> <span class='ocrx_word' id='word_1_201' title='bbox 2199 3065 2696 3129; x_wconf 90' lang='lat' dir='ltr'>discesserunt.</span> <span class='ocrx_word' id='word_1_202' title='bbox 2742 3065 2881 3129; x_wconf 87' lang='lat' dir='ltr'>Sed</span> <span class='ocrx_word' id='word_1_203' title='bbox 2925 3077 2993 3130; x_wconf 91' lang='lat' dir='ltr'>et</span> <span class='ocrx_word' id='word_1_204' title='bbox 3032 3067 3151 3131; x_wconf 85' lang='lat' dir='ltr'>ille</span> 
     </span>
     <span class='ocr_line' id='line_1_26' title="bbox 678 3171 3153 3253; baseline 0 -17"><span class='ocrx_word' id='word_1_205' title='bbox 678 3173 1210 3236; x_wconf 90' lang='lat' dir='ltr'>confessionum</span> <span class='ocrx_word' id='word_1_206' title='bbox 1236 3172 1528 3235; x_wconf 85' lang='lat' dir='ltr'>effectus</span> <span class='ocrx_word' id='word_1_207' title='bbox 1557 3171 2020 3235; x_wconf 90' lang='lat' dir='ltr'>admirandus</span> <span class='ocrx_word' id='word_1_208' title='bbox 2050 3171 2213 3247; x_wconf 90' lang='lat' dir='ltr'>fuit,</span> <span class='ocrx_word' id='word_1_209' title='bbox 2249 3171 2434 3252; x_wconf 94' lang='lat' dir='ltr'>quod</span> <span class='ocrx_word' id='word_1_210' title='bbox 2465 3190 2626 3236; x_wconf 95' lang='lat' dir='ltr'>cum</span> <span class='ocrx_word' id='word_1_211' title='bbox 2656 3173 2943 3253; x_wconf 90' lang='lat' dir='ltr'>quidam</span> <span class='ocrx_word' id='word_1_212' title='bbox 2981 3191 3153 3253; x_wconf 80' lang='lat' dir='ltr'>apo—-</span> 
     </span>
     <span class='ocr_line' id='line_1_27' title="bbox 683 3278 3152 3360; baseline 0 -17"><span class='ocrx_word' id='word_1_213' title='bbox 683 3287 982 3343; x_wconf 88' lang='lat' dir='ltr'>stemate</span> <span class='ocrx_word' id='word_1_214' title='bbox 1011 3280 1224 3360; x_wconf 89' lang='lat' dir='ltr'>gravi</span> <span class='ocrx_word' id='word_1_215' title='bbox 1252 3280 1633 3358; x_wconf 90' lang='lat' dir='ltr'>laboraret,</span> <span class='ocrx_word' id='word_1_216' title='bbox 1668 3288 1736 3342; x_wconf 90' lang='lat' dir='ltr'>et</span> <span class='ocrx_word' id='word_1_217' title='bbox 1769 3278 1841 3341; x_wconf 90' lang='lat' dir='ltr'>in</span> <span class='ocrx_word' id='word_1_218' title='bbox 1871 3278 2183 3341; x_wconf 86' lang='lat' dir='ltr'>medicos</span> <span class='ocrx_word' id='word_1_219' title='bbox 2213 3280 2452 3342; x_wconf 87' lang='lat' dir='ltr'>multis</span> <span class='ocrx_word' id='word_1_220' title='bbox 2480 3280 2800 3359; x_wconf 88' lang='lat' dir='ltr'>pecuniis</span> <span class='ocrx_word' id='word_1_221' title='bbox 2830 3283 3152 3360; x_wconf 85' lang='lat' dir='ltr'>erogatis</span> 
     </span>
     <span class='ocr_line' id='line_1_28' title="bbox 679 3386 3157 3466; baseline 0.001 -17"><span class='ocrx_word' id='word_1_222' title='bbox 679 3387 1065 3450; x_wconf 89' lang='lat' dir='ltr'>sanitatem</span> <span class='ocrx_word' id='word_1_223' title='bbox 1093 3386 1412 3449; x_wconf 89' lang='lat' dir='ltr'>obtinere</span> <span class='ocrx_word' id='word_1_224' title='bbox 1440 3403 1804 3466; x_wconf 91' lang='lat' dir='ltr'>nunquam</span> <span class='ocrx_word' id='word_1_225' title='bbox 1850 3394 2208 3465; x_wconf 92' lang='lat' dir='ltr'>potuerat,</span> <span class='ocrx_word' id='word_1_226' title='bbox 2251 3386 2354 3448; x_wconf 93' lang='lat' dir='ltr'>illi</span> <span class='ocrx_word' id='word_1_227' title='bbox 2391 3398 2897 3466; x_wconf 89' lang='lat' dir='ltr'>persuaserunt</span> <span class='ocrx_word' id='word_1_228' title='bbox 2937 3389 3157 3459; x_wconf 37' lang='lat' dir='ltr'>amici.</span> 
     </span>
     <span class='ocr_line' id='line_1_29' title="bbox 680 3492 3150 3576; baseline 0.001 -19"><span class='ocrx_word' id='word_1_229' title='bbox 680 3504 758 3557; x_wconf 93' lang='lat' dir='ltr'>ut</span> <span class='ocrx_word' id='word_1_230' title='bbox 799 3494 1066 3557; x_wconf 93' lang='lat' dir='ltr'>nostris</span> <span class='ocrx_word' id='word_1_231' title='bbox 1104 3493 1581 3571; x_wconf 91' lang='lat' dir='ltr'>confiteretur,</span> <span class='ocrx_word' id='word_1_232' title='bbox 1637 3494 1743 3556; x_wconf 91' lang='lat' dir='ltr'>sic</span> <span class='ocrx_word' id='word_1_233' title='bbox 1784 3492 1968 3555; x_wconf 87' lang='lat' dir='ltr'>forte</span> <span class='ocrx_word' id='word_1_234' title='bbox 2011 3494 2390 3556; x_wconf 90' lang='lat' dir='ltr'>sanitatem</span> <span class='ocrx_word' id='word_1_235' title='bbox 2438 3494 2654 3557; x_wconf 91' lang='lat' dir='ltr'>animi</span> <span class='ocrx_word' id='word_1_236' title='bbox 2705 3503 2775 3557; x_wconf 90' lang='lat' dir='ltr'>et</span> <span class='ocrx_word' id='word_1_237' title='bbox 2824 3496 3150 3576; x_wconf 88' lang='lat' dir='ltr'>corporis</span> 
     </span>
     <span class='ocr_line' id='line_1_30' title="bbox 682 3592 3152 3683; baseline 0 -20"><span class='ocrx_word' id='word_1_238' title='bbox 682 3612 1218 3665; x_wconf 91' lang='lat' dir='ltr'>consecuturus.</span> <span class='ocrx_word' id='word_1_239' title='bbox 1262 3600 1590 3664; x_wconf 87' lang='lat' dir='ltr'>Obedivit</span> <span class='ocrx_word' id='word_1_240' title='bbox 1619 3600 1730 3663; x_wconf 87' lang='lat' dir='ltr'>vir</span> <span class='ocrx_word' id='word_1_241' title='bbox 1760 3601 2024 3679; x_wconf 85' lang='lat' dir='ltr'>bonuS,</span> <span class='ocrx_word' id='word_1_242' title='bbox 2058 3617 2189 3663; x_wconf 87' lang='lat' dir='ltr'>nec</span> <span class='ocrx_word' id='word_1_243' title='bbox 2236 3618 2365 3664; x_wconf 91' lang='lat' dir='ltr'>sua</span> <span class='ocrx_word' id='word_1_244' title='bbox 2406 3618 2529 3680; x_wconf 90' lang='lat' dir='ltr'>spe</span> <span class='ocrx_word' id='word_1_245' title='bbox 2568 3601 2951 3665; x_wconf 86' lang='lat' dir='ltr'>frustratus</span> <span class='ocrx_word' id='word_1_246' title='bbox 2990 3592 3152 3683; x_wconf 76' lang='lat' dir='ltr'>fuit;</span> 
     </span>
     <span class='ocr_line' id='line_1_31' title="bbox 680 3707 3151 3789; baseline 0.001 -19"><span class='ocrx_word' id='word_1_247' title='bbox 680 3707 879 3771; x_wconf 87' lang='lat' dir='ltr'>brevi</span> <span class='ocrx_word' id='word_1_248' title='bbox 901 3726 1204 3788; x_wconf 90' lang='lat' dir='ltr'>namque</span> <span class='ocrx_word' id='word_1_249' title='bbox 1229 3709 1608 3771; x_wconf 89' lang='lat' dir='ltr'>sanitatem</span> <span class='ocrx_word' id='word_1_250' title='bbox 1627 3707 1949 3788; x_wconf 93' lang='lat' dir='ltr'>corporis</span> <span class='ocrx_word' id='word_1_251' title='bbox 1971 3716 2077 3771; x_wconf 91' lang='lat' dir='ltr'>est</span> <span class='ocrx_word' id='word_1_252' title='bbox 2098 3707 2422 3788; x_wconf 82' lang='lat' dir='ltr'>adeptuS,</span> <span class='ocrx_word' id='word_1_253' title='bbox 2444 3726 2606 3771; x_wconf 93' lang='lat' dir='ltr'>cum</span> <span class='ocrx_word' id='word_1_254' title='bbox 2621 3709 2818 3788; x_wconf 90' lang='lat' dir='ltr'>prius</span> <span class='ocrx_word' id='word_1_255' title='bbox 2842 3710 3151 3789; x_wconf 77' lang='lat' dir='ltr'>animae,</span> 
     </span>
     <span class='ocr_line' id='line_1_32' title="bbox 680 3815 1610 3894; baseline -0.003 -17"><span class='ocrx_word' id='word_1_256' title='bbox 680 3829 756 3877; x_wconf 92' lang='lat' dir='ltr'>ut</span> <span class='ocrx_word' id='word_1_257' title='bbox 786 3824 1132 3894; x_wconf 85' lang='lat' dir='ltr'>speratur,</span> <span class='ocrx_word' id='word_1_258' title='bbox 1168 3815 1610 3878; x_wconf 89' lang='lat' dir='ltr'>obtinuisset.</span> 
     </span>
    </p>

    <p class='ocr_par' dir='ltr' id='par_1_6' title="bbox 675 3921 3211 4752">
     <span class='ocr_line' id='line_1_33' title="bbox 800 3921 3149 4004; baseline 0.002 -21"><span class='ocrx_word' id='word_1_259' title='bbox 800 3921 941 3985; x_wconf 89' lang='lat'><strong>297.</strong></span> <span class='ocrx_word' id='word_1_260' title='bbox 1029 3922 1207 3986; x_wconf 90' lang='lat' dir='ltr'>Cum</span> <span class='ocrx_word' id='word_1_261' title='bbox 1230 3921 1637 4002; x_wconf 88' lang='lat' dir='ltr'>jubilaeum,</span> <span class='ocrx_word' id='word_1_262' title='bbox 1673 3940 1716 3986; x_wconf 89' lang='lat' dir='ltr'>a</span> <span class='ocrx_word' id='word_1_263' title='bbox 1746 3921 2086 3985; x_wconf 89' lang='lat' dir='ltr'>Pontifice</span> <span class='ocrx_word' id='word_1_264' title='bbox 2116 3938 2536 3985; x_wconf 88' lang='lat' dir='ltr'>concessum</span> <span class='ocrx_word' id='word_1_265' title='bbox 2562 3940 2696 4001; x_wconf 92' lang='lat' dir='ltr'>pro</span> <span class='ocrx_word' id='word_1_266' title='bbox 2743 3939 2920 4004; x_wconf 91' lang='lat' dir='ltr'>pace</span> <span class='ocrx_word' id='word_1_267' title='bbox 2964 3923 3149 3987; x_wconf 89' lang='lat' dir='ltr'>inter</span> 
     </span>
     <span class='ocr_line' id='line_1_34' title="bbox 678 4028 3155 4110; baseline 0.002 -20"><span class='ocrx_word' id='word_1_268' title='bbox 678 4028 1033 4109; x_wconf 89' lang='lat' dir='ltr'>principes</span> <span class='ocrx_word' id='word_1_269' title='bbox 1061 4028 1505 4093; x_wconf 87' lang='lat' dir='ltr'>Christianos</span> <span class='ocrx_word' id='word_1_270' title='bbox 1533 4030 2010 4110; x_wconf 88' lang='lat' dir='ltr'>impetranda,</span> <span class='ocrx_word' id='word_1_271' title='bbox 2043 4029 2478 4109; x_wconf 91' lang='lat' dir='ltr'>publicatum</span> <span class='ocrx_word' id='word_1_272' title='bbox 2506 4029 2785 4108; x_wconf 87' lang='lat' dir='ltr'>suisset,</span> <span class='ocrx_word' id='word_1_273' title='bbox 2822 4047 3155 4094; x_wconf 88' lang='lat' dir='ltr'>carceres</span> 
     </span>
     <span class='ocr_line' id='line_1_35' title="bbox 675 4135 3149 4217; baseline 0.001 -19"><span class='ocrx_word' id='word_1_274' title='bbox 675 4153 922 4198; x_wconf 89' lang='lat' dir='ltr'>omnes</span> <span class='ocrx_word' id='word_1_275' title='bbox 950 4137 1177 4200; x_wconf 90' lang='lat' dir='ltr'>nostri</span> <span class='ocrx_word' id='word_1_276' title='bbox 1207 4137 1609 4215; x_wconf 86' lang='lat' dir='ltr'>visitarunt,</span> <span class='ocrx_word' id='word_1_277' title='bbox 1639 4146 1706 4199; x_wconf 89' lang='lat' dir='ltr'>et</span> <span class='ocrx_word' id='word_1_278' title='bbox 1736 4135 1826 4199; x_wconf 91' lang='lat' dir='ltr'>ad</span> <span class='ocrx_word' id='word_1_279' title='bbox 1857 4136 2027 4200; x_wconf 89' lang='lat' dir='ltr'>illud</span> <span class='ocrx_word' id='word_1_280' title='bbox 2055 4136 2583 4217; x_wconf 90' lang='lat' dir='ltr'>suscipiendum</span> <span class='ocrx_word' id='word_1_281' title='bbox 2612 4155 2857 4200; x_wconf 91' lang='lat' dir='ltr'>omnes</span> <span class='ocrx_word' id='word_1_282' title='bbox 2887 4137 3149 4201; x_wconf 88' lang='lat' dir='ltr'>ibidem</span> 
     </span>
     <span class='ocr_line' id='line_1_36' title="bbox 677 4242 3211 4331; baseline 0.001 -26"><span class='ocrx_word' id='word_1_283' title='bbox 677 4242 991 4306; x_wconf 91' lang='lat' dir='ltr'>inclusos</span> <span class='ocrx_word' id='word_1_284' title='bbox 1021 4251 1185 4306; x_wconf 89' lang='lat' dir='ltr'>sunt</span> <span class='ocrx_word' id='word_1_285' title='bbox 1216 4244 1605 4322; x_wconf 90' lang='lat' dir='ltr'>cohortati;</span> <span class='ocrx_word' id='word_1_286' title='bbox 1640 4252 1739 4322; x_wconf 92' lang='lat' dir='ltr'>et,</span> <span class='ocrx_word' id='word_1_287' title='bbox 1775 4261 1938 4306; x_wconf 93' lang='lat' dir='ltr'>cum</span> <span class='ocrx_word' id='word_1_288' title='bbox 1967 4244 2168 4306; x_wconf 93' lang='lat' dir='ltr'>multi</span> <span class='ocrx_word' id='word_1_289' title='bbox 2198 4244 2721 4324; x_wconf 88' lang='lat' dir='ltr'>eleemosynam</span> <span class='ocrx_word' id='word_1_290' title='bbox 2750 4262 2893 4307; x_wconf 93' lang='lat' dir='ltr'>non</span> <span class='ocrx_word' id='word_1_291' title='bbox 2936 4245 3151 4308; x_wconf 59' lang='lat' dir='ltr'>habe«</span> <span class='ocrx_word' id='word_1_292' title='bbox 3195 4316 3211 4331; x_wconf 51' lang='grc'>,</span> 
     </span>
     <span class='ocr_line' id='line_1_37' title="bbox 676 4348 3149 4432; baseline 0.002 -21"><span class='ocrx_word' id='word_1_293' title='bbox 676 4358 856 4428; x_wconf 89' lang='lat' dir='ltr'>rent,</span> <span class='ocrx_word' id='word_1_294' title='bbox 884 4367 1096 4429; x_wconf 91' lang='lat' dir='ltr'>quam</span> <span class='ocrx_word' id='word_1_295' title='bbox 1115 4349 1317 4429; x_wconf 79' lang='lat' dir='ltr'>Juxta</span> <span class='ocrx_word' id='word_1_296' title='bbox 1338 4348 1628 4429; x_wconf 90' lang='lat' dir='ltr'>jubilaei</span> <span class='ocrx_word' id='word_1_297' title='bbox 1657 4359 1977 4413; x_wconf 92' lang='lat' dir='ltr'>tenorem</span> <span class='ocrx_word' id='word_1_298' title='bbox 2009 4350 2514 4429; x_wconf 91' lang='lat' dir='ltr'>elargirentur,</span> <span class='ocrx_word' id='word_1_299' title='bbox 2550 4352 2776 4414; x_wconf 89' lang='lat' dir='ltr'>nostri</span> <span class='ocrx_word' id='word_1_300' title='bbox 2808 4361 3149 4432; x_wconf 89' lang='lat' dir='ltr'>quantum</span> 
     </span>
     <span class='ocr_line' id='line_1_38' title="bbox 677 4456 3154 4536; baseline 0.002 -18"><span class='ocrx_word' id='word_1_301' title='bbox 677 4457 1158 4520; x_wconf 89' lang='lat' dir='ltr'>necessarium</span> <span class='ocrx_word' id='word_1_302' title='bbox 1187 4465 1341 4519; x_wconf 88' lang='lat' dir='ltr'>erat</span> <span class='ocrx_word' id='word_1_303' title='bbox 1370 4458 1474 4520; x_wconf 94' lang='lat' dir='ltr'>eis</span> <span class='ocrx_word' id='word_1_304' title='bbox 1503 4457 1879 4534; x_wconf 89' lang='lat' dir='ltr'>dederunt;</span> <span class='ocrx_word' id='word_1_305' title='bbox 1912 4465 1982 4518; x_wconf 90' lang='lat' dir='ltr'>et</span> <span class='ocrx_word' id='word_1_306' title='bbox 2021 4456 2188 4536; x_wconf 92' lang='lat' dir='ltr'>quia</span> <span class='ocrx_word' id='word_1_307' title='bbox 2233 4474 2377 4520; x_wconf 90' lang='lat' dir='ltr'>non</span> <span class='ocrx_word' id='word_1_308' title='bbox 2419 4458 2730 4521; x_wconf 92' lang='lat' dir='ltr'>omnium</span> <span class='ocrx_word' id='word_1_309' title='bbox 2773 4458 3154 4522; x_wconf 59' lang='lat' dir='ltr'>confessio«</span> 
     </span>
     <span class='ocr_line' id='line_1_39' title="bbox 678 4563 3155 4645; baseline 0.002 -21"><span class='ocrx_word' id='word_1_310' title='bbox 678 4581 804 4626; x_wconf 93' lang='lat' dir='ltr'>nes</span> <span class='ocrx_word' id='word_1_311' title='bbox 834 4564 966 4627; x_wconf 94' lang='lat' dir='ltr'>soli</span> <span class='ocrx_word' id='word_1_312' title='bbox 995 4574 1064 4627; x_wconf 92' lang='lat' dir='ltr'>et</span> <span class='ocrx_word' id='word_1_313' title='bbox 1095 4564 1167 4627; x_wconf 95' lang='lat' dir='ltr'>in</span> <span class='ocrx_word' id='word_1_314' title='bbox 1198 4564 1354 4627; x_wconf 91' lang='lat' dir='ltr'>aliis</span> <span class='ocrx_word' id='word_1_315' title='bbox 1399 4563 1765 4627; x_wconf 89' lang='lat' dir='ltr'>audiendis</span> <span class='ocrx_word' id='word_1_316' title='bbox 1806 4563 2136 4643; x_wconf 91' lang='lat' dir='ltr'>occupati</span> <span class='ocrx_word' id='word_1_317' title='bbox 2178 4564 2423 4627; x_wconf 90' lang='lat' dir='ltr'>audire</span> <span class='ocrx_word' id='word_1_318' title='bbox 2459 4573 2819 4645; x_wconf 88' lang='lat' dir='ltr'>poterant,</span> <span class='ocrx_word' id='word_1_319' title='bbox 2867 4566 3155 4629; x_wconf 55' lang='lat' dir='ltr'>curavit&gt;</span> 
     </span>
     <span class='ocr_line' id='line_1_40' title="bbox 676 4657 3153 4752; baseline 0.002 -21"><span class='ocrx_word' id='word_1_320' title='bbox 676 4667 757 4732; x_wconf 89' lang='lat' dir='ltr'>P.</span> <span class='ocrx_word' id='word_1_321' title='bbox 790 4670 1065 4735; x_wconf 91' lang='lat' dir='ltr'>Natalis</span> <span class='ocrx_word' id='word_1_322' title='bbox 1094 4680 1172 4734; x_wconf 95' lang='lat' dir='ltr'>ut</span> <span class='ocrx_word' id='word_1_323' title='bbox 1201 4689 1291 4734; x_wconf 87' lang='lat' dir='ltr'>ex</span> <span class='ocrx_word' id='word_1_324' title='bbox 1321 4671 1479 4735; x_wconf 92' lang='lat' dir='ltr'>aliis</span> <span class='ocrx_word' id='word_1_325' title='bbox 1518 4657 1795 4752; x_wconf 85' lang='lat' dir='ltr'>quoque</span> <span class='ocrx_word' id='word_1_326' title='bbox 1838 4670 2301 4749; x_wconf 85' lang='lat' dir='ltr'>religionibus</span> <span class='ocrx_word' id='word_1_327' title='bbox 2345 4672 2753 4735; x_wconf 89' lang='lat' dir='ltr'>sacerdotes</span> <span class='ocrx_word' id='word_1_328' title='bbox 2791 4673 3153 4736; x_wconf 65' lang='lat' dir='ltr'>mitterem</span> 
     </span>
    </p>
   </div>
  </div>
 </body>
</html>
