3679 5414
1571 442 1698 500 ΑΝ.
1748 438 1879 500 1551
2847 440 2958 500 347

480 579 672 661 diae,
706 583 779 646 in
808 583 1229 664 Hispaniam
1258 594 1683 667 pervenerat
1713 595 1782 650 et
1812 586 1975 649 inde
2008 585 2413 653 Valentiam
2443 586 2533 650 ad
2562 602 2770 650 suum
2800 584 2953 650 Col·

479 689 746 767 legium
786 707 863 754 se
903 693 1220 756 contulit.
1268 692 1537 759 Eodem
1573 692 1650 756 P.
1694 692 2177 773 Hieronymus
2220 692 2632 756 Domenech
2676 693 2952 757 decimo

476 795 596 859 die
635 796 906 879 Aprilis
954 800 1303 880 pervenit.
1347 798 1764 881 Majoricae,
1803 787 1977 863 dum
2016 799 2383 878 transiret,
2430 782 2629 863 multi
2676 799 2950 864 nobiles

477 904 623 967 viri
651 922 812 967 eum
841 905 1259 987 inviserunt,
1294 916 1386 985 et,
1421 915 1497 972 ut
1527 906 1677 988 ipse
1705 907 2012 989 scripsit,
2041 924 2199 970 eam
2225 907 2624 969 animorum
2655 906 2945 988 disposi-

477 1011 747 1074 tionem
775 1012 849 1075 in
878 1013 982 1075 eis
1011 1014 1282 1077 invenit
1310 1023 1386 1077 ut
1422 1031 1566 1077 non
1605 1031 1860 1095 parum
1898 1014 2058 1077 inde
2100 1013 2610 1076 consolationis
2649 1013 2946 1078 referret

474 1126 549 1179 et
576 1116 884 1181 fructum
915 1136 1060 1181 non
1086 1120 1589 1200 poenitendum
1619 1137 1841 1200 opera
1869 1118 2246 1184 Societatis
2288 1120 2385 1182 ibi
2411 1120 2943 1200 percipiendum

469 1234 817 1303 speraret.
849 1225 1010 1307 Jam
1040 1234 1209 1290 tunc
1239 1227 1326 1290 de
1366 1226 1682 1308 Collegio
1725 1225 2158 1290 instituendo
2201 1225 2585 1306 Majoricae
2626 1228 2745 1306 agi
2785 1246 2941 1292 coe·

472 1339 674 1411 ptum
714 1342 856 1411 est,
905 1342 975 1397 et
1026 1334 1195 1414 quia
1244 1333 1728 1413 navigationis
1779 1335 2017 1397 oblata
2067 1334 2532 1397 commoditas
2582 1336 2941 1409 tractatio-

468 1455 636 1502 nem
674 1440 860 1503 hanc
901 1441 1309 1522 interrupit,
1352 1441 1759 1505 Valentiam
1801 1458 1880 1504 se
1929 1441 2320 1521 scripturos
2366 1441 2583 1521 aliqui
2625 1441 2762 1504 viri
2803 1443 2939 1524 pri·

468 1546 681 1609 marii
708 1545 846 1610 hac
875 1548 1031 1629 ipsa
1060 1548 1147 1611 de
1169 1565 1247 1611 re
1268 1548 1765 1628 promiserunt.

589 1652 733 1717 374.
830 1654 1214 1734 Postquam
1269 1672 1456 1735 ergo·
1500 1655 1910 1718 Valentiam
1964 1654 2455 1735 pervenisset,
2515 1672 2784 1746 paucos
2840 1657 2936 1720 ibi

465 1759 621 1824 dies
654 1771 1133 1826 commoratus
1162 1772 1231 1826 et
1261 1762 1422 1829 inde
1451 1762 1805 1827 Gandiam
1835 1762 2162 1841 veniens,
2205 1779 2350 1825 non
2392 1779 2646 1843 parum
2688 1780 2936 1827 conso-

465 1867 751 1932 lationis
799 1878 870 1933 et
909 1870 1181 1950 accepit
1221 1870 1409 1952 ipse,
1453 1870 1622 1934 dum
1665 1854 2059 1948 Collegium
2113 1870 2511 1933 absolutum
2555 1868 2937 1935 Societatis

464 1975 742 2039 videret
771 1986 841 2040 et
869 1978 1090 2041 multa
1121 1977 1206 2040 de
1237 1977 1314 2041 P.
1347 1978 1405 2040 F
1410 1977 1737 2041 rancisco
1767 1977 2067 2056 Borgia,
2103 1994 2283 2057 quae
2317 1977 2382 2039 ei
2419 1977 2929 2057 referebantur,

459 2082 737 2164 didicit,
770 2101 1091 2165 quaeque
1122 2102 1268 2148 non
1295 2085 1526 2148 solum
1568 2083 2052 2148 saecularibus
2094 2083 2398 2146 dominis
2437 2082 2560 2145 sed
2597 2084 2933 2165 perfectis

458 2190 678 2254 etiam
705 2191 1059 2272 religiosis
1088 2192 1180 2255 ad
1209 2192 1752 2256 admirationem
1783 2201 1853 2254 et
1882 2190 2369 2254 confusionem
2399 2199 2623 2254 erant.
2669 2190 2929 2256 Conso-

461 2297 648 2360 latus
698 2308 804 2362 est
853 2308 923 2361 et
981 2300 1131 2379 ipse
1182 2299 1440 2362 fratres
1491 2308 1561 2362 et
1611 2300 1828 2363 etiam
1882 2300 2221 2378 populum
2270 2298 2795 2378 concionandO,
2852 2309 2929 2363 ut

456 2403 727 2468 dictum
776 2415 918 2487 est,
972 2416 1043 2469 et
1089 2406 1558 2470 familiaribus
1615 2406 2008 2485 colloquiis.
2054 2404 2232 2468 Cum
2278 2404 2625 2488 Jativam,
2680 2406 2928 2469 urbem

459 2512 666 2592 regni
694 2511 1060 2577 Valentini
1092 2530 1221 2576 sex
1248 2522 1372 2577 aut
1399 2521 1669 2595 septem
1711 2513 1934 2576 leucis
1979 2512 2140 2576 inde
2184 2512 2602 2591 distantem,
2642 2512 2745 2575 ire
2784 2514 2924 2576 vel-

457 2618 583 2699 let,
618 2629 689 2683 et
718 2638 802 2683 ea
847 2620 920 2683 in
958 2620 1131 2683 urbe
1162 2620 1313 2701 ejus
1353 2620 1703 2685 adventus
1747 2621 2197 2698 innotuisset,
2245 2620 2589 2683 miserunt
2632 2620 2722 2682 ad
2761 2636 2924 2684 eum

451 2727 823 2807 nuncium,
882 2728 1002 2808 qui
1041 2737 1332 2807 rogaret
1369 2737 1446 2791 ut
1487 2729 1561 2791 in
1599 2728 1779 2791 festo
1829 2728 2264 2792 Inventionis
2316 2726 2621 2791 Sanctae
2671 2728 2926 2793 Crucis

448 2834 642 2915 apud
672 2852 749 2898 se
779 2835 1349 2909 concionaretur;
1388 2836 1701 2899 solemne
1740 2837 1930 2899 enim
1960 2836 2094 2899 hoc
2137 2836 2395 2899 festum
2440 2836 2575 2899 illis
2619 2845 2796 2900 erat.
2839 2836 2919 2900 In

445 2942 750 3006 ecclesia
799 2959 974 3022 ergo
1004 2941 1273 3006 ordinis
1317 2941 1904 3007 Praedicatorum
1956 2944 2424 3007 concionatus
2453 2961 2615 3006 cum
2660 2960 2924 3023 magna

444 3046 844 3129 frequentia
874 3050 1278 3114 auditorum
1296 3099 1311 3130 ,
1346 3066 1780 3131 magnopere
1810 3067 1936 3113 eos
1963 3050 2037 3113 in
2066 3050 2317 3130 spiritu
2348 3051 2759 3113 consolatus
2789 3060 2917 3114 est.

442 3153 818 3236 Rogarunt
846 3174 1007 3220 eum
1044 3157 1263 3220 etiam
1291 3166 1367 3219 ut
1410 3157 1484 3220 in
1522 3156 1634 3220 die
1678 3156 2148 3220 Ascensionis
2191 3156 2419 3219 denuo
2465 3156 2923 3220 concionare-

442 3270 580 3342 tur,
613 3263 739 3326 sed
762 3280 902 3326 non
933 3272 1041 3326 est
1070 3264 1137 3326 ei
1166 3264 1401 3327 visum
1431 3263 1766 3343 expedire
1796 3272 1875 3326 ut
1905 3262 2208 3344 amplius
2238 3262 2333 3325 ibi
2365 3263 2716 3326 haereret.

561 3369 702 3433 375.
791 3370 1202 3434 Valentiam
1226 3370 1464 3451 itaque
1508 3369 1746 3449 rediit,
1790 3371 1909 3433 ubi
1948 3370 2301 3449 rogabant
2338 3386 2500 3432 eum
2541 3369 2798 3432 obnixe
2838 3379 2914 3432 ut

438 3474 515 3538 in
544 3475 937 3540 cathedrali
965 3477 1267 3540 ecclesia
1296 3477 1881 3557 concionaretur;
1914 3486 1984 3540 et
2012 3477 2178 3557 quia
2210 3476 2325 3540 ille
2347 3475 2542 3556 prius
2569 3475 2706 3538 hoc
2737 3493 2919 3539 onus

421 3582 999 3664 detrectaverat,
1035 3584 1385 3663 urgebant
1414 3582 1599 3664 quod
1631 3584 1703 3646 in
1734 3582 2163 3663 obedientia,
2198 3591 2273 3645 ut
2303 3581 2443 3645 filio
2485 3581 2633 3662 eJus
2676 3581 2910 3661 Urbis,

436 3690 765 3753 canonici
815 3700 884 3754 et
939 3690 1275 3754 Vicarius
1322 3690 1676 3769 generalis
1727 3691 2176 3771 praecepturi
2235 3689 2305 3752 id
2362 3698 2588 3752 erant.
2649 3690 2913 3753 Fuerat

431 3797 603 3862 olim
653 3797 1039 3861 canonicus
1078 3795 1229 3877 ejus
1266 3797 1610 3860 ecclesiae
1651 3798 1727 3861 P.
1782 3797 2282 3877 Hieronymus.
2332 3795 2621 3860 Italicae
2672 3805 2913 3859 tamen

431 3904 721 3983 linguae
761 3913 1089 3968 assuetus
1125 3905 1588 3968 vernaculam
1626 3921 1774 3967 non
1813 3904 2075 3985 optime
2117 3903 2433 3984 tenebat,
2481 3920 2701 3984 quare
2741 3921 2907 3967 con·

427 4011 760 4076 stituerat
799 4031 842 4076 a
880 4012 1341 4076 concionibus
1379 4011 1755 4075 Valentiae
1794 4011 2171 4075 abstinere.
2215 4011 2375 4075 Non
2402 4011 2630 4091 potuit
2670 4020 2909 4075 autem

429 4134 699 4199 negare
729 4119 917 4200 quod
945 4129 1091 4183 tam
1120 4120 1234 4200 pie
1263 4128 1333 4182 et
1362 4120 1706 4188 instanter
1736 4119 2108 4199 petebatur
2138 4128 2207 4181 et
2236 4119 2550 4182 secundo
2582 4119 2694 4182 die
2733 4118 2905 4182 Pen·
2982 4139 2987 4144 ·

427 4233 737 4290 tecostes
786 4245 948 4292 cum
985 4227 1298 4290 maximo
1342 4226 1693 4291 auditorio
1735 4227 1807 4290 in
1852 4226 2244 4290 cathedrali
2285 4225 2585 4289 ecclesia
2631 4226 2910 4289 concio·
3000 4251 3022 4274 ·

426 4341 673 4414 natuS,
715 4333 869 4398 Deo
906 4333 1236 4415 juvante,
1286 4334 1564 4399 abunde
1601 4335 1863 4416 populo
1900 4333 2275 4412 satisfecit3
2318 4343 2387 4396 et
2426 4334 2668 4396 statim
2711 4342 2787 4396 ut
2831 4335 2905 4397 in

425 4440 772 4520 parochia
802 4440 930 4505 Sti.
962 4439 1291 4523 JoanniS,
1327 4459 1509 4522 quae
1539 4451 1699 4522 post
1730 4440 2212 4505 cathedralem
2242 4440 2617 4504 ecclesiam
2646 4440 2906 4522 prima·

425 4547 535 4610 ria
587 4556 727 4628 est,
781 4556 860 4611 ut
911 4548 1460 4612 concionaretur
1508 4550 1891 4628 urgebant,
1948 4557 2017 4612 et
2066 4548 2425 4612 recusanti
2476 4547 2566 4610 ob
2616 4548 2907 4628 linguae

421 4654 813 4735 defectum,
869 4673 947 4718 se
995 4654 1169 4719 satis
1218 4673 1379 4719 eum
1428 4656 1818 4735 intelligere
1877 4655 2420 4735 respondebant.
2477 4653 2633 4736 Ipse
2687 4656 2908 4732 etiam
