3679 5414
721 419 837 479 616
1634 418 1890 480 Canon.
1930 417 2082 479 Soc.
2125 418 2266 491 jas·

728 584 857 646 per
888 566 1514 647 complectebatur;
1548 574 1639 647 et,
1676 567 1737 629 si
1764 566 2065 630 liberum
2093 567 2159 630 ei
2187 566 2464 645 fuisset,
2498 585 2575 630 se
2605 565 3035 636 Societatem
3068 586 3192 633 no·

729 682 953 737 stram
985 674 1473 753 ingressurum
1501 673 1928 753 affirmabat,
1968 675 2182 738 immo
2212 692 2342 755 pro
2373 691 2645 738 summo
2687 673 2823 737 Dei
2850 675 3210 740 beneficio-

729 781 799 845 id
831 798 907 844 se
936 781 1366 850 habiturum.

844 888 985 953 459.
1075 889 1298 953 Auxit
1337 899 1573 953 autem
1612 890 1923 953 civitatis
1967 898 2037 952 et
2074 889 2578 954 Universitatis
2627 888 2963 953 affectum
3013 906 3186 969 erga

671 1015 674 1021 ·
725 996 1154 1061 Societatem
1203 997 1552 1060 adventus
1601 997 1679 1060 P.
1731 996 2100 1060 Francisci
2138 995 2434 1075 Borgia,
2479 994 2566 1058 de
2607 1012 2744 1076 quo
2776 1005 2882 1059 est
2921 1006 3183 1076 actum,

725 1103 926 1184 cujus
967 1104 1418 1167 conversatio
1456 1112 1526 1167 et
1569 1104 1921 1184 colloquia
1971 1103 2295 1183 angelica
2338 1103 2573 1182 potius
2612 1120 2825 1183 quam
2872 1103 3184 1167 humana

725 1212 962 1275 multis
991 1212 1437 1292 videbantur3
1471 1211 1596 1275 sed
1624 1211 1797 1275 nihil
1825 1212 2057 1290 magis
2088 1228 2302 1291 quam
2339 1210 2487 1290 ejus
2523 1210 2871 1290 profunda
2913 1211 3183 1274 humili·

723 1328 833 1382 tas
872 1319 1194 1382 homines
1237 1319 1452 1383 etiam
1493 1319 1895 1400 spirituales
1932 1319 2004 1382 in
2054 1317 2594 1382 admirationem
2633 1318 2958 1382 ducebat.
3004 1317 3185 1382 Cum

723 1436 959 1489 autem
989 1424 1426 1491 Salmantica
1452 1427 1534 1490 29
1561 1426 1827 1507 Aprilis
1859 1426 2255 1503 recederet,
2291 1426 2698 1505 quidam—ex
2736 1425 3195 1489 scholasticis.

708 1531 870 1612 ejus
899 1533 1404 1598 Universitatis
1431 1534 1719 1596 minime
1749 1534 2073 1597 obscuris
2100 1531 2177 1596 P.
2209 1532 2268 1596 F
2271 1533 2671 1596 ranciscum
2704 1532 3029 1595 comitari
3057 1549 3183 1595 vo-

721 1641 879 1715 luit,
915 1641 1033 1721 qui
1065 1640 1332 1703 tamdiu
1366 1640 1666 1721 Collegii
1706 1639 2290 1704 salmanticensis
2323 1649 2632 1703 sectator
2668 1639 2920 1702 fuerat.
2954 1638 3176 1719 Signi-

721 1747 964 1811 ficavit
1015 1757 1253 1811 autem
1301 1746 1377 1812 P.
1430 1748 1821 1812 Francisco
1872 1766 1949 1812 se
1987 1747 2273 1811 domum
2310 1748 2572 1811 habere
2612 1746 2974 1811 Granatae
3020 1764 3190 1810 cum

721 1855 1141 1935 quibusdam
1190 1855 1559 1933 reditibus,
1607 1873 1788 1936 quae
1826 1854 2166 1919 Societati
2204 1855 2296 1918 ad
2347 1854 2643 1933 Collegii
2691 1854 2967 1916 initium
3006 1854 3180 1917 dare

721 1962 1113 2042 cogitabat3
1147 1962 1272 2027 sed
1300 1965 1641 2044 paulatim
1672 1981 1875 2028 suam
1904 1972 2212 2026 mentem
2240 1964 2472 2042 magis
2501 1962 2896 2042 explicanS,
2931 1961 3018 2023 de
3054 1959 3179 2024 So-

720 2071 1000 2134 cietatis
1030 2072 1357 2150 ingressu
1389 2087 1604 2151 agere
1634 2072 1896 2150 coepit,
1931 2080 2000 2133 et
2036 2069 2196 2134 ideo
2234 2087 2492 2150 cupere
2523 2087 2599 2132 se
2639 2068 2727 2130 ad
2768 2066 3191 2148 Ognatense

716 2176 1112 2257 Collegium
1141 2177 1221 2244 P.
1252 2178 1310 2241 F
1312 2179 1716 2242 ranciscum
1745 2178 2095 2242 comitari.
2129 2176 2390 2240 Missus
2425 2187 2529 2240 est
2560 2177 2796 2256 itaque
2830 2176 2921 2239 ad
2952 2175 3179 2239 Colle·

715 2285 913 2363 gium
962 2285 1164 2365 illud,
1211 2286 1375 2366 quia
1415 2303 1559 2348 non
1607 2286 1802 2365 prius
1853 2285 1940 2348 de
1978 2286 2188 2349 domo
2227 2293 2295 2347 et
2328 2284 2673 2348 reditibus
2722 2282 3173 2347 admittendis

718 2392 1074 2471 agendum
1103 2392 1478 2456 videbatur
1506 2410 1719 2473 quam
1749 2392 1835 2456 de
1860 2409 1988 2456 sua
2016 2410 2324 2474 persona
2352 2392 2487 2456 Dei
2516 2393 2847 2456 voluntas
2870 2400 2939 2454 et
2960 2408 3171 2454 voca·

716 2501 813 2563 tio
842 2501 1201 2564 intellecta
1230 2509 1438 2564 esset.
2908 2556 2912 2560 .

836 2607 975 2671 460.
1069 2608 1462 2672 Comitatus
1486 2617 1592 2671 est
1625 2608 1837 2670 etiam
1861 2606 1937 2670 P.
1974 2607 2102 2671 Dr.
2129 2608 2391 2671 Torres
2415 2608 2900 2688 Methymnam
2924 2606 3180 2686 Campi

716 2714 790 2779 P.
825 2716 885 2780 F
887 2716 1291 2786 ranciscum
1319 2717 1615 2797 Borgia3
1650 2726 1719 2780 et
1749 2717 1915 2797 quia
1942 2716 2019 2779 P.
2053 2717 2390 2795 IgnatiuS,
2426 2717 2922 2779 excusationes
2951 2716 3176 2778 humi=

714 2823 934 2900 litatis
964 2824 1264 2904 amplius
1291 2841 1436 2886 non
1466 2823 1877 2903 admittenS,
1904 2822 2306 2903 injunxerat
2335 2833 2412 2886 ut
2440 2823 2948 2903 professionem
2979 2823 3177 2886 emit-

714 2938 927 3009 teret,
961 2931 1033 2993 in
1066 2930 1267 3011 cujus
1311 2931 1637 2994 manibus
1668 2931 1910 3011 vellet,
1946 2931 2059 2994 die
2102 2931 2535 2993 Inventionis
2564 2930 2814 2994 Crucis
2844 2932 2916 2994 in
2954 2932 3169 2994 mani-

713 3038 845 3101 bus
875 3036 951 3100 P.
987 3037 1046 3101 F
1047 3038 1358 3101 rancisci
1396 3037 1661 3118 Borgia
1691 3055 1850 3101 eam
1880 3037 2335 3118 Methymnae
2366 3039 2619 3101 emisit.

834 3144 974 3206 461.
1062 3144 1222 3208 Νοῐι
1252 3145 1571 3208 omittam
1601 3145 1811 3226 quod,
1847 3163 2007 3208 cum
2037 3143 2334 3208 vidisset
2361 3146 2635 3208 litteras
2661 3145 2737 3208 P.
2764 3146 3025 3209 Torres
3054 3163 3171 3209 no·

711 3263 1021 3317 strorum
1067 3254 1534 3317 lusitanorum
1576 3253 1668 3316 ad
1709 3253 1785 3317 P.
1832 3251 2208 3332 Ignatium,
2242 3254 2363 3333 qui
2393 3270 2550 3316 eum
2583 3254 2700 3316 illa
2723 3253 3170 3333 simplicitate

709 3361 1002 3441 antiqua
1033 3361 1551 3441 compellabant
1581 3378 1706 3440 per
1754 3360 1824 3423 V.
1860 3361 1987 3440 R,
2017 3377 2178 3423 cum
2208 3370 2444 3423 tamen
2478 3378 2646 3423 usus
2686 3361 3171 3424 Paterm'tatis

711 3469 784 3532 in
829 3468 1210 3532 Castellam
1253 3477 1440 3532 esset
1489 3468 1851 3547 inductuS,
1893 3477 1963 3531 et
1994 3484 2167 3547 erga
2207 3467 2727 3531 Provincialem
2764 3487 2848 3532 ea
2898 3477 3177 3533 uteren—

709 3587 845 3657 tur,
882 3577 1250 3640 admonuit
1280 3575 1356 3639 P.
1383 3577 1738 3656 Ignatium
1765 3576 2118 3657 placuisse
2148 3577 2283 3639 sibi
2311 3594 2744 3656 magnopere
2769 3578 3169 3657 simplicita-

708 3694 851 3748 tem
901 3685 1125 3763 illam,
1160 3700 1370 3764 quam
1412 3683 1638 3747 Roma
1676 3683 1893 3746 etiam
1932 3684 2267 3747 usitatam
2304 3684 2617 3763 viderat,
2660 3694 2730 3747 et
2772 3686 3172 3750 hominibus

706 3809 1013 3872 magnae
1043 3791 1520 3855 aedificationi
1548 3808 1709 3855 eam
1739 3808 1894 3854 esse
1942 3791 2326 3855 asserebat.
2371 3791 2459 3854 Et
2489 3810 2782 3872 prorsus
2812 3793 2909 3855 ita
2941 3811 3017 3857 se
3055 3813 3179 3859 res.

708 3900 987 3978 habuit,
1022 3900 1187 3980 quia
1217 3899 1292 3963 P.
1328 3899 1645 3979 Ignatius
1676 3916 2037 3979 nunquam
2067 3900 2269 3963 aliter
2299 3917 2513 3979 quam
2551 3902 2778 3963 solent
2817 3901 3175 3982 simplices

709 4008 1120 4071 sacerdotes
1177 4008 1588 4088 compellari
1642 4024 1720 4070 se
1775 4007 2128 4087 permisit;
2187 4008 2515 4087 quamvis
2570 4017 2647 4071 ut
2703 4009 3170 4075 Provincialis

708 4115 1097 4196 Hispaniae
1127 4114 1498 4195 hispanico
1537 4131 1734 4178 more
1773 4131 1901 4195 per
1943 4113 2450 4178 Paternitatem
2494 4117 2894 4196 permiserit
2939 4120 3168 4198 appel·

707 4223 843 4286 lari
876 4221 917 4282 ¹.

787 4394 803 4425 ¹
862 4393 1134 4446 Polancns,
1157 4405 1224 4437 ex
1245 4405 1391 4445 com„
1409 4393 1556 4438 Patri
1576 4393 1859 4437 Francisco
1893 4393 1955 4436 de
1991 4391 2236 4447 Estrada,
2267 4404 2330 4436 ne
2364 4394 2416 4437 in
2448 4394 2745 4438 litterarum
2776 4395 2948 4450 capite
2976 4396 3177 4440 scribat

704 4464 823 4508 R.do
853 4465 951 4519 P.·,
979 4466 1007 4509 2
1037 4465 1288 4518 januarii.
1309 4466 1452 4510 Idem
1471 4467 1724 4520 scriptum
1744 4464 2026 4510 Francisco
2047 4466 2244 4510 Roman
2274 4471 2327 4509 et
2357 4466 2493 4510 aliis.
2522 4465 2661 4509 Idem
2683 4466 2829 4510 Patri
2862 4468 3088 4511 Antonio
3108 4468 3170 4511 de

708 4538 882 4581 Araoz
902 4538 1013 4581 fuse
1037 4543 1089 4581 et
1111 4538 1280 4581 facete
1302 4538 1364 4581 de
1393 4548 1488 4581 usn
1518 4536 1910 4590 Paternitatis,
1941 4536 2330 4591 Reverentiae,
2359 4543 2485 4590 etc.;
2517 4538 2719 4592 aliquas
2751 4544 2927 4582 tamen
2961 4540 3174 4594 regulas

707 4610 891 4653 statuit
908 4643 918 4660 ,
942 4615 999 4653 ut
1020 4620 1217 4653 morem
1235 4609 1467 4663 hispanis
1486 4615 1638 4663 gerat
1653 4641 1664 4662 ,
1700 4609 1843 4652 circa
1877 4619 2053 4653 eorum
2088 4610 2366 4653 verborum
2398 4621 2569 4663 usum,
2605 4610 2632 4652 4
2664 4609 2817 4662 junii.
2838 4610 2905 4653 V.
2929 4610 3118 4654 cartas
3132 4623 3179 4666 y

700 4684 848 4725 otros
870 4682 1094 4724 escritos
1113 4682 1201 4725 del
1219 4681 1286 4725 Β.
1307 4682 1362 4728 P.
1389 4680 1563 4724 Pedro
1581 4680 1784 4736 Fabro,
1803 4687 1841 4725 t.
1863 4692 1896 4737 1,
1918 4692 2038 4736 pag.
2058 4681 2153 4727 201.

2160 4841 2189 4871 ἱ
