3679 5414
1626 450 1755 508 ΑΝ.
1812 450 1953 507 1552
2544 474 2551 482 ·
2917 450 3020 507 461

686 595 819 659 109.
906 595 1069 658 Duo
1105 594 1405 676 juvenes
1444 594 1875 658 Societatem
1915 593 2195 672 ingredi
2232 594 2641 673 cupiebant3
2685 603 2755 656 et
2793 602 3033 657 tamen

548 716 672 767 >res
702 703 1092 767 differenda
1122 702 1280 766 visa
1311 711 1440 780 est,
1474 719 1637 765 cum
1670 702 1767 764 ibi
1808 699 2179 763 commode
2207 701 2496 780 probari
2536 720 2680 764 non
2717 712 3028 782 possent.

719 995 848 1059 DE
892 994 1264 1060 ITINERE
1302 994 1377 1058 P.
1423 993 1950 1059 SYLVESTRI
1988 993 2111 1057 ET
2148 994 2225 1056 P.
2270 992 2883 1058 EMMANUELIS

1564 1148 1634 1192 IN
1674 1147 2016 1192 CORSICAM

685 1343 820 1408 110.
909 1344 1372 1408 Mittebantur
1413 1345 1494 1422 ii,
1540 1354 1619 1406 ut
1657 1344 1985 1423 superius
2024 1343 2407 1423 tetigimuS,
2449 1343 2523 1406 in
2568 1342 2938 1406 Corsicam
2992 1363 3036 1407 a

544 1447 849 1516 Summo
881 1451 1242 1530 Pontifice,
1277 1460 1353 1514 ut
1382 1452 1792 1515 visitatores
1823 1459 1894 1513 et
1923 1451 2262 1513 extremis
2301 1449 2451 1530 ejus
2481 1451 2753 1514 insulae
2797 1469 3032 1515 neces·

557 1560 890 1630 sitatibus
914 1559 1397 1640 spiritualibus
1421 1559 1835 1636 consulturi,
1866 1575 2047 1638 quae
2071 1574 2376 1637 magnae
2399 1566 2625 1637 erant,
2652 1576 2813 1621 cum
2836 1577 3034 1621 sexa-

545 1667 761 1747 ginta
792 1668 999 1730 annis
1027 1667 1144 1729 vel
1173 1667 1629 1745 septuaginta
1658 1666 1895 1727 nullus
1925 1663 2322 1745 Episcopus
2362 1664 2654 1744 (septem
2695 1673 2935 1727 autem
2966 1666 3038 1727 in

557 1793 643 1837 ea
673 1775 904 1838 insula
936 1774 1299 1837 dioeceses
1329 1774 1513 1850 sunt)
1545 1791 1704 1836 eam
1732 1773 2103 1852 ingressus
2131 1781 2339 1834 esset.
2374 1770 2511 1835 Sed
2541 1771 3036 1852 Archiepisco·

556 1898 691 1963 pus
719 1881 1139 1959 Genuensis,
1169 1880 1287 1960 qui
1311 1878 1732 1959 Prolegatus
1761 1887 1916 1942 erat
1938 1878 2324 1956 Bononiae,
2352 1878 2655 1941 obtinuit
2675 1897 2717 1941 a
2743 1877 3034 1943 Summo

510 2042 517 2048 .
559 1987 900 2051 Pontifice
930 2006 1057 2067 per
1089 1988 1508 2051 Cardinales
1539 1987 1813 2066 aliquos
1846 1986 2114 2049 amicos
2144 1993 2243 2063 ut,
2276 1994 2660 2065 antequam
2688 1986 2762 2048 in
2805 1986 3036 2049 Corsi-

552 2113 722 2157 ·cam
743 2096 1193 2174 navigarent,
1221 2112 1349 2174 per
1371 2111 1588 2157 unum
1609 2111 1926 2156 mensem
1947 2094 2065 2155 vel
2087 2093 2264 2155 duos
2287 2092 2358 2155 in
2382 2092 2690 2156 dioecesi
2714 2093 3035 2157 Genuen-

564 2201 625 2264 si
654 2201 1032 2265 haererent
1063 2211 1131 2264 et
1169 2203 1236 2264 ei
1273 2200 1673 2264 visitandae
1719 2217 2010 2280 operam
2050 2201 2323 2263 darent.
2373 2199 2645 2263 Relicto
2677 2217 2849 2279 ergo
2881 2200 3038 2280 ipsa

562 2309 636 2371 in
665 2309 957 2373 civitate
997 2307 1071 2371 P.
1116 2310 1606 2387 Emmanuele,
1641 2325 1976 2387 egressus
2005 2316 2112 2371 est
2142 2308 2234 2370 ad
2262 2307 2469 2371 varia
2499 2309 2657 2371 loca
2688 2308 3035 2371 dioecesis

561 2414 634 2479 P.
672 2414 1038 2496 Sylvester
1070 2425 1139 2479 et
1167 2434 1309 2479 uno
1338 2432 1603 2494 mense,
1653 2433 1865 2495 quem
1905 2414 2068 2477 huic
2098 2415 2442 2477 functioni
2480 2416 2844 2495 impendit,
2893 2417 3033 2479 exi·

546 2523 782 2586 ‘mium
824 2523 1173 2586 Dominus
1223 2542 1351 2603 per
1390 2540 1550 2585 eum
1592 2522 1993 2585 animarum
2031 2521 2342 2584 fructum
2390 2523 2649 2585 retulit.
2704 2522 3035 2602 Quotidie

559 2631 1027 2711 plurimorum
1075 2630 1562 2692 confessiones
1591 2629 1924 2692 audiebat
1954 2637 2021 2691 et
2051 2628 2152 2691 eis
2190 2629 2717 2692 sanctissimam
2761 2630 3033 2693 Eucha-

546 2738 836 2801 ‘ristiam
867 2739 1333 2817 ministrabat,
1368 2747 1438 2801 et
1468 2755 1691 2817 usque
1725 2737 1817 2800 ad
1848 2738 2026 2800 duas
2067 2746 2136 2799 et
2176 2745 2322 2799 tres
2350 2738 2566 2801 horas
2603 2739 2835 2801 noctis
2872 2757 3032 2819 poe·

545 2846 948 2909 'nitentibus
979 2846 1350 2909 audiendis
1379 2845 1710 2924 vacabat,
1748 2861 1911 2907 cum
1939 2845 2068 2907 vix
2098 2845 2189 2907 ad
2219 2845 2454 2907 cibum
2483 2845 2907 2925 capiendum
2937 2847 3033 2909 in·
3075 2834 3080 2837 ’

560 2954 788 3016 terdiu
840 2963 1119 3033 tempus
1170 2960 1606 3033 suppeteret3
1656 2961 1724 3015 et
1761 2953 1865 3015 sic
1904 2952 2375 3031 frequentiam
2426 2962 3036 3016 sacramentorum

560 3059 838 3123 induxit
868 3069 944 3123 ut
988 3060 1205 3139 aliqui
1244 3078 1333 3122 ex
1372 3060 1706 3139 parochis
1755 3059 2071 3121 dicerent
2114 3067 2249 3120 aut·
2279 3059 2669 3121 scriberent
2714 3058 3033 3139 Vicari0,

561 3165 675 3229 hic
708 3169 897 3247 quod
929 3176 1235 3246 centum,
1270 3167 1385 3230 ille
1417 3176 1699 3230 centum
1730 3176 1798 3229 et
1829 3166 2344 3246 quinquaginta
2379 3166 2861 3229 confessiones
2899 3167 3034 3230 sin-

561 3276 751 3354 gulis
797 3274 1257 3338 hebdomadis
1307 3274 1552 3337 audire
1603 3281 1984 3352 teneretur,
2030 3291 2193 3336 cum
2234 3274 2447 3352 paulo
2497 3274 2736 3353 plures
2787 3274 3038 3336 domus

552 3381 691 3443 'sub
733 3382 1048 3462 ipsorum
1087 3399 1261 3444 cura
1300 3389 1555 3443 essent.
1605 3381 1898 3460 Aliquot
1938 3389 2303 3460 apostatas
2347 3398 2390 3442 a
2434 3397 2608 3443 cura
2638 3381 3036 3444 animarum

558 3490 898 3568 removit,
943 3506 1037 3552 ex
1079 3489 1330 3568 quibus
1379 3497 1682 3568 quatuor
1713 3487 1805 3550 ad
1834 3503 2005 3549 suas
2034 3486 2413 3565 religiones
2442 3488 2829 3565 redierunt,
2866 3504 3034 3567 quo—

562 3612 721 3658 rum
789 3596 970 3658 alius
1029 3603 1183 3658 erat
1234 3578 1351 3674 qui
1400 3594 1691 3673 viginti,
1746 3594 1929 3656 alius
1980 3595 2101 3673 qui
2129 3593 2344 3656 etiam
2398 3594 2692 3673 triginta
2744 3595 2949 3658 annis
2993 3614 3036 3657 a

530 3703 905 3781 >religione
950 3712 1019 3765 et
1058 3711 1412 3765 conventu
1461 3701 1805 3781 profugus
1857 3718 2102 3763 curam
2141 3701 2541 3764 animarum
2590 3711 3030 3765 exercuerat.

563 3809 763 3875 Alios
812 3810 1387 3888 concubinariOS,
1434 3809 1611 3872 alios
1653 3821 2101 3888 summopere
2148 3808 2566 3886 ignorantes
2603 3809 3034 3872 inveniebat.

563 3916 650 3980 Et
693 3918 973 3980 demum
1015 3934 1187 3979 oves
1238 3917 1388 3978 sine
1428 3925 1715 3996 pastore
1766 3924 1969 3977 tanto
2025 3915 2114 3977 ad
2154 3932 2315 3977 eum
2363 3914 2754 3978 ferventius
2805 3933 3037 3979 curre·

558 4023 763 4103 bant,
820 4032 1084 4104 quanto
1135 4024 1453 4102 ipsarum
1503 4023 1802 4085 salutem
1854 4029 1922 4084 et
1980 4039 2123 4084 non
2173 4023 2537 4102 proprium
2589 4023 3038 4086 commodum

564 4148 905 4211 quaerere
943 4131 1174 4210 ipsum
1220 4131 1464 4210 purius
1506 4128 1874 4206 videbant,
1918 4137 1986 4191 et
2029 4129 2118 4191 ab
2149 4146 2290 4191 uno
2322 4130 2479 4191 loco
2513 4130 2582 4191 in
2615 4130 2827 4192 alium
2873 4147 3034 4192 eun-

554 4246 706 4300 tem
755 4239 1264 4318 sequebantur,
1312 4246 1389 4300 ut
1436 4238 1733 4299 verbum
1791 4235 1948 4314 Dei,
2004 4236 2192 4316 quod
2234 4237 2342 4299 bis
2398 4237 2709 4316 quotidie
2763 4236 3037 4317 praedi·

554 4345 795 4426 cabat,
843 4347 1200 4423 audirent;
1243 4355 1312 4408 et
1354 4344 1684 4406 dicebant
1732 4343 1948 4424 aliqui
1977 4344 2258 4422 magnis
2296 4344 2756 4407 clamoribus:
2794 4361 2957 4422 cur,
2995 4362 3036 4407 o

554 4549 741 4596 Sancti
761 4552 1051 4596 Eustachii.
1073 4552 1390 4596 Positionum
1417 4563 1509 4596 sen
1529 4551 1910 4594 conclusionum
1939 4550 2176 4603 exempla
2197 4549 2338 4604 typis
2360 4549 2501 4592 edita
2523 4549 2588 4592 ad
2616 4560 2795 4592 omnes
2817 4549 2925 4593 fere
2950 4548 3042 4594 So·

552 4622 770 4666 ·cietatis
790 4624 965 4666 domos
985 4624 1142 4667 missa
1162 4625 1304 4667 suere
1326 4624 1479 4668 simul
1500 4635 1613 4667 cum
1635 4623 1852 4672 litteris,
1875 4623 1926 4665 in
1947 4620 2129 4675 quibus
2152 4620 2407 4664 Polaticus
2429 4632 2536 4664 rem
2567 4625 2732 4665 totam
2755 4621 2864 4664 fuse
2890 4633 3040 4665 enar·

558 4696 734 4749 rabat,
756 4695 784 4737 5
798 4695 1126 4739 Novembris.
