3679 5414
1636 493 1760 551 ΑΝ.
1810 494 1949 551 1552
2926 494 3039 551 447

560 641 798 703 animo
848 640 1039 719 loqui
1090 648 1519 702 cerneretur.
1578 639 1893 701 Alterius
1940 639 2256 716 religiosi
2296 648 2543 718 postea
2593 640 3036 702 occurrentis

561 748 895 811 salutatio
926 764 1010 809 ac
1043 745 1324 809 demum
1352 746 1573 826 ipsius
1613 745 2007 809 Guardiani
2048 746 2570 825 congratulatio
2611 764 2695 808 eo
2736 747 3036 812 tendens

565 872 704 936 quo
728 854 995 935 janitor
1013 855 1241 934 primo
1265 863 1557 934 aspectu
1587 870 1717 932 pro
1748 871 1880 915 sua
1910 853 2358 933 simplicitate
2385 853 2736 932 tendebat,
2766 856 3034 917 nostris

569 962 1020 1025 occasionem
1079 960 1310 1023 Deum
1370 960 1703 1023 laudandi
1761 969 1831 1023 et
1893 977 2098 1023 suam
2150 959 2757 1039 imperfectionem
2813 977 3030 1040 agno-

569 1069 813 1132 scendi
864 1068 1077 1131 dedit.
1120 1069 1447 1131 Accessit
1485 1069 1700 1131 etiam
1737 1067 2190 1131 venerandus
2222 1069 2507 1148 quidam
2537 1086 2770 1135 ‚senex
2809 1078 2876 1132 et
2907 1069 3027 1132 do·

575 1185 731 1239 ctus
780 1175 932 1257 ejus
983 1175 1283 1253 ordiniS,
1330 1176 1450 1255 qui
1495 1184 1781 1238 nostros
1831 1175 1923 1237 ad
1973 1176 2579 1254 perseverandum
2634 1176 2705 1238 in
2757 1177 3037 1256 coeptis

570 1282 1199 1346 exercitationibus
1221 1282 1602 1361 excitabat,
1630 1282 1997 1362 speculum
2020 1281 2170 1362 ejus
2193 1282 2389 1345 urbis
2411 1292 2699 1346 nostros
2728 1300 3022 1362 vocans;

565 1401 633 1454 et
664 1408 826 1453 cum
856 1391 1080 1453 nostri
1119 1389 1328 1452 valde
1360 1388 1692 1469 indignos
1721 1405 1878 1451 esse
1916 1406 1993 1451 se
2032 1388 2429 1469 hujusmodi
2470 1390 3022 1469 compellationi-

563 1499 694 1560 bus
733 1505 1235 1576 agnoscerent,
1284 1496 1399 1559 ille
1443 1505 1680 1559 tamen
1720 1497 1975 1559 melius
2020 1513 2176 1558 esse
2218 1496 2481 1560 bonum
2519 1514 2779 1561 nomen
2811 1515 3032 1577 quam

565 1604 854 1667 divitias
882 1606 1141 1666 multas
1164 1604 1256 1666 ad
1286 1602 1420 1665 Dei
1451 1604 1793 1666 honorem
1828 1614 1898 1665 et
1942 1602 2032 1665 ad
2063 1602 2627 1666 aedificationem
2657 1605 2897 1685 populi
2929 1605 3027 1667 di·

573 1712 697 1774 xit.
731 1712 945 1774 Iidem
984 1711 1148 1773 boni
1186 1720 1428 1791 patres
1466 1709 1832 1791 aliquassad
1873 1711 2199 1788 corporis
2240 1711 2786 1791 castigationem
2829 1731 3032 1776 arma

561 1818 937 1896 donarunt,
971 1827 1040 1880 et
1068 1819 1288 1880 libros
1318 1818 1663 1899 quosdam
1695 1828 1937 1880 mutuo
1968 1817 2342 1897 dederunt,
2378 1831 2447 1881 et
2485 1817 2769 1882 demum
2799 1820 3030 1882 chari·

564 1935 782 1989 tatem
803 1943 945 1988 non
976 1924 1410 1988 mediocrem
1439 1925 1511 1987 in
1555 1924 1883 1987 omnibus
1914 1925 2407 1988 exhibuerunt.

680 2033 781 2096 72.
872 2031 1075 2111 Quod
1106 2032 1197 2095 ad
1236 2042 1640 2095 nostrorum
1679 2032 2190 2095 habitationem
2227 2033 2508 2111 attinet,
2554 2034 2728 2096 satis
2768 2034 3028 2097 incom-

560 2141 772 2203 moda
802 2158 885 2203 ea
919 2140 1070 2218 fuit,
1108 2140 1435 2220 quamvis
1464 2148 1540 2202 ut
1579 2140 1793 2201 aliam
1832 2140 2385 2202 commodiorem
2417 2139 2791 2218 diligenter
2822 2158 3029 2220 quae·

559 2256 795 2310 rerent
824 2248 928 2310 eis
958 2265 999 2309 a
1028 2245 1105 2308 P.
1140 2246 1416 2325 Ignatio
1447 2244 1835 2325 injunctum
1874 2254 1945 2308 et
1983 2263 2025 2307 a
2056 2246 2420 2309 Cardinali
2460 2247 3032 2310 commendatum

559 2365 688 2418 est.
723 2353 1241 2434 Supellectilem
1272 2353 1363 2415 ad
1402 2370 1607 2415 usum
1645 2354 2125 2416 necessariam
2167 2353 2566 2417 Cardinalis
2609 2355 2872 2417 nostris
2911 2354 3029 2417 do-

561 2480 733 2525 nare
756 2460 986 2541 jussit,
1021 2472 1112 2539 et,
1148 2460 1474 2540 quamvis
1497 2460 1669 2522 nulli
1694 2460 1959 2522 reditus
1990 2460 2325 2540 applicati
2348 2460 2653 2537 fuerunt,
2691 2479 2733 2524 a
2763 2461 3036 2540 pistore

561 2585 817 2649 panem
846 2586 1103 2649 capere
1132 2585 1261 2648 pro
1292 2584 1419 2629 suo
1448 2567 1795 2630 arbitratu
1823 2567 2082 2631 licebat
2104 2576 2174 2630 et
2203 2569 2445 2630 claves
2470 2570 2689 2631 cellae
2713 2569 3033 2632 vinariae

563 2675 812 2740 domus
843 2674 1266 2756 episcopalis
1295 2675 1556 2738 nostris
1586 2673 1795 2737 datae
1825 2683 2024 2753 sunt;
2057 2675 2243 2738 unde
2273 2684 2343 2738 et
2372 2675 2505 2739 olei
2536 2684 2605 2739 et
2634 2674 3036 2757 hujusmodi

570 2801 805 2846 rerum
836 2783 1039 2863 copia
1071 2782 1509 2862 suppetebat.
1543 2780 1819 2844 Deinde
1850 2781 1940 2844 ad
1970 2782 2307 2845 vestitum
2336 2785 2702 2862 octoginta
2748 2800 3032 2863 aureOS,

564 2892 660 2954 ad
689 2908 977 2953 carnem
1007 2901 1076 2952 et
1106 2907 1188 2952 ea
1220 2890 1540 2968 emenda,
1575 2906 1756 2968 quae
1787 2890 2196 2952 necessaria
2226 2901 2488 2970 essent,
2523 2909 2650 2953 sex
2681 2908 2939 2954 aureos
2961 2892 3035 2954 in

565 2997 882 3076 singulos
911 3013 1190 3059 menses
1220 2996 1699 3075 assignarunt,
1727 3004 1795 3058 et
1820 2994 2244 3074 CardinaliS,
2279 2996 2478 3076 cujus
2503 2998 2834 3077 expensis
2856 2998 3038 3062 haec

564 3105 846 3182 fiebant,
882 3122 969 3166 ne
999 3104 1164 3182 quid
1193 3104 1457 3166 nostris
1494 3102 1773 3165 deesset
1810 3101 2236 3182 injunxerat.
2283 3102 2465 3167 Cum
2503 3105 2677 3167 satis
2719 3105 3032 3168 obnoxia

562 3212 813 3291 frigori
842 3229 926 3274 ea
958 3211 1212 3274 civitas
1241 3218 1450 3287 esset,
1484 3210 1732 3288 nostri,
1765 3210 2057 3289 perinde
2080 3218 2293 3289 atque
2322 3211 2617 3289 Perusii,
2647 3212 3033 3291 patientiae

560 3318 1000 3381 exercendae
1031 3318 1479 3380 occasionem
1519 3316 1907 3395 habebant;
1943 3315 2067 3378 sed
2106 3317 2356 3380 melius
2385 3334 2598 3397 quam
2637 3317 2737 3380 illi
2767 3320 3034 3382 valetu-

560 3425 817 3503 dinem,
851 3424 1005 3488 Deo
1030 3424 1358 3504 propitio,
1394 3423 1795 3486 tuebantur.
1845 3422 2110 3502 Magna
2140 3442 2182 3486 a
2221 3425 2487 3487 nostris
2526 3426 3032 3504 exspectaban-

560 3542 675 3596 tur
704 3542 852 3595 tam
881 3549 922 3593 a
953 3531 1301 3594 nobilibus
1331 3548 1543 3611 quam
1583 3548 1625 3592 a
1656 3530 1858 3609 plebe
1887 3541 1956 3592 et
1987 3539 2133 3593 tam
2164 3531 2236 3593 in
2264 3531 2796 3611 praedicatione
2821 3549 3035 3612 quam

560 3640 632 3702 in
667 3657 920 3703 sacrae
972 3639 1366 3718 scripturae
1416 3637 1753 3714 lectione;
1804 3635 1928 3698 sed
1960 3655 2002 3699 a
2045 3638 2311 3699 nostris
2348 3637 2846 3702 intellexerunt
2889 3657 3037 3703 non

563 3746 751 3810 hunc
782 3762 938 3832 esse
967 3763 1239 3808 morem
1261 3742 1639 3808 Societatis
1666 3752 1744 3806 ut
1778 3744 1867 3806 ab
1891 3743 2258 3806 altioribus
2281 3744 2390 3807 his
2427 3745 2840 3809 ministeriis
2865 3747 3033 3810 inci-

559 3862 829 3934 perent.
864 3853 1044 3917 Cum
1073 3863 1309 3916 autem
1350 3851 1441 3914 ad
1490 3851 1916 3913 clericorum
1947 3850 2456 3914 institutionem
2496 3862 3034 3933 praeceptorem

562 3961 823 4024 habere
853 3961 1248 4041 Episcopus
1287 3958 1534 4021 solitus
1576 3967 1785 4033 esset,
1831 3958 2038 4021 simul
2069 3966 2280 4037 atque
2310 3960 2534 4023 nostri
2566 3960 3035 4040 advenerunt,

564 4069 676 4131 ille
707 4069 1039 4132 dimissus
1068 4077 1196 4130 est.

682 4175 780 4238 73.
873 4174 1195 4254 Quatuor
1253 4174 1541 4237 scholae
1599 4181 1906 4252 quatuor
1962 4190 2051 4236 ex
2113 4173 2378 4236 nostris
2433 4176 2911 4255 occupabant,
2965 4186 3035 4239 et

567 4283 895 4362 quamvis
925 4282 1230 4361 quinque
1262 4282 1378 4343 vel
1401 4298 1529 4343 sex
1551 4288 1826 4342 tantum
1852 4278 2212 4343 auditores
2234 4281 2441 4343 lectio
2471 4280 2889 4346 Rhetorices
2913 4283 3038 4346 ha-

561 4391 779 4465 beret,
823 4407 983 4453 eam
1024 4398 1262 4452 tamen
1292 4386 1367 4450 P.
1414 4386 1770 4450 Oliverius
1807 4386 2285 4466 praelegebat,
2329 4387 2454 4450 sed
2498 4388 2568 4450 in
2607 4389 2765 4451 aliis
2793 4391 3040 4469 plures

560 4506 766 4560 erant
796 4495 1178 4559 auditores
1215 4493 1715 4573 Coadjutorem
1744 4493 2045 4571 nullum,
2080 4492 2197 4572 qui
2228 4495 2504 4558 culinae
2544 4495 2772 4558 officio
2816 4497 3031 4560 inser-

562 4606 767 4684 viret,
796 4604 1150 4667 habebant
1172 4613 1263 4680 et,
1293 4619 1455 4666 curn
1478 4602 1599 4664 alii
1623 4618 1749 4665 sex
1770 4600 2178 4663 scholastici
2202 4601 2270 4664 id
2287 4619 2429 4664 non
2451 4603 2628 4666 bene
2652 4604 3033 4668 admodum

562 4723 630 4774 et
663 4730 827 4776 cum
858 4711 1279 4774 detrimento
1310 4710 1705 4773 studiorum
1736 4716 2220 4789 praestarent,
2257 4710 2563 4790 aliquem
2594 4711 2685 4774 ad
2715 4711 2853 4776 hoc
2887 4730 3030 4776 mu-
