3679 5414
1592 504 1721 563 ΑΝ.
1767 504 1897 564 1551
2869 507 2974 567 185

504 650 707 713 locus
736 658 1050 713 remotus
1079 657 1234 712 erat
1265 667 1307 711 a
1336 649 1734 729 frequentia
1763 658 1833 713 et
1864 650 2115 714 domus
2145 651 2404 731 exigua
2434 660 2502 714 et
2533 659 2697 715 aere
2718 670 2971 732 parum
3000 693 3003 697 Δ

508 757 808 835 salubri,
842 774 986 820 non
1014 765 1122 819 est
1157 757 1491 820 admissa.
1526 757 1756 820 Tanta
1800 775 1956 821 esse
1992 767 2325 838 coeperat
2368 761 2803 839 exspectatio
2851 778 2970 823 no·

504 872 821 927 strorum
847 872 925 926 ut
954 880 1168 945 super
1196 872 1551 937 trecentos
1580 865 1696 926 vel
1738 864 2294 944 quadringentos
2338 866 2806 930 scholasticos
2834 876 2971 930 sta-

505 980 651 1035 tem
690 970 1039 1034 inchoatis
1076 971 1495 1034 lectionibus
1534 970 1903 1035 adfuturos
1941 971 2287 1047 dicerent;
2331 982 2400 1036 et
2442 973 2518 1037 P.
2566 972 2973 1037 Ludovicus

507 1096 598 1140 ne
624 1095 767 1140 non
797 1077 1132 1141 sustineri
1161 1086 1401 1158 posset
1430 1078 1592 1141 talis
1621 1079 2059 1158 exspectatio
2092 1079 2478 1157 dubitabat,
2506 1063 2669 1144 cum
2696 1090 2972 1153 tantum

508 1184 600 1248 ad
612 1184 1158 1264 grammaticam
1172 1192 1242 1247 et
1259 1185 1715 1248 humaniores
1736 1186 2009 1248 litteras
2023 1186 2537 1266 praelegendas
2558 1188 2776 1267 aliqui
2790 1189 2971 1251 inter

508 1292 667 1354 illos
690 1290 1060 1354 duodecim
1083 1292 1282 1354 missi
1306 1300 1563 1354 essent.
1590 1292 1679 1355 Et
1702 1292 1839 1355 hoc
1861 1293 2297 1372 principium·
2317 1301 2440 1356 tan
2468 1294 2730 1357 humile
2752 1294 2970 1358 Colle·

501 1399 701 1479 gium
722 1398 1174 1461 florentinum
1194 1398 1463 1479 habuit,
1491 1407 1564 1462 ut
1588 1395 1929 1478 magister
1952 1398 2285 1481 JoanneS,
2312 1401 2574 1480 hospes
2595 1399 2972 1465 Societatis

506 1514 575 1567 et
604 1504 754 1584 eJus
793 1514 1071 1568 amator
1110 1522 1239 1585 per
1277 1506 1555 1569 litteras
1596 1524 1741 1569 non
1781 1507 2335 1571 dissimulaverit
2367 1509 2555 1588 quod
2594 1508 2966 1588 sentiebat,

500 1611 795 1689 scilicet,
830 1611 901 1674 in
924 1620 1071 1674 tam
1094 1611 1359 1690 insigni
1383 1612 1669 1675 civitate
1693 1630 1836 1676 non
1867 1631 2111 1676 omnes
2140 1631 2296 1676 esse
2319 1612 2615 1692 Juvenes
2645 1624 2976 1695 oportere*

428 1728 432 1737 ·
498 1727 575 1780 et
601 1717 854 1798 majori
884 1718 1208 1781 doctrina
1237 1735 1323 1780 ac
1355 1719 1827 1782 concionandi
1859 1721 2124 1783 talento
2152 1720 2515 1799 praeditos
2542 1739 2619 1784 se
2649 1731 2970 1803 exoptas·

500 1842 603 1903 se,
631 1842 793 1888 curn
823 1825 1216 1888 abundaret
1241 1825 1470 1889 doctis
1499 1834 1569 1889 et
1597 1826 1989 1905 ingeniosis
2018 1827 2195 1889 viris
2223 1843 2309 1889 ea
2338 1827 2614 1907 civitaS,
2642 1838 2788 1892 tam
2817 1829 2969 1893 reli·

505 1932 729 2010 giosis
758 1948 973 2012 quam
1010 1932 1522 2011 saecularibus,
1572 1932 1825 2013 quibus
1868 1950 1998 1995 nec
2043 1933 2593 2004 concionesnec
2635 1937 2972 1999 lectiones

503 2037 583 2101 P.
618 2037 968 2102 Ludovici
1003 2038 1417 2102 satisfacere
1452 2048 1767 2118 possent.
1811 2038 1950 2103 Sed
1988 2039 2063 2102 P.
2106 2040 2382 2119 Ignatio
2421 2041 2656 2104 visum
2701 2053 2808 2106 est
2846 2044 2967 2107 hu-

503 2145 665 2208 mile
695 2143 1233 2208 fundamentum
1253 2146 1675 2226 ponendum,
1705 2156 1780 2209 ut
1806 2147 2150 2226 paulatim
2180 2146 2575 2212 aedificium
2604 2150 2968 2229 spirituale

504 2260 919 2331 augeretur3
952 2270 1083 2315 nec
1114 2252 1377 2332 alioqui
1411 2253 1641 2332 magis
1684 2252 2004 2328 idoneOS,
2049 2271 2227 2333 quos
2265 2255 2603 2335 mitteret,
2650 2254 2970 2321 Societas

500 2366 673 2421 tunc
702 2357 1009 2422 habebat
1043 2358 1083 2421 ¹.

617 2465 721 2527 41.
808 2465 1213 2545 Antequam
1254 2467 1782 2546 neapolitanum
1823 2476 1892 2529 et
1941 2467 2413 2549 florentinum,
2456 2478 2688 2532 ortum
2724 2469 2970 2532 habuit

498 2572 633 2636 hoc
665 2573 914 2637 eodem
943 2591 1129 2636 anno
1154 2573 1548 2653 Collegium
1576 2573 2023 2638 ferrariense.
2058 2574 2224 2638 Dux
2253 2576 2441 2639 enim
2468 2576 2866 2657 Ferrariae,
2895 2586 2971 2640 ut

497 2697 641 2744 non
672 2681 889 2744 semel
917 2680 1374 2762 promiserat,
1408 2698 1838 2762 propensum
1878 2683 1970 2746 ad
2007 2682 2304 2762 Collegii
2346 2683 2856 2748 institutionem
2893 2702 2970 2748 se

498 2788 944 2867 ostendebat3
978 2790 1309 2868 quamvis
1352 2806 1513 2852 cum
1553 2806 1727 2868 erga
1765 2776 2053 2853 Patrem
2094 2789 2468 2854 Claudium
2506 2793 2768 2871 optime
2808 2792 2967 2856 affe-

496 2903 654 2958 ctus
683 2904 900 2975 esset,
934 2905 1089 2958 erat
1118 2896 1240 2974 qui
1277 2897 1760 2976 suspicaretur
1797 2898 2230 2977 promissum
2267 2896 2418 2977 ejus
2458 2898 2762 2962 reditum
2806 2909 2968 2962 ante

494 3001 796 3082 Collegii
832 3003 1259 3083 principium
1299 3004 1722 3083 exspectari.
1757 3001 1896 3066 Sed
1927 3021 2088 3067 cum
2125 3013 2373 3085 postea
2412 3006 2873 3068 intellexisset
2924 3024 2967 3069 a

496 3107 694 3188 Rege
733 3126 1191 3173 romanorum
1228 3110 1681 3173 Ferdinando
1720 3109 2074 3174 Viennam
2128 3129 2284 3174 esse
2334 3113 2529 3174 illum
2565 3120 2961 3192 evocatum,

494 3233 640 3278 non
671 3216 1053 3279 admodum
1083 3234 1310 3297 aequo
1342 3218 1579 3280 animo
1613 3218 1683 3280 id
1713 3219 1957 3281 tulisse
1987 3220 2186 3282 visus
2215 3228 2353 3299 est3
2396 3228 2467 3282 at
2505 3237 2664 3282 nons
2689 3229 2966 3301 propte-

497 3340 624 3385 rea
653 3323 918 3385 destitit
950 3341 992 3385 a
1022 3322 1317 3401 Collegii
1351 3324 1807 3387 institutione.
1843 3324 2112 3388 Locum
2151 3326 2602 3389 nihilominus
2642 3327 2990 3406 designa-¹

500 3430 621 3492 bat
650 3429 778 3493 Sti.
810 3430 1187 3510 Ludovici,
1223 3431 1344 3510 qui
1373 3431 1466 3493 ad
1507 3430 1808 3510 Collegii
1852 3430 2251 3496 functiones
2290 3424 2585 3497 idoneus
2625 3452 2667 3496 a
2705 3434 2967 3497 nostris

498 3553 643 3600 non
672 3545 779 3600 est
807 3537 1283 3616 existimatus3
1314 3546 1385 3600 et
1414 3538 1696 3601 demum
1724 3540 1797 3602 in
1836 3540 1993 3602 loco
2037 3541 2411 3603 commodo
2456 3541 2801 3604 conducta
2849 3540 2965 3603 do-

499 3660 657 3706 mus
685 3653 823 3724 est,
858 3662 1021 3708 cum
1048 3644 1124 3708 P.
1160 3644 1610 3725 PaschasiuS,
1646 3647 1736 3708 ab
1767 3646 1998 3710 amico
2028 3646 2431 3726 Augustino
2461 3647 2691 3710 Musto
2716 3666 2966 3710 evoca-

496 3758 614 3813 tus
639 3759 717 3813 ut
743 3752 978 3814 locum
1006 3752 1303 3831 videret,
1337 3752 1593 3816 comite
1620 3754 1894 3837 Joanne
1935 3754 2022 3817 de
2060 3754 2415 3833 Victoria,
2448 3755 2716 3818 nullum
2748 3756 2966 3818 alium

494 3874 590 3920 ex
617 3858 1001 3938 propositis
1030 3860 1205 3922 locis
1235 3859 1594 3938 probaret.
1629 3859 2135 3924 Conduxerant
2174 3861 2386 3924 amici
2428 3860 2712 3925 domum
2756 3863 2965 3924 istam

494 3972 568 4026 et
606 3965 1201 4045 suppellectilibus
1241 3975 1482 4029 mutuo
1527 3966 1712 4029 datis
1757 3967 2274 4046 instruxerant3
2321 3967 2489 4031 Dux
2529 3977 2764 4031 autem
2812 3969 2965 4049 ipse

495 4070 842 4134 ducentus
871 4089 1126 4135 aureos
1151 4073 1450 4152 singulis
1474 4074 1680 4137 annis
1703 4092 1780 4136 se
1809 4073 2139 4138 daturum
2159 4076 2604 4156 promiserat;
2633 4085 2702 4138 et
2725 4094 2963 4156 quam-

491 4177 610 4240 vis
637 4179 1060 4242 benevolum
1090 4179 1404 4243 animum
1432 4196 1606 4259 erga
1638 4180 2068 4244 Societatem
2094 4181 2291 4244 Patri
2318 4180 2705 4245 Paschasio
2735 4192 2962 4246 osten-

492 4284 745 4364 disset,
778 4303 921 4348 non
949 4287 1251 4367 amplius
1281 4305 1494 4367 quam
1524 4287 1792 4351 dictum
1831 4297 1938 4350 est
1976 4287 2342 4366 offerebat,
2388 4298 2456 4351 et
2494 4290 2783 4353 evocari
2824 4292 2966 4353 col-

490 4392 817 4472 legiales,
851 4401 920 4456 et
951 4393 1132 4456 inter
1162 4411 1285 4457 eos
1314 4393 1734 4458 Sacerdotes
1765 4396 2217 4476 quamplures
2247 4394 2397 4458 fieri
2425 4405 2696 4477 posset,
2737 4396 2961 4477 jusse-

579 4596 597 4628 ¹
654 4594 910 4640 Polancus
924 4629 934 4649 ,
957 4608 1024 4639 ex
1043 4608 1201 4650 com„
1221 4597 1486 4643 Ludovico
1504 4599 1566 4643 de
1589 4598 1871 4643 Condretto
1889 4633 1899 4653 ,
1921 4606 1977 4644 ut
1999 4601 2206 4644 scholas
2225 4601 2299 4644 sic
2321 4601 2591 4655 disponere
2612 4607 2758 4645 curet
2780 4607 2836 4645 ut
2858 4612 2959 4645 uon

488 4666 701 4710 nimium
721 4667 932 4719 frigoris
950 4668 1249 4712 scholastici
1272 4670 1608 4724 experiantur
1623 4703 1634 4722 ,
1657 4671 1707 4713 17
1728 4669 2052 4725 Decembris;
2075 4672 2241 4715 eidem
2256 4704 2266 4724 ,
2289 4671 2444 4715 licere
2468 4673 2542 4716 eis
2574 4672 2775 4726 quidem
2797 4683 2966 4716 emen-

486 4737 686 4789 dicare,
705 4749 805 4782 non
827 4745 1001 4782 tamen
1020 4740 1300 4796 quidquam
1319 4752 1352 4785 a
1371 4742 1693 4786 scholaribus
1713 4743 1979 4797 accipere,
2001 4744 2056 4787 26
2075 4743 2391 4789 Decembris.
