<?xml version="1.0" encoding="UTF-8"?>
<!DOCTYPE html PUBLIC "-//W3C//DTD XHTML 1.0 Transitional//EN"
    "http://www.w3.org/TR/xhtml1/DTD/xhtml1-transitional.dtd">
<html xmlns="http://www.w3.org/1999/xhtml" xml:lang="en" lang="en">
 <head>
  <title>
</title>
<meta http-equiv="Content-Type" content="text/html;charset=utf-8" />
  <meta name='ocr-system' content='tesseract 3.04.00' />
  <meta name='ocr-capabilities' content='ocr_page ocr_carea ocr_par ocr_line ocrx_word'/>
</head>
<body>
  <div class='ocr_page' id='page_1' title='image "./vitaignatiiloio03polagoog_0114.png"; bbox 0 0 3679 5414; ppageno 0'>
   <div class='ocr_carea' id='block_1_1' title="bbox 709 438 2250 514">
    <p class='ocr_par' dir='ltr' id='par_1_1' title="bbox 709 438 2250 514">
     <span class='ocr_line' id='line_1_1' title="bbox 709 438 2250 514; baseline -0.005 -13"><span class='ocrx_word' id='word_1_1' title='bbox 709 444 817 503; x_wconf 84' lang='lat'>108</span> <span class='ocrx_word' id='word_1_2' title='bbox 1616 440 1870 500; x_wconf 64' lang='lat' dir='ltr'>Cimon.</span> <span class='ocrx_word' id='word_1_3' title='bbox 1914 438 2067 499; x_wconf 79' lang='lat' dir='ltr'>Soc,</span> <span class='ocrx_word' id='word_1_4' title='bbox 2110 440 2250 514; x_wconf 79' lang='lat' dir='ltr'>Jas.</span> 
     </span>
    </p>
   </div>
   <div class='ocr_carea' id='block_1_2' title="bbox 701 586 3198 3987">
    <p class='ocr_par' dir='ltr' id='par_1_2' title="bbox 702 586 3185 2059">
     <span class='ocr_line' id='line_1_2' title="bbox 826 586 3180 653; baseline -0.001 0"><span class='ocrx_word' id='word_1_5' title='bbox 826 590 966 653; x_wconf 81' lang='lat'><strong>258.</strong></span> <span class='ocrx_word' id='word_1_6' title='bbox 1056 590 1232 653; x_wconf 90' lang='lat' dir='ltr'>Cum</span> <span class='ocrx_word' id='word_1_7' title='bbox 1262 588 1647 650; x_wconf 91' lang='lat' dir='ltr'>translatus</span> <span class='ocrx_word' id='word_1_8' title='bbox 1677 597 1864 650; x_wconf 89' lang='lat' dir='ltr'>esset</span> <span class='ocrx_word' id='word_1_9' title='bbox 1909 586 2315 650; x_wconf 90' lang='lat' dir='ltr'>Cardinalis</span> <span class='ocrx_word' id='word_1_10' title='bbox 2358 588 2707 650; x_wconf 85' lang='lat' dir='ltr'>Dominus</span> <span class='ocrx_word' id='word_1_11' title='bbox 2749 588 3180 651; x_wconf 91' lang='lat' dir='ltr'>Franciscus</span> 
     </span>
     <span class='ocr_line' id='line_1_3' title="bbox 707 694 3182 773; baseline -0.002 -11"><span class='ocrx_word' id='word_1_12' title='bbox 707 699 794 762; x_wconf 88' lang='lat' dir='ltr'>de</span> <span class='ocrx_word' id='word_1_13' title='bbox 835 697 1181 760; x_wconf 89' lang='lat' dir='ltr'>Mendoza</span> <span class='ocrx_word' id='word_1_14' title='bbox 1230 696 1320 758; x_wconf 91' lang='lat' dir='ltr'>ad</span> <span class='ocrx_word' id='word_1_15' title='bbox 1364 695 1741 757; x_wconf 92' lang='lat' dir='ltr'>ecclesiam</span> <span class='ocrx_word' id='word_1_16' title='bbox 1792 695 2252 773; x_wconf 87' lang='lat' dir='ltr'>burgensem,</span> <span class='ocrx_word' id='word_1_17' title='bbox 2307 695 2832 758; x_wconf 86' lang='lat' dir='ltr'>commendavit</span> <span class='ocrx_word' id='word_1_18' title='bbox 2882 694 3182 758; x_wconf 93' lang='lat' dir='ltr'>Doctori</span> 
     </span>
     <span class='ocr_line' id='line_1_4' title="bbox 702 802 3182 882; baseline -0.001 -14"><span class='ocrx_word' id='word_1_19' title='bbox 702 805 1045 869; x_wconf 89' lang='lat' dir='ltr'>Torrensi</span> <span class='ocrx_word' id='word_1_20' title='bbox 1077 804 1210 867; x_wconf 91' lang='lat' dir='ltr'>hoc</span> <span class='ocrx_word' id='word_1_21' title='bbox 1248 804 1399 882; x_wconf 91' lang='lat' dir='ltr'>ipso</span> <span class='ocrx_word' id='word_1_22' title='bbox 1429 819 1617 865; x_wconf 91' lang='lat' dir='ltr'>anno</span> <span class='ocrx_word' id='word_1_23' title='bbox 1657 811 1734 864; x_wconf 92' lang='lat' dir='ltr'>ut</span> <span class='ocrx_word' id='word_1_24' title='bbox 1775 802 1867 865; x_wconf 92' lang='lat' dir='ltr'>ad</span> <span class='ocrx_word' id='word_1_25' title='bbox 1911 802 2104 869; x_wconf 85' lang='lat' dir='ltr'>inam</span> <span class='ocrx_word' id='word_1_26' title='bbox 2142 802 2559 880; x_wconf 89' lang='lat' dir='ltr'>dioecesim,</span> <span class='ocrx_word' id='word_1_27' title='bbox 2614 820 2794 882; x_wconf 87' lang='lat' dir='ltr'>quae</span> <span class='ocrx_word' id='word_1_28' title='bbox 2840 802 3182 865; x_wconf 90' lang='lat' dir='ltr'>latissime</span> 
     </span>
     <span class='ocr_line' id='line_1_5' title="bbox 706 907 3177 1002; baseline -0.002 -27"><span class='ocrx_word' id='word_1_29' title='bbox 706 921 933 992; x_wconf 89' lang='lat' dir='ltr'>patet,</span> <span class='ocrx_word' id='word_1_30' title='bbox 982 910 1413 1002; x_wconf 81' lang='lat' dir='ltr'>visitandam</span> <span class='ocrx_word' id='word_1_31' title='bbox 1458 927 1532 971; x_wconf 90' lang='lat' dir='ltr'>se</span> <span class='ocrx_word' id='word_1_32' title='bbox 1574 907 1958 988; x_wconf 89' lang='lat' dir='ltr'>conferret,</span> <span class='ocrx_word' id='word_1_33' title='bbox 2012 911 2127 971; x_wconf 87' lang='lat' dir='ltr'>vel</span> <span class='ocrx_word' id='word_1_34' title='bbox 2178 910 2459 989; x_wconf 92' lang='lat' dir='ltr'>aliquos</span> <span class='ocrx_word' id='word_1_35' title='bbox 2513 910 2803 973; x_wconf 89' lang='lat' dir='ltr'>idoneos</span> <span class='ocrx_word' id='word_1_36' title='bbox 2842 910 3177 987; x_wconf 91' lang='lat' dir='ltr'>mitteret;</span> 
     </span>
     <span class='ocr_line' id='line_1_6' title="bbox 706 1015 3179 1099; baseline -0.001 -19"><span class='ocrx_word' id='word_1_37' title='bbox 706 1020 830 1099; x_wconf 94' lang='lat' dir='ltr'>qui</span> <span class='ocrx_word' id='word_1_38' title='bbox 857 1018 1151 1080; x_wconf 86' lang='lat' dir='ltr'>comites</span> <span class='ocrx_word' id='word_1_39' title='bbox 1179 1015 1385 1096; x_wconf 90' lang='lat' dir='ltr'>hujus</span> <span class='ocrx_word' id='word_1_40' title='bbox 1415 1016 1849 1079; x_wconf 82' lang='lat' dir='ltr'>visitationis</span> <span class='ocrx_word' id='word_1_41' title='bbox 1880 1016 2164 1095; x_wconf 89' lang='lat' dir='ltr'>delegit,</span> <span class='ocrx_word' id='word_1_42' title='bbox 2200 1033 2362 1079; x_wconf 94' lang='lat' dir='ltr'>cum</span> <span class='ocrx_word' id='word_1_43' title='bbox 2385 1015 2684 1079; x_wconf 86' lang='lat' dir='ltr'>fratrum</span> <span class='ocrx_word' id='word_1_44' title='bbox 2708 1016 3027 1095; x_wconf 84' lang='lat' dir='ltr'>consiliO,</span> <span class='ocrx_word' id='word_1_45' title='bbox 3054 1015 3179 1078; x_wconf 88' lang='lat' dir='ltr'>Pa-</span> 
     </span>
     <span class='ocr_line' id='line_1_7' title="bbox 707 1120 3183 1205; baseline -0.001 -17"><span class='ocrx_word' id='word_1_46' title='bbox 707 1135 851 1188; x_wconf 92' lang='lat' dir='ltr'>tres</span> <span class='ocrx_word' id='word_1_47' title='bbox 894 1120 1290 1205; x_wconf 88' lang='lat' dir='ltr'>Baptistam</span> <span class='ocrx_word' id='word_1_48' title='bbox 1339 1122 1659 1186; x_wconf 89' lang='lat' dir='ltr'>Sanchez</span> <span class='ocrx_word' id='word_1_49' title='bbox 1700 1132 1767 1185; x_wconf 92' lang='lat' dir='ltr'>et</span> <span class='ocrx_word' id='word_1_50' title='bbox 1807 1123 2234 1202; x_wconf 84' lang='lat' dir='ltr'>Magistrum</span> <span class='ocrx_word' id='word_1_51' title='bbox 2282 1123 2629 1205; x_wconf 91' lang='lat' dir='ltr'>Joannem</span> <span class='ocrx_word' id='word_1_52' title='bbox 2670 1124 2982 1187; x_wconf 85' lang='lat' dir='ltr'>Alvarez</span> <span class='ocrx_word' id='word_1_53' title='bbox 3022 1141 3183 1186; x_wconf 91' lang='lat' dir='ltr'>cum</span> 
     </span>
     <span class='ocr_line' id='line_1_8' title="bbox 706 1211 3185 1309; baseline -0.001 -14"><span class='ocrx_word' id='word_1_54' title='bbox 706 1231 1155 1295; x_wconf 90' lang='lat' dir='ltr'>Ferdinando</span> <span class='ocrx_word' id='word_1_55' title='bbox 1186 1230 1494 1293; x_wconf 89' lang='lat' dir='ltr'>Alvarez</span> <span class='ocrx_word' id='word_1_56' title='bbox 1526 1230 1636 1292; x_wconf 88' lang='lat' dir='ltr'>del</span> <span class='ocrx_word' id='word_1_57' title='bbox 1666 1229 1930 1308; x_wconf 90' lang='lat' dir='ltr'>Aguila</span> <span class='ocrx_word' id='word_1_58' title='bbox 1971 1211 2040 1292; x_wconf 82' lang='lat' dir='ltr'>et</span> <span class='ocrx_word' id='word_1_59' title='bbox 2068 1229 2144 1292; x_wconf 92' lang='grc' dir='ltr'>Ρ.</span> <span class='ocrx_word' id='word_1_60' title='bbox 2192 1229 2613 1309; x_wconf 90' lang='lat' dir='ltr'>Pegnalosa.</span> <span class='ocrx_word' id='word_1_61' title='bbox 2648 1230 3023 1294; x_wconf 81' lang='lat' dir='ltr'>Praemisit</span> <span class='ocrx_word' id='word_1_62' title='bbox 3064 1243 3185 1293; x_wconf 87' lang='lat' dir='ltr'>au·</span> 
     </span>
     <span class='ocr_line' id='line_1_9' title="bbox 709 1335 3182 1417; baseline -0.002 -14"><span class='ocrx_word' id='word_1_63' title='bbox 709 1349 848 1403; x_wconf 91' lang='lat' dir='ltr'>tem</span> <span class='ocrx_word' id='word_1_64' title='bbox 892 1338 971 1400; x_wconf 85' lang='lat'>23</span> <span class='ocrx_word' id='word_1_65' title='bbox 1004 1337 1311 1417; x_wconf 88' lang='lat' dir='ltr'>Augusti</span> <span class='ocrx_word' id='word_1_66' title='bbox 1343 1338 1521 1400; x_wconf 93' lang='lat' dir='ltr'>duos</span> <span class='ocrx_word' id='word_1_67' title='bbox 1552 1337 1827 1416; x_wconf 84' lang='lat' dir='ltr'>priores</span> <span class='ocrx_word' id='word_1_68' title='bbox 1869 1345 1942 1399; x_wconf 95' lang='lat' dir='ltr'>ut</span> <span class='ocrx_word' id='word_1_69' title='bbox 1981 1335 2436 1417; x_wconf 90' lang='lat' dir='ltr'>Methymnae</span> <span class='ocrx_word' id='word_1_70' title='bbox 2476 1336 2729 1416; x_wconf 90' lang='lat' dir='ltr'>Campi</span> <span class='ocrx_word' id='word_1_71' title='bbox 2767 1347 2836 1399; x_wconf 93' lang='lat' dir='ltr'>et</span> <span class='ocrx_word' id='word_1_72' title='bbox 2877 1336 3182 1400; x_wconf 91' lang='lat' dir='ltr'>Valliso-</span> 
     </span>
     <span class='ocr_line' id='line_1_10' title="bbox 706 1442 3181 1525; baseline -0.001 -16"><span class='ocrx_word' id='word_1_73' title='bbox 706 1448 831 1510; x_wconf 90' lang='lat' dir='ltr'>leti</span> <span class='ocrx_word' id='word_1_74' title='bbox 859 1445 1158 1525; x_wconf 91' lang='lat' dir='ltr'>aliquid,</span> <span class='ocrx_word' id='word_1_75' title='bbox 1194 1445 1383 1524; x_wconf 94' lang='lat' dir='ltr'>quod</span> <span class='ocrx_word' id='word_1_76' title='bbox 1413 1444 1503 1505; x_wconf 90' lang='lat' dir='ltr'>ad</span> <span class='ocrx_word' id='word_1_77' title='bbox 1532 1445 1898 1523; x_wconf 83' lang='lat' dir='ltr'>propriam</span> <span class='ocrx_word' id='word_1_78' title='bbox 1929 1445 2477 1523; x_wconf 81' lang='lat' dir='ltr'>abnegationem</span> <span class='ocrx_word' id='word_1_79' title='bbox 2516 1454 2585 1507; x_wconf 94' lang='lat' dir='ltr'>et</span> <span class='ocrx_word' id='word_1_80' title='bbox 2615 1445 2918 1506; x_wconf 90' lang='lat' dir='ltr'>aliorum</span> <span class='ocrx_word' id='word_1_81' title='bbox 2946 1442 3181 1506; x_wconf 89' lang='lat' dir='ltr'>aedifi-</span> 
     </span>
     <span class='ocr_line' id='line_1_11' title="bbox 702 1551 3178 1632; baseline -0.002 -16"><span class='ocrx_word' id='word_1_82' title='bbox 702 1555 1060 1616; x_wconf 87' lang='lat' dir='ltr'>cationem</span> <span class='ocrx_word' id='word_1_83' title='bbox 1089 1552 1497 1632; x_wconf 88' lang='lat' dir='ltr'>pertineret,</span> <span class='ocrx_word' id='word_1_84' title='bbox 1546 1560 1873 1629; x_wconf 86' lang='lat' dir='ltr'>agerent,</span> <span class='ocrx_word' id='word_1_85' title='bbox 1924 1561 2135 1631; x_wconf 90' lang='lat' dir='ltr'>atque</span> <span class='ocrx_word' id='word_1_86' title='bbox 2172 1551 2431 1613; x_wconf 89' lang='lat' dir='ltr'>ibidem</span> <span class='ocrx_word' id='word_1_87' title='bbox 2465 1568 2625 1613; x_wconf 90' lang='lat' dir='ltr'>eum</span> <span class='ocrx_word' id='word_1_88' title='bbox 2660 1559 3178 1629; x_wconf 84' lang='lat' dir='ltr'>exspectarent,</span> 
     </span>
     <span class='ocr_line' id='line_1_12' title="bbox 705 1657 3185 1740; baseline -0.001 -18"><span class='ocrx_word' id='word_1_89' title='bbox 705 1662 828 1740; x_wconf 93' lang='lat' dir='ltr'>qui</span> <span class='ocrx_word' id='word_1_90' title='bbox 854 1658 1331 1722; x_wconf 87' lang='lat' dir='ltr'>Salmanticae</span> <span class='ocrx_word' id='word_1_91' title='bbox 1361 1667 1780 1737; x_wconf 88' lang='lat' dir='ltr'>exspectare</span> <span class='ocrx_word' id='word_1_92' title='bbox 1812 1658 2231 1721; x_wconf 79' lang='lat' dir='ltr'>decreverat</span> <span class='ocrx_word' id='word_1_93' title='bbox 2262 1658 2648 1737; x_wconf 88' lang='lat' dir='ltr'>Dominum</span> <span class='ocrx_word' id='word_1_94' title='bbox 2679 1657 3067 1720; x_wconf 91' lang='lat' dir='ltr'>Antonium</span> <span class='ocrx_word' id='word_1_95' title='bbox 3098 1657 3185 1720; x_wconf 92' lang='lat' dir='ltr'>de</span> 
     </span>
     <span class='ocr_line' id='line_1_13' title="bbox 708 1763 3180 1845; baseline -0.002 -15"><span class='ocrx_word' id='word_1_96' title='bbox 708 1766 1066 1845; x_wconf 91' lang='lat' dir='ltr'>Cordoba‚</span> <span class='ocrx_word' id='word_1_97' title='bbox 1099 1766 1476 1829; x_wconf 88' lang='lat' dir='ltr'>Rectorem</span> <span class='ocrx_word' id='word_1_98' title='bbox 1507 1764 2043 1842; x_wconf 81' lang='lat' dir='ltr'>UniversitatiS,</span> <span class='ocrx_word' id='word_1_99' title='bbox 2083 1766 2286 1827; x_wconf 93' lang='lat' dir='ltr'>initio</span> <span class='ocrx_word' id='word_1_100' title='bbox 2329 1766 2693 1845; x_wconf 90' lang='lat' dir='ltr'>sequentis</span> <span class='ocrx_word' id='word_1_101' title='bbox 2731 1765 2995 1827; x_wconf 90' lang='lat' dir='ltr'>mensis</span> <span class='ocrx_word' id='word_1_102' title='bbox 3033 1763 3180 1827; x_wconf 88' lang='lat' dir='ltr'>Sal-</span> 
     </span>
     <span class='ocr_line' id='line_1_14' title="bbox 706 1870 3181 1951; baseline -0.002 -14"><span class='ocrx_word' id='word_1_103' title='bbox 706 1875 1093 1937; x_wconf 90' lang='lat' dir='ltr'>manticam</span> <span class='ocrx_word' id='word_1_104' title='bbox 1122 1873 1547 1950; x_wconf 87' lang='lat' dir='ltr'>rediturum;</span> <span class='ocrx_word' id='word_1_105' title='bbox 1590 1882 1659 1934; x_wconf 92' lang='lat' dir='ltr'>et</span> <span class='ocrx_word' id='word_1_106' title='bbox 1698 1872 1852 1935; x_wconf 91' lang='lat' dir='ltr'>dies</span> <span class='ocrx_word' id='word_1_107' title='bbox 1903 1871 1976 1933; x_wconf 85' lang='lat'>15</span> <span class='ocrx_word' id='word_1_108' title='bbox 2017 1870 2453 1951; x_wconf 87' lang='lat' dir='ltr'>Septembris</span> <span class='ocrx_word' id='word_1_109' title='bbox 2498 1872 2865 1935; x_wconf 90' lang='lat' dir='ltr'>condictus</span> <span class='ocrx_word' id='word_1_110' title='bbox 2907 1881 3058 1934; x_wconf 90' lang='lat' dir='ltr'>erat</span> <span class='ocrx_word' id='word_1_111' title='bbox 3100 1880 3181 1934; x_wconf 92' lang='lat' dir='ltr'>ut</span> 
     </span>
     <span class='ocr_line' id='line_1_15' title="bbox 709 1972 2383 2059; baseline -0.002 -16"><span class='ocrx_word' id='word_1_112' title='bbox 709 1979 968 2059; x_wconf 89' lang='lat' dir='ltr'>Burgis</span> <span class='ocrx_word' id='word_1_113' title='bbox 999 1996 1245 2042; x_wconf 91' lang='lat' dir='ltr'>omnes</span> <span class='ocrx_word' id='word_1_114' title='bbox 1275 1978 1603 2041; x_wconf 90' lang='lat' dir='ltr'>adessent</span> <span class='ocrx_word' id='word_1_115' title='bbox 1638 1976 1677 2041; x_wconf 83' lang='lat'>¹.</span> <span class='ocrx_word' id='word_1_116' title='bbox 2376 1972 2383 1979; x_wconf 82' lang='grc'><strong><em>’</em></strong></span> 
     </span>
    </p>

    <p class='ocr_par' dir='ltr' id='par_1_3' title="bbox 701 2084 3198 3987">
     <span class='ocr_line' id='line_1_16' title="bbox 826 2084 3188 2165; baseline -0.001 -16"><span class='ocrx_word' id='word_1_117' title='bbox 826 2086 965 2149; x_wconf 83' lang='grc'>259.</span> <span class='ocrx_word' id='word_1_118' title='bbox 1056 2085 1236 2149; x_wconf 72' lang='lat' dir='ltr'>Cum</span> <span class='ocrx_word' id='word_1_119' title='bbox 1278 2096 1515 2147; x_wconf 91' lang='lat' dir='ltr'>autem</span> <span class='ocrx_word' id='word_1_120' title='bbox 1558 2085 2013 2164; x_wconf 90' lang='lat' dir='ltr'>Methymnae</span> <span class='ocrx_word' id='word_1_121' title='bbox 2061 2084 2312 2164; x_wconf 89' lang='lat' dir='ltr'>Campi</span> <span class='ocrx_word' id='word_1_122' title='bbox 2356 2086 2769 2148; x_wconf 88' lang='lat' dir='ltr'>concionari</span> <span class='ocrx_word' id='word_1_123' title='bbox 2815 2086 2885 2147; x_wconf 93' lang='lat' dir='ltr'>in</span> <span class='ocrx_word' id='word_1_124' title='bbox 2931 2086 3188 2165; x_wconf 88' lang='lat' dir='ltr'>plateis</span> 
     </span>
     <span class='ocr_line' id='line_1_17' title="bbox 710 2184 3184 2273; baseline -0.001 -15"><span class='ocrx_word' id='word_1_125' title='bbox 710 2210 971 2273; x_wconf 89' lang='lat' dir='ltr'>magno</span> <span class='ocrx_word' id='word_1_126' title='bbox 1002 2212 1161 2257; x_wconf 93' lang='lat' dir='ltr'>cum</span> <span class='ocrx_word' id='word_1_127' title='bbox 1192 2184 1445 2273; x_wconf 81' lang='lat' dir='ltr'>spiritu</span> <span class='ocrx_word' id='word_1_128' title='bbox 1475 2201 1542 2255; x_wconf 93' lang='lat' dir='ltr'>et</span> <span class='ocrx_word' id='word_1_129' title='bbox 1574 2192 1901 2254; x_wconf 89' lang='lat' dir='ltr'>doctrina</span> <span class='ocrx_word' id='word_1_130' title='bbox 1931 2193 2364 2272; x_wconf 89' lang='lat' dir='ltr'>coepissent,</span> <span class='ocrx_word' id='word_1_131' title='bbox 2400 2192 2736 2272; x_wconf 89' lang='lat' dir='ltr'>oppidum</span> <span class='ocrx_word' id='word_1_132' title='bbox 2767 2192 2957 2269; x_wconf 87' lang='lat' dir='ltr'>illud,</span> <span class='ocrx_word' id='word_1_133' title='bbox 2996 2192 3184 2273; x_wconf 91' lang='lat' dir='ltr'>quod</span> 
     </span>
     <span class='ocr_line' id='line_1_18' title="bbox 710 2299 3180 2381; baseline -0.001 -17"><span class='ocrx_word' id='word_1_134' title='bbox 710 2302 986 2381; x_wconf 87' lang='lat' dir='ltr'>insigne</span> <span class='ocrx_word' id='word_1_135' title='bbox 1042 2301 1218 2364; x_wconf 90' lang='lat' dir='ltr'>satis</span> <span class='ocrx_word' id='word_1_136' title='bbox 1270 2308 1376 2361; x_wconf 91' lang='lat' dir='ltr'>est</span> <span class='ocrx_word' id='word_1_137' title='bbox 1394 2348 1418 2377; x_wconf 66' lang='grc'>,,</span> <span class='ocrx_word' id='word_1_138' title='bbox 1465 2316 1898 2378; x_wconf 84' lang='lat' dir='ltr'>magnopere</span> <span class='ocrx_word' id='word_1_139' title='bbox 1956 2299 2047 2362; x_wconf 89' lang='lat' dir='ltr'>ad</span> <span class='ocrx_word' id='word_1_140' title='bbox 2095 2299 2435 2379; x_wconf 88' lang='lat' dir='ltr'>pietatem</span> <span class='ocrx_word' id='word_1_141' title='bbox 2487 2309 3057 2378; x_wconf 81' lang='lat' dir='ltr'>commoverunt,</span> <span class='ocrx_word' id='word_1_142' title='bbox 3113 2308 3180 2361; x_wconf 93' lang='lat' dir='ltr'>et</span> 
     </span>
     <span class='ocr_line' id='line_1_19' title="bbox 709 2406 3174 2486; baseline -0.001 -15"><span class='ocrx_word' id='word_1_143' title='bbox 709 2410 899 2471; x_wconf 88' lang='lat' dir='ltr'>velut</span> <span class='ocrx_word' id='word_1_144' title='bbox 930 2409 1200 2471; x_wconf 92' lang='lat' dir='ltr'>semina</span> <span class='ocrx_word' id='word_1_145' title='bbox 1227 2407 1573 2486; x_wconf 89' lang='lat' dir='ltr'>quaedam</span> <span class='ocrx_word' id='word_1_146' title='bbox 1604 2406 1938 2484; x_wconf 87' lang='lat' dir='ltr'>Collegii,</span> <span class='ocrx_word' id='word_1_147' title='bbox 1975 2406 2164 2485; x_wconf 93' lang='lat' dir='ltr'>quod</span> <span class='ocrx_word' id='word_1_148' title='bbox 2194 2415 2442 2486; x_wconf 91' lang='lat' dir='ltr'>postea</span> <span class='ocrx_word' id='word_1_149' title='bbox 2473 2406 2569 2468; x_wconf 92' lang='lat' dir='ltr'>ibi</span> <span class='ocrx_word' id='word_1_150' title='bbox 2605 2415 2711 2469; x_wconf 92' lang='lat' dir='ltr'>est</span> <span class='ocrx_word' id='word_1_151' title='bbox 2755 2407 3174 2481; x_wconf 90' lang='lat' dir='ltr'>institutum,</span> 
     </span>
     <span class='ocr_line' id='line_1_20' title="bbox 701 2511 3172 2593; baseline -0 -18"><span class='ocrx_word' id='word_1_152' title='bbox 701 2512 1044 2593; x_wconf 89' lang='lat' dir='ltr'>jecerunt.</span> <span class='ocrx_word' id='word_1_153' title='bbox 1073 2513 1473 2576; x_wconf 90' lang='lat' dir='ltr'>Vallisoleti</span> <span class='ocrx_word' id='word_1_154' title='bbox 1502 2522 1737 2576; x_wconf 90' lang='lat' dir='ltr'>autem</span> <span class='ocrx_word' id='word_1_155' title='bbox 1760 2514 2104 2592; x_wconf 86' lang='lat' dir='ltr'>Magister</span> <span class='ocrx_word' id='word_1_156' title='bbox 2126 2511 2441 2593; x_wconf 90' lang='lat' dir='ltr'>Joannes</span> <span class='ocrx_word' id='word_1_157' title='bbox 2464 2529 2685 2593; x_wconf 91' lang='lat' dir='ltr'>prope</span> <span class='ocrx_word' id='word_1_158' title='bbox 2716 2514 2962 2593; x_wconf 90' lang='lat' dir='ltr'>palatii</span> <span class='ocrx_word' id='word_1_159' title='bbox 2988 2513 3172 2592; x_wconf 88' lang='lat' dir='ltr'>regii</span> 
     </span>
     <span class='ocr_line' id='line_1_21' title="bbox 708 2620 3180 2701; baseline -0 -18"><span class='ocrx_word' id='word_1_160' title='bbox 708 2631 957 2700; x_wconf 88' lang='lat' dir='ltr'>portas</span> <span class='ocrx_word' id='word_1_161' title='bbox 989 2620 1295 2701; x_wconf 89' lang='lat' dir='ltr'>quadam</span> <span class='ocrx_word' id='word_1_162' title='bbox 1327 2621 1398 2682; x_wconf 92' lang='lat' dir='ltr'>in</span> <span class='ocrx_word' id='word_1_163' title='bbox 1427 2621 1663 2700; x_wconf 80' lang='lat' dir='ltr'>platea</span> <span class='ocrx_word' id='word_1_164' title='bbox 1694 2621 2161 2682; x_wconf 85' lang='lat' dir='ltr'>concionatus</span> <span class='ocrx_word' id='word_1_165' title='bbox 2191 2628 2327 2698; x_wconf 89' lang='lat' dir='ltr'>est,</span> <span class='ocrx_word' id='word_1_166' title='bbox 2372 2637 2581 2699; x_wconf 91' lang='lat' dir='ltr'>quem</span> <span class='ocrx_word' id='word_1_167' title='bbox 2621 2621 2822 2682; x_wconf 92' lang='lat' dir='ltr'>multi</span> <span class='ocrx_word' id='word_1_168' title='bbox 2862 2620 2948 2682; x_wconf 93' lang='lat' dir='ltr'>de</span> <span class='ocrx_word' id='word_1_169' title='bbox 2991 2622 3180 2699; x_wconf 89' lang='lat' dir='ltr'>pala-</span> 
     </span>
     <span class='ocr_line' id='line_1_22' title="bbox 708 2724 3181 2808; baseline -0 -17"><span class='ocrx_word' id='word_1_170' title='bbox 708 2729 836 2808; x_wconf 92' lang='lat' dir='ltr'>ti0,</span> <span class='ocrx_word' id='word_1_171' title='bbox 892 2724 975 2791; x_wconf 82' lang='lat' dir='ltr'>a&#39;c</span> <span class='ocrx_word' id='word_1_172' title='bbox 1014 2729 1390 2808; x_wconf 87' lang='lat' dir='ltr'>praecipue</span> <span class='ocrx_word' id='word_1_173' title='bbox 1428 2728 1698 2791; x_wconf 89' lang='lat' dir='ltr'>nobiles</span> <span class='ocrx_word' id='word_1_174' title='bbox 1744 2727 2128 2806; x_wconf 86' lang='lat' dir='ltr'>foeminae,</span> <span class='ocrx_word' id='word_1_175' title='bbox 2182 2746 2273 2790; x_wconf 82' lang='lat' dir='ltr'>ex</span> <span class='ocrx_word' id='word_1_176' title='bbox 2323 2728 2654 2790; x_wconf 83' lang='lat' dir='ltr'>fenestris</span> <span class='ocrx_word' id='word_1_177' title='bbox 2705 2745 2964 2806; x_wconf 87' lang='lat' dir='ltr'>magna</span> <span class='ocrx_word' id='word_1_178' title='bbox 3021 2745 3181 2790; x_wconf 93' lang='lat' dir='ltr'>cum</span> 
     </span>
     <span class='ocr_line' id='line_1_23' title="bbox 707 2834 3180 2915; baseline -0 -17"><span class='ocrx_word' id='word_1_179' title='bbox 707 2837 1093 2899; x_wconf 92' lang='lat' dir='ltr'>attentione</span> <span class='ocrx_word' id='word_1_180' title='bbox 1134 2836 1537 2914; x_wconf 89' lang='lat' dir='ltr'>audierunt;</span> <span class='ocrx_word' id='word_1_181' title='bbox 1593 2844 1661 2897; x_wconf 92' lang='lat' dir='ltr'>et</span> <span class='ocrx_word' id='word_1_182' title='bbox 1704 2852 2010 2913; x_wconf 88' lang='lat' dir='ltr'>magnus</span> <span class='ocrx_word' id='word_1_183' title='bbox 2054 2835 2312 2898; x_wconf 89' lang='lat' dir='ltr'>ibidem</span> <span class='ocrx_word' id='word_1_184' title='bbox 2351 2853 2592 2898; x_wconf 92' lang='lat' dir='ltr'>rumor</span> <span class='ocrx_word' id='word_1_185' title='bbox 2632 2835 2717 2897; x_wconf 94' lang='lat' dir='ltr'>de</span> <span class='ocrx_word' id='word_1_186' title='bbox 2757 2834 2906 2915; x_wconf 92' lang='lat' dir='ltr'>ejus</span> <span class='ocrx_word' id='word_1_187' title='bbox 2955 2835 3180 2898; x_wconf 91' lang='lat' dir='ltr'>solida</span> 
     </span>
     <span class='ocr_line' id='line_1_24' title="bbox 706 2941 3181 3022; baseline -0 -17"><span class='ocrx_word' id='word_1_188' title='bbox 706 2943 1029 3006; x_wconf 89' lang='lat' dir='ltr'>doctrina</span> <span class='ocrx_word' id='word_1_189' title='bbox 1060 2960 1144 3005; x_wconf 92' lang='lat' dir='ltr'>ac</span> <span class='ocrx_word' id='word_1_190' title='bbox 1173 2944 1435 3022; x_wconf 89' lang='lat' dir='ltr'>pietate</span> <span class='ocrx_word' id='word_1_191' title='bbox 1467 2942 1955 3005; x_wconf 88' lang='lat' dir='ltr'>increbescere</span> <span class='ocrx_word' id='word_1_192' title='bbox 1985 2942 2238 3021; x_wconf 90' lang='lat' dir='ltr'>coepit.</span> <span class='ocrx_word' id='word_1_193' title='bbox 2275 2941 2577 3021; x_wconf 90' lang='lat' dir='ltr'>Aliquas</span> <span class='ocrx_word' id='word_1_194' title='bbox 2607 2952 2977 3021; x_wconf 89' lang='lat' dir='ltr'>praeterea</span> <span class='ocrx_word' id='word_1_195' title='bbox 3018 2959 3181 3004; x_wconf 90' lang='lat' dir='ltr'>con-</span> 
     </span>
     <span class='ocr_line' id='line_1_25' title="bbox 706 3048 3183 3130; baseline -0.001 -17"><span class='ocrx_word' id='word_1_196' title='bbox 706 3051 948 3114; x_wconf 93' lang='lat' dir='ltr'>ciones</span> <span class='ocrx_word' id='word_1_197' title='bbox 977 3061 1045 3112; x_wconf 91' lang='lat' dir='ltr'>et</span> <span class='ocrx_word' id='word_1_198' title='bbox 1078 3051 1148 3112; x_wconf 90' lang='lat' dir='ltr'>in</span> <span class='ocrx_word' id='word_1_199' title='bbox 1176 3052 1428 3130; x_wconf 89' lang='lat' dir='ltr'>plateis</span> <span class='ocrx_word' id='word_1_200' title='bbox 1460 3060 1528 3112; x_wconf 91' lang='lat' dir='ltr'>et</span> <span class='ocrx_word' id='word_1_201' title='bbox 1559 3050 1630 3111; x_wconf 90' lang='lat' dir='ltr'>in</span> <span class='ocrx_word' id='word_1_202' title='bbox 1661 3048 1990 3112; x_wconf 90' lang='lat' dir='ltr'>custodia</span> <span class='ocrx_word' id='word_1_203' title='bbox 2034 3048 2350 3128; x_wconf 90' lang='lat' dir='ltr'>publica,</span> <span class='ocrx_word' id='word_1_204' title='bbox 2399 3048 2901 3129; x_wconf 90' lang='lat' dir='ltr'>hospitalibus,</span> <span class='ocrx_word' id='word_1_205' title='bbox 2952 3059 3020 3112; x_wconf 89' lang='lat' dir='ltr'>et</span> <span class='ocrx_word' id='word_1_206' title='bbox 3061 3067 3183 3129; x_wconf 91' lang='lat' dir='ltr'>pa-</span> 
     </span>
     <span class='ocr_line' id='line_1_26' title="bbox 703 3154 3183 3236; baseline -0.001 -16"><span class='ocrx_word' id='word_1_207' title='bbox 703 3159 969 3221; x_wconf 90' lang='lat' dir='ltr'>rochiis</span> <span class='ocrx_word' id='word_1_208' title='bbox 999 3157 1427 3235; x_wconf 87' lang='lat' dir='ltr'>habuerunt;</span> <span class='ocrx_word' id='word_1_209' title='bbox 1461 3167 1529 3219; x_wconf 92' lang='lat' dir='ltr'>et</span> <span class='ocrx_word' id='word_1_210' title='bbox 1562 3158 1633 3219; x_wconf 93' lang='lat' dir='ltr'>in</span> <span class='ocrx_word' id='word_1_211' title='bbox 1665 3156 1991 3219; x_wconf 91' lang='lat' dir='ltr'>omnibus</span> <span class='ocrx_word' id='word_1_212' title='bbox 2021 3157 2133 3218; x_wconf 92' lang='lat' dir='ltr'>his</span> <span class='ocrx_word' id='word_1_213' title='bbox 2164 3157 2341 3218; x_wconf 93' lang='lat' dir='ltr'>locis</span> <span class='ocrx_word' id='word_1_214' title='bbox 2370 3154 2773 3236; x_wconf 90' lang='lat' dir='ltr'>frequentes</span> <span class='ocrx_word' id='word_1_215' title='bbox 2822 3156 3183 3219; x_wconf 89' lang='lat' dir='ltr'>auditores</span> 
     </span>
     <span class='ocr_line' id='line_1_27' title="bbox 702 3263 3178 3344; baseline -0.001 -16"><span class='ocrx_word' id='word_1_216' title='bbox 702 3273 774 3328; x_wconf 93' lang='lat' dir='ltr'>et</span> <span class='ocrx_word' id='word_1_217' title='bbox 812 3281 1075 3344; x_wconf 92' lang='lat' dir='ltr'>magna</span> <span class='ocrx_word' id='word_1_218' title='bbox 1114 3282 1276 3328; x_wconf 92' lang='lat' dir='ltr'>cum</span> <span class='ocrx_word' id='word_1_219' title='bbox 1325 3265 1796 3326; x_wconf 91' lang='lat' dir='ltr'>commotione</span> <span class='ocrx_word' id='word_1_220' title='bbox 1847 3264 2247 3327; x_wconf 91' lang='lat' dir='ltr'>animorum</span> <span class='ocrx_word' id='word_1_221' title='bbox 2288 3281 2371 3325; x_wconf 90' lang='lat' dir='ltr'>ac</span> <span class='ocrx_word' id='word_1_222' title='bbox 2415 3263 2736 3343; x_wconf 83' lang='lat' dir='ltr'>profectu</span> <span class='ocrx_word' id='word_1_223' title='bbox 2778 3265 3178 3327; x_wconf 88' lang='lat' dir='ltr'>audierunt.</span> 
     </span>
     <span class='ocr_line' id='line_1_28' title="bbox 706 3371 3179 3450; baseline -0.002 -14"><span class='ocrx_word' id='word_1_224' title='bbox 706 3372 883 3436; x_wconf 89' lang='lat' dir='ltr'>Cum</span> <span class='ocrx_word' id='word_1_225' title='bbox 915 3383 1152 3436; x_wconf 88' lang='lat' dir='ltr'>autem</span> <span class='ocrx_word' id='word_1_226' title='bbox 1175 3371 1442 3434; x_wconf 91' lang='lat' dir='ltr'>Doctor</span> <span class='ocrx_word' id='word_1_227' title='bbox 1474 3371 1850 3434; x_wconf 88' lang='lat' dir='ltr'>Torrensis</span> <span class='ocrx_word' id='word_1_228' title='bbox 1880 3388 1964 3432; x_wconf 91' lang='lat' dir='ltr'>eo</span> <span class='ocrx_word' id='word_1_229' title='bbox 1996 3372 2462 3450; x_wconf 90' lang='lat' dir='ltr'>pervenisset,</span> <span class='ocrx_word' id='word_1_230' title='bbox 2493 3372 2705 3433; x_wconf 91' lang='lat' dir='ltr'>simul</span> <span class='ocrx_word' id='word_1_231' title='bbox 2735 3388 2981 3433; x_wconf 92' lang='lat' dir='ltr'>omnes</span> <span class='ocrx_word' id='word_1_232' title='bbox 3010 3371 3179 3433; x_wconf 88' lang='lat' dir='ltr'>Bur·</span> 
     </span>
     <span class='ocr_line' id='line_1_29' title="bbox 708 3478 3175 3559; baseline -0.001 -17"><span class='ocrx_word' id='word_1_233' title='bbox 708 3495 839 3557; x_wconf 81' lang='lat' dir='ltr'>gos</span> <span class='ocrx_word' id='word_1_234' title='bbox 870 3498 945 3542; x_wconf 92' lang='lat' dir='ltr'>se</span> <span class='ocrx_word' id='word_1_235' title='bbox 977 3482 1445 3556; x_wconf 88' lang='lat' dir='ltr'>contulerunt;</span> <span class='ocrx_word' id='word_1_236' title='bbox 1474 3496 1612 3559; x_wconf 90' lang='lat' dir='ltr'>qua</span> <span class='ocrx_word' id='word_1_237' title='bbox 1649 3481 1720 3541; x_wconf 89' lang='lat' dir='ltr'>in</span> <span class='ocrx_word' id='word_1_238' title='bbox 1745 3479 2038 3541; x_wconf 89' lang='lat' dir='ltr'>civitate</span> <span class='ocrx_word' id='word_1_239' title='bbox 2071 3478 2318 3541; x_wconf 92' lang='lat' dir='ltr'>eodem</span> <span class='ocrx_word' id='word_1_240' title='bbox 2349 3478 2484 3556; x_wconf 89' lang='lat' dir='ltr'>die,</span> <span class='ocrx_word' id='word_1_241' title='bbox 2513 3495 2652 3558; x_wconf 93' lang='lat' dir='ltr'>quo</span> <span class='ocrx_word' id='word_1_242' title='bbox 2679 3487 3175 3557; x_wconf 86' lang='lat' dir='ltr'>pervenerant,</span> 
     </span>
     <span class='ocr_line' id='line_1_30' title="bbox 709 3583 3182 3665; baseline -0.001 -17"><span class='ocrx_word' id='word_1_243' title='bbox 709 3586 784 3648; x_wconf 92' lang='lat' dir='ltr'>P.</span> <span class='ocrx_word' id='word_1_244' title='bbox 819 3586 1140 3665; x_wconf 84' lang='lat' dir='ltr'>Baptista</span> <span class='ocrx_word' id='word_1_245' title='bbox 1173 3587 1243 3648; x_wconf 91' lang='lat' dir='ltr'>in</span> <span class='ocrx_word' id='word_1_246' title='bbox 1273 3588 1507 3665; x_wconf 89' lang='lat' dir='ltr'>platea</span> <span class='ocrx_word' id='word_1_247' title='bbox 1556 3602 1819 3663; x_wconf 89' lang='lat' dir='ltr'>magna</span> <span class='ocrx_word' id='word_1_248' title='bbox 1864 3586 2331 3647; x_wconf 89' lang='lat' dir='ltr'>concionatus</span> <span class='ocrx_word' id='word_1_249' title='bbox 2370 3593 2507 3662; x_wconf 92' lang='lat' dir='ltr'>est,</span> <span class='ocrx_word' id='word_1_250' title='bbox 2554 3585 2645 3647; x_wconf 91' lang='lat' dir='ltr'>ad</span> <span class='ocrx_word' id='word_1_251' title='bbox 2685 3601 2894 3664; x_wconf 92' lang='lat' dir='ltr'>quem</span> <span class='ocrx_word' id='word_1_252' title='bbox 2936 3583 3024 3644; x_wconf 92' lang='lat' dir='ltr'>ob</span> <span class='ocrx_word' id='word_1_253' title='bbox 3068 3584 3182 3645; x_wconf 93' lang='lat' dir='ltr'>rei</span> 
     </span>
     <span class='ocr_line' id='line_1_31' title="bbox 710 3691 3177 3780; baseline -0.002 -25"><span class='ocrx_word' id='word_1_254' title='bbox 710 3694 1101 3756; x_wconf 90' lang='lat' dir='ltr'>novitatem</span> <span class='ocrx_word' id='word_1_255' title='bbox 1143 3694 1543 3772; x_wconf 86' lang='lat' dir='ltr'>frequentes</span> <span class='ocrx_word' id='word_1_256' title='bbox 1588 3692 1950 3754; x_wconf 90' lang='lat' dir='ltr'>auditores</span> <span class='ocrx_word' id='word_1_257' title='bbox 1995 3701 2063 3754; x_wconf 89' lang='lat' dir='ltr'>et</span> <span class='ocrx_word' id='word_1_258' title='bbox 2113 3691 2610 3780; x_wconf 87' lang='lat' dir='ltr'>admirabundi</span> <span class='ocrx_word' id='word_1_259' title='bbox 2662 3691 3177 3760; x_wconf 87' lang='lat' dir='ltr'>confluxerunt,</span> 
     </span>
     <span class='ocr_line' id='line_1_32' title="bbox 711 3797 3183 3880; baseline -0 -19"><span class='ocrx_word' id='word_1_260' title='bbox 711 3800 832 3879; x_wconf 89' lang='lat' dir='ltr'>qui</span> <span class='ocrx_word' id='word_1_261' title='bbox 859 3808 1128 3880; x_wconf 88' lang='lat' dir='ltr'>postea,</span> <span class='ocrx_word' id='word_1_262' title='bbox 1158 3818 1318 3861; x_wconf 91' lang='lat' dir='ltr'>cum</span> <span class='ocrx_word' id='word_1_263' title='bbox 1348 3817 1595 3862; x_wconf 91' lang='lat' dir='ltr'>eorum</span> <span class='ocrx_word' id='word_1_264' title='bbox 1617 3809 1686 3861; x_wconf 93' lang='lat' dir='ltr'>et</span> <span class='ocrx_word' id='word_1_265' title='bbox 1717 3799 2116 3861; x_wconf 89' lang='lat' dir='ltr'>doctrinam</span> <span class='ocrx_word' id='word_1_266' title='bbox 2147 3809 2214 3860; x_wconf 91' lang='lat' dir='ltr'>et</span> <span class='ocrx_word' id='word_1_267' title='bbox 2238 3799 2566 3877; x_wconf 88' lang='lat' dir='ltr'>spiritum</span> <span class='ocrx_word' id='word_1_268' title='bbox 2588 3797 2932 3876; x_wconf 88' lang='lat' dir='ltr'>viderent,</span> <span class='ocrx_word' id='word_1_269' title='bbox 2961 3799 3183 3861; x_wconf 92' lang='lat' dir='ltr'>multo</span> 
     </span>
     <span class='ocr_line' id='line_1_33' title="bbox 711 3904 3198 3987; baseline -0.001 -17"><span class='ocrx_word' id='word_1_270' title='bbox 711 3909 940 3987; x_wconf 88' lang='lat' dir='ltr'>magis</span> <span class='ocrx_word' id='word_1_271' title='bbox 984 3907 1423 3968; x_wconf 87' lang='lat' dir='ltr'>mirabantur</span> <span class='ocrx_word' id='word_1_272' title='bbox 1468 3915 1535 3968; x_wconf 92' lang='lat' dir='ltr'>et</span> <span class='ocrx_word' id='word_1_273' title='bbox 1589 3905 1973 3968; x_wconf 92' lang='lat' dir='ltr'>Dominum</span> <span class='ocrx_word' id='word_1_274' title='bbox 2024 3904 2431 3967; x_wconf 90' lang='lat' dir='ltr'>laudabant.</span> <span class='ocrx_word' id='word_1_275' title='bbox 2490 3904 2832 3983; x_wconf 90' lang='lat' dir='ltr'>Magister</span> <span class='ocrx_word' id='word_1_276' title='bbox 2869 3904 3198 3986; x_wconf 80' lang='lat' dir='ltr'>Joannes·</span> 
     </span>
    </p>
   </div>
   <div class='ocr_carea' id='block_1_3' title="bbox 711 4180 3187 4736">
    <p class='ocr_par' dir='ltr' id='par_1_4' title="bbox 711 4180 3184 4442">
     <span class='ocr_line' id='line_1_34' title="bbox 713 4180 3182 4237; baseline -0.002 -7"><span class='ocrx_word' id='word_1_277' title='bbox 713 4188 907 4237; x_wconf 79' lang='lat' dir='ltr'>laneus,</span> <span class='ocrx_word' id='word_1_278' title='bbox 931 4196 997 4228; x_wconf 83' lang='lat' dir='ltr'>ex</span> <span class='ocrx_word' id='word_1_279' title='bbox 1017 4184 1411 4234; x_wconf 73' lang='lat' dir='ltr'>commissione,</span> <span class='ocrx_word' id='word_1_280' title='bbox 1431 4183 1644 4227; x_wconf 86' lang='lat' dir='ltr'>Doctori</span> <span class='ocrx_word' id='word_1_281' title='bbox 1666 4182 1906 4226; x_wconf 71' lang='lat' dir='ltr'>Michaeu</span> <span class='ocrx_word' id='word_1_282' title='bbox 1939 4182 2000 4225; x_wconf 86' lang='lat' dir='ltr'>de</span> <span class='ocrx_word' id='word_1_283' title='bbox 2037 4181 2241 4235; x_wconf 82' lang='lat' dir='ltr'>Torres,</span> <span class='ocrx_word' id='word_1_284' title='bbox 2278 4182 2339 4225; x_wconf 87' lang='lat' dir='ltr'>de</span> <span class='ocrx_word' id='word_1_285' title='bbox 2375 4180 2736 4225; x_wconf 85' lang='lat' dir='ltr'>beneficiorum</span> <span class='ocrx_word' id='word_1_286' title='bbox 2758 4182 3110 4235; x_wconf 78' lang='lat' dir='ltr'>resignatione</span> <span class='ocrx_word' id='word_1_287' title='bbox 3131 4188 3182 4224; x_wconf 90' lang='lat' dir='ltr'>et</span> 
     </span>
     <span class='ocr_line' id='line_1_35' title="bbox 711 4252 3183 4309; baseline -0.002 -9"><span class='ocrx_word' id='word_1_288' title='bbox 711 4258 912 4309; x_wconf 86' lang='lat' dir='ltr'>unione,</span> <span class='ocrx_word' id='word_1_289' title='bbox 937 4257 997 4299; x_wconf 91' lang='lat' dir='ltr'>de</span> <span class='ocrx_word' id='word_1_290' title='bbox 1018 4255 1309 4309; x_wconf 76' lang='lat' dir='ltr'>privilegiis</span> <span class='ocrx_word' id='word_1_291' title='bbox 1332 4253 1633 4304; x_wconf 75' lang='lat' dir='ltr'>societatis:</span> <span class='ocrx_word' id='word_1_292' title='bbox 1671 4255 1803 4297; x_wconf 85' lang='lat' dir='ltr'>idem</span> <span class='ocrx_word' id='word_1_293' title='bbox 1835 4254 2025 4306; x_wconf 84' lang='lat' dir='ltr'>Araoz,</span> <span class='ocrx_word' id='word_1_294' title='bbox 2062 4264 2124 4296; x_wconf 89' lang='lat' dir='ltr'>ne</span> <span class='ocrx_word' id='word_1_295' title='bbox 2160 4253 2438 4296; x_wconf 83' lang='lat' dir='ltr'>Doctorem</span> <span class='ocrx_word' id='word_1_296' title='bbox 2460 4252 2665 4304; x_wconf 80' lang='lat' dir='ltr'>Torres,</span> <span class='ocrx_word' id='word_1_297' title='bbox 2687 4260 2870 4296; x_wconf 86' lang='lat' dir='ltr'>contra</span> <span class='ocrx_word' id='word_1_298' title='bbox 2892 4252 3183 4296; x_wconf 80' lang='lat' dir='ltr'>cardinalis</span> 
     </span>
     <span class='ocr_line' id='line_1_36' title="bbox 713 4317 3184 4378; baseline -0.002 -7"><span class='ocrx_word' id='word_1_299' title='bbox 713 4327 1006 4371; x_wconf 79' lang='lat' dir='ltr'>cauriensis</span> <span class='ocrx_word' id='word_1_300' title='bbox 1034 4327 1375 4378; x_wconf 82' lang='lat' dir='ltr'>voluntatem,</span> <span class='ocrx_word' id='word_1_301' title='bbox 1409 4324 1728 4368; x_wconf 81' lang='lat' dir='ltr'>Salmantica</span> <span class='ocrx_word' id='word_1_302' title='bbox 1759 4326 1976 4368; x_wconf 87' lang='lat' dir='ltr'>multum</span> <span class='ocrx_word' id='word_1_303' title='bbox 1997 4327 2176 4368; x_wconf 84' lang='lat' dir='ltr'>abesse</span> <span class='ocrx_word' id='word_1_304' title='bbox 2197 4325 2494 4378; x_wconf 83' lang='lat' dir='ltr'>permittat,</span> <span class='ocrx_word' id='word_1_305' title='bbox 2524 4317 2702 4367; x_wconf 83' lang='lat' dir='ltr'>eodem</span> <span class='ocrx_word' id='word_1_306' title='bbox 2727 4324 2904 4367; x_wconf 76' lang='lat' dir='ltr'>‘mense</span> <span class='ocrx_word' id='word_1_307' title='bbox 2935 4332 2984 4368; x_wconf 86' lang='lat' dir='ltr'>et</span> <span class='ocrx_word' id='word_1_308' title='bbox 3016 4324 3043 4366; x_wconf 89' lang='grc'><strong><em>2</em></strong></span> <span class='ocrx_word' id='word_1_309' title='bbox 3062 4324 3184 4378; x_wconf 83' lang='lat' dir='ltr'>Sep-</span> 
     </span>
     <span class='ocr_line' id='line_1_37' title="bbox 715 4400 945 4442; baseline 0 -1"><span class='ocrx_word' id='word_1_310' title='bbox 715 4400 945 4442; x_wconf 83' lang='lat' dir='ltr'>tembris.</span> 
     </span>
    </p>

    <p class='ocr_par' dir='ltr' id='par_1_5' title="bbox 711 4464 3187 4736">
     <span class='ocr_line' id='line_1_38' title="bbox 793 4464 3185 4520; baseline -0.002 -7"><span class='ocrx_word' id='word_1_311' title='bbox 793 4469 810 4501; x_wconf 84' lang='lat'>¹</span> <span class='ocrx_word' id='word_1_312' title='bbox 867 4470 1136 4520; x_wconf 86' lang='lat' dir='ltr'>Polancus,</span> <span class='ocrx_word' id='word_1_313' title='bbox 1160 4480 1227 4510; x_wconf 74' lang='lat' dir='ltr'>ex</span> <span class='ocrx_word' id='word_1_314' title='bbox 1257 4469 1650 4519; x_wconf 80' lang='lat' dir='ltr'>commissione,</span> <span class='ocrx_word' id='word_1_315' title='bbox 1671 4468 1817 4511; x_wconf 86' lang='lat' dir='ltr'>Patri</span> <span class='ocrx_word' id='word_1_316' title='bbox 1839 4467 2039 4519; x_wconf 84' lang='lat' dir='ltr'>Araoz,</span> <span class='ocrx_word' id='word_1_317' title='bbox 2063 4466 2123 4509; x_wconf 90' lang='lat' dir='ltr'>de</span> <span class='ocrx_word' id='word_1_318' title='bbox 2144 4466 2462 4520; x_wconf 87' lang='lat' dir='ltr'>promotione</span> <span class='ocrx_word' id='word_1_319' title='bbox 2486 4464 2780 4509; x_wconf 78' lang='lat' dir='ltr'>cardinalis</span> <span class='ocrx_word' id='word_1_320' title='bbox 2803 4464 3100 4509; x_wconf 79' lang='lat' dir='ltr'>Cauriensis</span> <span class='ocrx_word' id='word_1_321' title='bbox 3119 4465 3185 4508; x_wconf 90' lang='lat' dir='ltr'>ad</span> 
     </span>
     <span class='ocr_line' id='line_1_39' title="bbox 711 4537 3185 4595; baseline -0.002 -11"><span class='ocrx_word' id='word_1_322' title='bbox 711 4541 1083 4595; x_wconf 82' lang='lat' dir='ltr'>Episcopatum</span> <span class='ocrx_word' id='word_1_323' title='bbox 1105 4540 1443 4592; x_wconf 81' lang='lat' dir='ltr'>Burgensem,</span> <span class='ocrx_word' id='word_1_324' title='bbox 1465 4540 1525 4581; x_wconf 90' lang='lat' dir='ltr'>de</span> <span class='ocrx_word' id='word_1_325' title='bbox 1548 4540 1753 4583; x_wconf 87' lang='lat' dir='ltr'>Abbate</span> <span class='ocrx_word' id='word_1_326' title='bbox 1777 4539 1837 4581; x_wconf 88' lang='lat' dir='ltr'>de</span> <span class='ocrx_word' id='word_1_327' title='bbox 1863 4537 2030 4587; x_wconf 78' lang='lat' dir='ltr'>Salas,</span> <span class='ocrx_word' id='word_1_328' title='bbox 2049 4537 2108 4580; x_wconf 90' lang='lat' dir='ltr'>de</span> <span class='ocrx_word' id='word_1_329' title='bbox 2130 4537 2391 4581; x_wconf 78' lang='lat' dir='ltr'>fundanda</span> <span class='ocrx_word' id='word_1_330' title='bbox 2413 4537 2601 4592; x_wconf 82' lang='lat' dir='ltr'>Burgis</span> <span class='ocrx_word' id='word_1_331' title='bbox 2622 4537 2902 4580; x_wconf 77' lang='lat' dir='ltr'>societatis</span> <span class='ocrx_word' id='word_1_332' title='bbox 2926 4537 3074 4580; x_wconf 87' lang='lat' dir='ltr'>domo</span> <span class='ocrx_word' id='word_1_333' title='bbox 3089 4570 3100 4590; x_wconf 90' lang='lat'>,</span> <span class='ocrx_word' id='word_1_334' title='bbox 3123 4537 3185 4580; x_wconf 85' lang='lat' dir='ltr'>de</span> 
     </span>
     <span class='ocr_line' id='line_1_40' title="bbox 712 4608 3187 4664; baseline -0.002 -9"><span class='ocrx_word' id='word_1_335' title='bbox 712 4612 962 4655; x_wconf 87' lang='lat' dir='ltr'>mittendo</span> <span class='ocrx_word' id='word_1_336' title='bbox 998 4611 1221 4655; x_wconf 88' lang='lat' dir='ltr'>Doctore</span> <span class='ocrx_word' id='word_1_337' title='bbox 1243 4611 1433 4654; x_wconf 77' lang='lat' dir='ltr'>&#39;forres</span> <span class='ocrx_word' id='word_1_338' title='bbox 1453 4622 1568 4653; x_wconf 88' lang='lat' dir='ltr'>cum</span> <span class='ocrx_word' id='word_1_339' title='bbox 1589 4612 1721 4660; x_wconf 80' lang='lat' dir='ltr'>aliis,</span> <span class='ocrx_word' id='word_1_340' title='bbox 1757 4618 2032 4664; x_wconf 85' lang='lat' dir='ltr'>postquam</span> <span class='ocrx_word' id='word_1_341' title='bbox 2064 4609 2133 4652; x_wconf 88' lang='lat' dir='ltr'>ibi</span> <span class='ocrx_word' id='word_1_342' title='bbox 2162 4620 2256 4662; x_wconf 88' lang='lat' dir='ltr'>per</span> <span class='ocrx_word' id='word_1_343' title='bbox 2286 4608 2483 4663; x_wconf 77' lang='lat' dir='ltr'>aliquot</span> <span class='ocrx_word' id='word_1_344' title='bbox 2505 4609 2614 4652; x_wconf 74' lang='lat' dir='ltr'>dies</span> <span class='ocrx_word' id='word_1_345' title='bbox 2635 4609 2970 4652; x_wconf 84' lang='lat' dir='ltr'>concionatus</span> <span class='ocrx_word' id='word_1_346' title='bbox 2989 4609 3056 4652; x_wconf 82' lang='lat' dir='ltr'>sit</span> <span class='ocrx_word' id='word_1_347' title='bbox 3078 4609 3187 4662; x_wconf 84' lang='lat' dir='ltr'>lpse</span> 
     </span>
     <span class='ocr_line' id='line_1_41' title="bbox 713 4671 3084 4736; baseline -0.002 -9"><span class='ocrx_word' id='word_1_348' title='bbox 713 4684 903 4735; x_wconf 78' lang='lat' dir='ltr'>Araoz,</span> <span class='ocrx_word' id='word_1_349' title='bbox 926 4685 951 4725; x_wconf 86' lang='lat'><strong>7</strong></span> <span class='ocrx_word' id='word_1_350' title='bbox 971 4671 1478 4736; x_wconf 75' lang='lat' dir='ltr'>Maii.—Cardinalis,</span> <span class='ocrx_word' id='word_1_351' title='bbox 1500 4691 1654 4725; x_wconf 87' lang='lat' dir='ltr'>antea</span> <span class='ocrx_word' id='word_1_352' title='bbox 1677 4682 1989 4732; x_wconf 82' lang='lat' dir='ltr'>Cauriensis,</span> <span class='ocrx_word' id='word_1_353' title='bbox 2014 4691 2143 4723; x_wconf 87' lang='lat' dir='ltr'>nunc</span> <span class='ocrx_word' id='word_1_354' title='bbox 2167 4679 2461 4733; x_wconf 64' lang='lat' dir='ltr'>Bur-gensis,</span> <span class='ocrx_word' id='word_1_355' title='bbox 2485 4681 2694 4724; x_wconf 81' lang='lat' dir='ltr'>litterae</span> <span class='ocrx_word' id='word_1_356' title='bbox 2716 4680 2781 4723; x_wconf 85' lang='lat' dir='ltr'>ad</span> <span class='ocrx_word' id='word_1_357' title='bbox 2807 4679 3084 4732; x_wconf 72' lang='lat' dir='ltr'>lgnatium.</span> 
     </span>
    </p>
   </div>
  </div>
 </body>
</html>
