3679 5414
1574 491 1698 548 An.
1742 488 1883 547 1552
2846 485 2949 544 741

490 638 584 701 ad
612 637 805 701 vitae
841 636 1287 700 honestatem
1315 636 1709 714 redierunt;
1753 652 1936 715 quae
1975 634 2389 715 parentibus
2428 642 2632 696 erant
2668 631 2950 695 destitu-

484 755 623 824 tae,
659 761 904 808 omnes
933 743 1386 807 matrimonio
1416 742 1870 805 collocandas
1913 741 2222 816 curavit;
2259 740 2691 804 concubinas
2728 740 2843 802 vel
2881 739 2956 802 in

484 851 936 915 matrimonio
989 851 1203 914 alicui
1239 851 1396 914 viro
1443 848 1949 930 conjungebat,
1997 848 2113 911 vel
2150 849 2222 911 in
2260 847 2583 911 domibus
2628 847 2951 910 honesto·

482 976 642 1023 rum
680 958 1045 1022 hominum
1084 956 1629 1038 conjugatorum
1668 957 2088 1035 collocabat,
2136 965 2206 1019 et
2242 956 2502 1019 ibidem
2543 955 2951 1017 necessaria

485 1067 623 1130 illis
656 1065 1177 1130 subministrari
1205 1065 1536 1145 curabat;
1571 1065 1749 1128 alias
1788 1064 2040 1127 crebro
2070 1061 2161 1126 ad
2190 1063 2571 1126 conciones
2611 1060 2953 1124 accedere

476 1172 788 1253 jubebat,
808 1180 877 1236 et
900 1171 992 1235 ad
1014 1173 1191 1236 alias
1211 1189 1558 1252 pauperes
1582 1180 1650 1234 et
1674 1179 2132 1250 aegrotantes
2146 1169 2559 1233 invisendas
2582 1169 2946 1232 incitabat.

485 1280 663 1343 Tam
692 1289 848 1343 erat
886 1279 1187 1359 diligens
1227 1287 1296 1342 et
1325 1278 1576 1342 efficax
1621 1279 1693 1341 in
1730 1277 2135 1340 hominibus
2173 1295 2215 1339 a
2255 1276 2535 1357 peccati
2563 1284 2754 1339 statu
2791 1275 2954 1339 edu-

479 1388 755 1467 cendiS,
798 1398 874 1451 ut
916 1386 1254 1451 acciderit
1291 1385 1704 1467 aliquand0,
1748 1401 1910 1447 cum
1946 1401 2090 1447 non
2127 1393 2371 1464 posset
2409 1383 2787 1464 quemdam
2815 1383 2954 1462 ple-

483 1493 718 1576 bejum
744 1494 1103 1558 hominem
1132 1494 1485 1557 adducere
1523 1501 1602 1557 ut
1647 1511 1689 1556 a
1731 1501 2031 1573 peccato
2078 1491 2385 1572 quodam
2428 1490 2711 1571 publico
2742 1490 2953 1553 absti-

481 1611 712 1680 neret,
765 1602 993 1682 pretio
1043 1618 1209 1665 cum
1259 1619 1344 1664 eo
1383 1601 1797 1664 convenerit
1834 1607 1906 1662 et
1941 1598 2201 1678 viginti
2239 1615 2497 1661 aureos
2541 1599 2608 1660 ei
2657 1596 2950 1676 dederit,

481 1710 734 1790 quibus
783 1708 1127 1789 acceptiS,
1170 1717 1468 1788 peccata
1515 1708 1828 1787 reliquit;
1878 1707 2010 1769 hos
2054 1715 2295 1769 autem
2340 1723 2430 1768 ex
2483 1705 2954 1784 eleemosynis

483 1817 857 1898 quaesivit.
912 1817 1086 1880 Erat
1140 1825 1210 1880 et
1257 1816 1574 1895 quidam,
1636 1816 1757 1895 qui
1804 1813 2063 1894 viginti
2121 1829 2348 1875 annos
2407 1831 2450 1876 a
2508 1812 2954 1878 confessione

482 1925 953 2004 abstinuerat,
986 1932 1057 1986 et
1085 1923 1404 1987 confiteri
1433 1921 1508 1985 P.
1552 1921 1881 2002 Gasparo
1921 1921 2242 1999 timebat,
2286 1919 2474 2000 quod
2513 1919 2769 1983 librum
2809 1935 2951 1981 ma-

480 2032 804 2110 gicarum
833 2031 1412 2112 superstitionum
1438 2029 1765 2107 haberet,
1799 2046 1924 2109 per
1956 2046 2166 2108 quem
2195 2045 2358 2090 cum
2389 2026 2732 2090 daemone
2762 2028 2954 2107 loqui

483 2139 732 2217 latine,
765 2154 1026 2217 graece
1055 2146 1125 2201 et
1155 2137 1526 2201 lusitanice
1566 2136 1869 2213 solebat;
1912 2135 2038 2198 sed
2075 2135 2300 2198 voluit
2331 2133 2528 2197 Deus
2558 2145 2635 2196 ut
2667 2133 2953 2197 tandem

484 2245 556 2307 in
607 2261 860 2307 manus
910 2244 1131 2324 ipsius
1173 2243 1251 2306 Ρ.
1316 2243 1627 2323 Gaspari
1686 2240 2034 2320 inciderit;
2092 2249 2194 2319 et,
2248 2240 2476 2303 eidem
2526 2239 2947 2319 confitendo,

483 2352 739 2415 librum
766 2351 1321 2415 comburendum
1349 2350 1662 2429 tradidit,
1705 2349 2043 2412 monstris
2071 2348 2371 2428 depictis
2400 2348 2706 2427 plenum.
2741 2346 2951 2410 Alius

485 2457 731 2537 etiam,
766 2458 886 2538 qui
934 2475 1097 2521 cum
1145 2458 1510 2536 octoginta
1558 2473 1784 2518 annos
1822 2454 2226 2532 excederet,
2273 2471 2638 2534 nunquam
2683 2454 2951 2517 confes·

480 2583 604 2628 sus
650 2575 833 2640 erat,
879 2565 1109 2629 eidem
1157 2574 1264 2628 est
1297 2564 1686 2628 confessus.
1731 2561 1872 2627 Sed
1920 2562 2090 2626 illud
2140 2562 2532 2625 notandum
2560 2561 2690 2625 fuit
2736 2562 2947 2642 quod,

480 2690 644 2736 cum
680 2673 967 2755 quidam
1013 2673 1270 2737 nobilis
1317 2670 1546 2735 eidem
1594 2679 1668 2734 ut
1708 2668 2161 2734 confiteretur
2203 2686 2347 2732 non
2388 2669 2644 2733 adduci
2686 2678 2949 2750 posset,

478 2790 805 2861 essetque
834 2782 907 2844 in
935 2782 1117 2844 lecto
1148 2781 1487 2860 vigilanS,
1534 2779 1754 2843 sensit
1795 2777 2174 2858 quemdam
2210 2793 2463 2839 manus
2503 2777 2575 2839 in
2615 2775 2765 2857 ejus
2794 2786 2950 2856 gut-

479 2894 593 2949 tur
624 2886 911 2967 injicere
941 2898 1089 2950 tam
1116 2888 1571 2950 vehementer
1600 2895 1676 2949 ut
1706 2886 1937 2966 ipsum
1966 2882 2317 2947 suffocare
2347 2884 2529 2946 velle
2562 2883 2948 2964 videretur;

481 2992 596 3056 ille
634 3004 872 3057 autem
914 2996 1246 3057 invocato
1284 2994 1567 3058 nomine
1605 2994 1682 3056 Β.
1725 2992 2049 3071 Virginis
2088 2991 2426 3054 liberatus
2480 2991 2777 3071 putabat
2816 2992 2955 3054 hoc

476 3099 610 3163 sibi
637 3117 767 3181 pro
797 3101 1160 3180 punitione
1190 3099 1565 3178 accidisse,
1600 3099 1789 3179 quod
1819 3098 1895 3161 Ρ.
1931 3098 2258 3177 Gasparo
2283 3097 2605 3160 confiteri
2633 3114 2952 3160 recusas-

479 3216 618 3286 set,
659 3216 729 3270 et
760 3225 923 3271 cum
966 3208 1465 3285 obdormisset,
1513 3207 1710 3270 visus
1752 3214 1861 3268 est
1910 3206 2046 3268 sibi
2095 3204 2341 3273 videre
2391 3203 2468 3267 P.
2519 3205 2943 3285 Gasparem.

479 3315 598 3396 qui
652 3316 1205 3396 percontabatur
1269 3331 1621 3394 quaenam
1671 3321 1859 3375 esset
1909 3312 2310 3375 afflictionis
2354 3310 2504 3392 ejus
2564 3329 2815 3391 causa,
2882 3321 2954 3375 et

478 3422 578 3485 ita
635 3439 798 3486 cum
845 3438 1107 3501 magna
1158 3422 1639 3502 lacrymarum
1686 3420 1895 3499 copia
1943 3435 2247 3498 surgens
2286 3436 2325 3481 e
2363 3418 2650 3497 lectulo,
2695 3418 2786 3481 ad
2823 3418 2951 3482 Pa-

475 3538 657 3591 trem
688 3530 1201 3609 quaerendum,
1233 3537 1310 3592 ut
1339 3529 1402 3590 ei
1434 3527 1919 3605 confiteretur,
1950 3542 2029 3588 se
2060 3525 2379 3588 contulit.

593 3636 734 3699 694.
822 3637 1229 3718 Antequam
1277 3636 1350 3699 in
1395 3652 1695 3715 regnum
1739 3633 2054 3697 Ormuzii
2098 3631 2173 3696 P.
2226 3632 2507 3713 Gaspar
2558 3633 2945 3713 recederet,

477 3760 640 3806 cum
670 3760 796 3823 per
826 3754 1039 3824 caput
1067 3745 1276 3808 unius
1307 3762 1398 3807 ex
1429 3743 1755 3805 undecim
1799 3741 2103 3805 millibus
2142 3740 2539 3819 virginibus
2580 3741 2798 3803 multa
2827 3740 2950 3804 mi-

474 3851 719 3913 racula
770 3851 922 3914 fieri
967 3851 1270 3930 videret,
1315 3867 1571 3913 ornare
1608 3847 1779 3912 illud
1817 3848 2177 3927 cupiebat;
2226 3847 2352 3910 sed
2394 3847 2583 3926 quod
2614 3848 2948 3911 exclusus

474 3958 824 4036 angustiis
854 3959 1191 4038 temporis
1222 3968 1388 4020 tunc
1425 3975 1568 4020 non
1596 3957 1845 4037 potuit,
1881 3955 1953 4019 id
1982 3955 2117 4017 hoc
2156 3972 2344 4017 anno
2385 3955 2660 4034 plenius
2692 3964 2798 4018 est
2830 3974 2946 4019 ex-

473 4074 843 4145 sequutus,
891 4076 958 4128 et
1006 4064 1662 4128 confraternitatem
1701 4063 2083 4144 quamdam
2113 4063 2242 4125 sub
2285 4063 2571 4125 nomine
2619 4061 2947 4127 undecim

475 4172 774 4235 millium
810 4173 1176 4251 virginum
1213 4172 1546 4237 constitui
1587 4170 1898 4249 curavit,
1945 4186 2125 4249 quae
2166 4169 2257 4232 ad
2298 4170 2696 4232 animarum
2733 4170 2948 4233 etiam

395 4304 404 4313 ·
476 4279 819 4342 auxilium
848 4280 1113 4360 aliquid
1143 4278 1528 4357 conferret;
1561 4288 1630 4342 et
1659 4294 1878 4342 unum
1917 4296 2006 4340 ex
2050 4277 2323 4340 duobus
2356 4277 2699 4340 altaribus
2727 4279 2946 4341 eccle—

472 4386 623 4449 siae
659 4378 946 4450 nostrae
996 4387 1300 4451 Goensis
1350 4386 1514 4449 huic
1564 4384 2133 4449 confraternitati
2182 4383 2625 4462 assignatum
2668 4383 2831 4464 fuit,
2875 4395 2948 4448 et

472 4494 700 4556 altare
755 4493 1147 4574 pretiosum
1195 4493 1615 4558 consectum.
1670 4492 1850 4556 Cum
1905 4501 2142 4555 autem
2194 4492 2264 4554 in
2314 4492 2691 4570 concione,
2757 4492 2945 4572 quod

472 4601 987 4681 constituisset,
1036 4604 1297 4683 populo
1340 4601 1768 4679 declararet,
1820 4609 1890 4664 et
1931 4608 2145 4679 caput
2186 4608 2476 4662 sanctae
2525 4600 2826 4679 virginis
2874 4608 2944 4662 et

471 4708 813 4788 martyris
850 4709 918 4772 ei
968 4708 1424 4788 ostendisset,
1476 4725 1603 4787 per
1650 4707 1830 4770 duos
1877 4707 2029 4770 dies
2068 4705 2675 4786 frequentissimus
2723 4706 2947 4770 homi·
