3679 5414
1652 407 1779 464 ΑΝ.
1824 406 1964 465 1552
2935 405 3052 474 775,

574 553 714 618 Sed
770 553 1288 634 responderunt
1339 552 1565 615 nostri
1612 569 1919 632 corpora
1968 568 2045 613 se
2076 569 2120 614 a
2158 550 2312 614 Deo
2343 552 2705 631 accepisse
2736 551 2908 613 utin
2938 551 3041 614 eis

574 661 723 742 pati
780 669 850 724 et
920 660 1283 725 Christum
1341 658 1726 723 Dominum
1782 659 2046 722 imitari
2089 669 2380 739 possent
2407 707 2421 737 ,
2482 666 2774 739 propter
2838 657 3040 738 cujus

573 769 993 848 obsequium
1030 776 1100 830 et
1137 766 1442 846 gloriam
1484 773 1738 847 parum
1776 783 1854 828 se
1892 765 2165 845 frigora
2206 766 2574 829 curabant.
2621 765 2822 828 Tunc
2853 764 3030 845 Rex,

576 875 1024 956 quamvisse
1060 873 1535 953 injuncturum
1567 873 1665 952 ei,
1705 874 1826 954 qui
1873 872 2397 953 Amanguzium
2429 872 3030 953 proficiscebatur,

574 983 863 1066 recepit,
922 992 999 1046 ut
1043 991 1330 1045 nostros
1381 997 1623 1044 secum
1674 981 1989 1059 duceret,
2038 981 2237 1060 prius
2279 989 2518 1044 tamen
2567 998 2643 1043 se
2688 981 2867 1042 velle
2910 997 3038 1061 per

575 1090 891 1170 compita
918 1088 1333 1153 facultatem
1372 1087 1476 1150 eis
1508 1104 1947 1167 concessam,
1980 1086 2442 1168 praedicandi
2471 1088 2702 1166 legem
2729 1085 2886 1167 Dei,
2917 1105 3037 1168 pu-

576 1198 866 1260 blicare.
895 1195 1039 1260 Res
1069 1205 1310 1259 tamen
1339 1195 1557 1258 dilata
1585 1202 1715 1273 est,
1743 1195 1909 1275 quia
1939 1193 2016 1257 Ρ.
2049 1195 2427 1258 Balthasar
2447 1195 2647 1275 prius
2669 1194 2804 1257 sibi
2826 1211 3038 1273 agen·

576 1304 743 1367 dum
770 1321 932 1367 cum
973 1302 1052 1365 P.
1092 1302 1352 1367 Cosmo
1383 1302 1657 1366 censuit
1687 1311 1757 1365 et
1784 1301 1859 1365 in
1896 1300 2125 1366 reditu
2165 1301 2359 1365 illam
2397 1302 3039 1382 promulgationem

578 1410 728 1474 fieri
758 1410 1038 1488 debere,
1082 1418 1456 1491 postquam
1498 1409 1795 1472 vidisset
1835 1408 2216 1472 formulam
2252 1410 2737 1472 concessionis
2765 1408 3036 1472 ‘Aman-

575 1518 767 1597 guzii
817 1517 1074 1580 factae.
1141 1515 1332 1580 Misit
1386 1524 1622 1580 autem
1670 1515 1746 1578 P.
1802 1516 2178 1579 Balthasar
2208 1514 2497 1579 Petrum
2541 1516 2627 1579 de
2677 1515 3038 1580 Alcaceba

572 1625 1131 1705 Amanguzium,
1165 1623 1641 1704 quadraginta
1677 1624 1921 1687 leucas
1951 1640 2078 1703 per
2111 1623 2589 1686 continentem
2619 1624 2869 1704 Bungo
2900 1624 3031 1688 dis·

562 1731 905 1812 junctam,
937 1731 1056 1812 qui
1082 1748 1358 1794 summa
1388 1730 1734 1794 charitate
1765 1749 1808 1793 a
1838 1728 1915 1792 Ρ.
1944 1729 2202 1794 Cosmo
2236 1741 2577 1810 exceptus
2613 1741 2741 1808 est,
2783 1731 3035 1795 deinde

571 1838 987 1903 Eduardum
1008 1838 1095 1902 de
1119 1835 1317 1901 Silva
1345 1837 1558 1915 misit,
1592 1855 1677 1901 ac
1706 1845 2065 1917 postremo
2089 1838 2219 1901 sub
2244 1837 2455 1901 finem
2476 1836 2891 1902 Decembris
2914 1839 3032 1901 hu·

562 1945 678 2025 jus
700 1946 868 2010 anni
902 1946 1199 2026 ipsemet
1227 1944 1303 2008 Ρ.
1336 1945 1713 2008 Balthasar
1742 1962 1906 2008 cum
1931 1945 2205 2028 Joanne
2228 1945 2288 2007 F
2290 1945 2647 2009 ernandez
2669 1945 3029 2025 Amangu-

566 2052 754 2116 zium
781 2053 1128 2133 pervenit.
1161 2050 1330 2132 Ejus
1361 2052 1712 2116 adventus
1741 2070 1884 2115 non
1914 2053 2143 2115 solum
2172 2053 2438 2115 nostris
2469 2052 2596 2116 sed
2623 2054 2839 2116 etiam
2866 2071 3027 2116 neo-

568 2160 808 2240 phytis
846 2161 1143 2223 multum
1191 2159 1704 2223 consolationis
1746 2158 2003 2222 attulit.
2056 2159 2167 2222 Ex
2210 2176 2351 2239 quo
2406 2177 2594 2223 anno
2644 2161 3030 2240 praeterito

569 2267 731 2331 inde
773 2276 1173 2331 recesserat
1212 2275 1282 2330 et
1320 2285 1412 2330 ex
1447 2275 1597 2330 tota
1635 2266 2013 2347 provincia
2049 2265 2440 2348 Japonensi
2481 2267 2559 2330 P.
2603 2266 3031 2330 Franciscus

568 2374 864 2454 Xavier,
896 2383 1273 2438 sexcentos
1302 2375 1375 2438 in
1402 2392 1489 2437 ea
1518 2373 1946 2437 christianos
1965 2371 2114 2453 jam
2149 2374 2576 2454 relinquenS,
2619 2385 3032 2454 perrexerat

569 2480 644 2544 Ρ.
678 2481 986 2546 Cosmus
1013 2483 1088 2545 in
1118 2483 1222 2545 eis
1250 2481 1763 2545 conservandis
1791 2491 1861 2545 et
1886 2481 2044 2545 aliis
2073 2481 2166 2544 ad
2187 2480 2548 2545 Christum
2571 2481 3027 2561 adducendiS,

567 2600 714 2653 tam
755 2591 1080 2670 exemplo
1121 2607 1335 2670 quam
1372 2590 1625 2668 verbo,
1659 2597 1729 2651 et
1772 2588 1963 2652 omni
2000 2588 2235 2653 studio
2274 2588 2347 2652 in
2374 2589 2663 2669 pietatis
2691 2600 3031 2653 consueta

569 2715 791 2777 opera
820 2698 1270 2774 incumbens;
1303 2705 1372 2760 et
1393 2706 1469 2761 ut
1501 2695 2065 2761 aedificationem
2089 2697 2192 2760 eis
2213 2696 2615 2786 hominibus
2636 2697 3029 2778 praeberet,

567 2804 686 2884 qui
734 2805 1158 2884 parcissimo
1187 2805 1389 2868 victu
1425 2806 1653 2868 solent
1681 2805 1808 2883 uti,
1857 2804 2123 2884 aliquot
2162 2804 2256 2868 ibi
2295 2822 2521 2869 annos
2555 2804 2785 2869 bonus
2821 2805 3033 2868 Pater

564 2910 827 2990 exegit,
871 2912 1122 2992 quibus
1171 2928 1393 2993 oryza
1432 2913 1585 2975 sola
1625 2912 2023 2990 victitabat,
2067 2928 2249 2991 quae
2292 2921 2361 2975 et
2399 2912 2605 2992 panis
2643 2920 2713 2974 et
2757 2912 3034 2975 obsonii

563 3017 721 3080 loco
751 3018 819 3081 ei
845 3027 1020 3098 erat,
1065 3019 1252 3082 sicut
1284 3027 1354 3082 et
1382 3018 1573 3097 aliiS,
1613 3019 2031 3099 praesertim
2058 3018 2403 3081 tenuioris
2439 3016 2770 3081 fortunae
2813 3019 3030 3081 homi·

563 3124 801 3203 nibus;
835 3141 1001 3187 nam
1039 3125 1343 3205 piscium
1379 3125 1570 3206 apud
1604 3123 2036 3205 Japonenses
2066 3133 2136 3187 et
2179 3125 2502 3188 carnium
2541 3142 2749 3188 rarus
2793 3125 3027 3188 admo·

563 3230 731 3294 dum
770 3248 941 3294 usus
991 3242 1118 3294 est.
1174 3231 1254 3295 In
1293 3231 1494 3295 festis
1535 3232 1879 3296 natalitiis
1918 3230 2127 3311 hujus
2164 3231 2333 3295 anni
2376 3240 2599 3295 totam
2635 3241 2917 3297 noctem
2955 3234 3030 3297 in

562 3337 831 3402 Christi
862 3339 1013 3402 vita
1055 3337 1360 3419 legenda
1387 3347 1801 3419 exegerunt,
1835 3347 1906 3401 et
1945 3348 2186 3402 ternas
2218 3338 2477 3401 Missas
2520 3337 2594 3401 P.
2631 3338 2930 3403 Cosmus
2959 3350 3028 3404 et

562 3445 939 3508 Balthasar
970 3445 1339 3524 dixerunt3
1372 3445 1768 3509 declaravit
1797 3454 2038 3508 autem
2065 3443 2143 3509 P.
2175 3444 2476 3509 Cosmus
2497 3446 2848 3509 rationem
2868 3464 3025 3527 pro·

567 3561 725 3632 pter
753 3569 967 3632 quam
997 3570 1040 3615 a
1071 3552 1371 3632 singulis
1400 3552 1892 3616 sacerdotibus
1920 3571 2004 3616 eo
2035 3552 2148 3615 die
2177 3552 2315 3616 tria
2344 3551 2566 3617 Sacra
2597 3552 3023 3633 dicerentur;

561 3677 744 3739 quae
782 3660 1022 3724 omnia
1072 3677 1235 3724 cum
1284 3659 1778 3724 aedificatione
1815 3660 1917 3724 illi
1959 3660 2374 3740 audiebant;
2430 3670 2498 3724 et
2549 3662 2738 3742 quod
2781 3660 3025 3726 deerat

555 3765 1053 3847 symphoniae,
1086 3768 1402 3830 charitas
1429 3776 1498 3831 et
1527 3768 1893 3847 spirituale
1921 3768 2262 3847 gaudium
2285 3769 2676 3848 supplebat.

679 3872 768 3937 Et
797 3873 976 3937 haec
1005 3873 1093 3937 de
1120 3872 1890 3955 Japonensium‘messe
1920 3874 2054 3937 hoc
2075 3892 2262 3937 anno
2296 3872 2336 3937 ¹.

642 4076 658 4109 ¹
717 4076 851 4120 Vide
874 4077 1080 4122 litteras
1100 4077 1274 4121 Patris
1298 4076 1513 4121 Cosmae
1546 4078 1608 4121 de
1644 4077 1834 4121 Torres
1864 4083 1918 4120 et
1947 4076 2129 4121 fratris
2158 4077 2371 4130 joannis
2405 4077 2703 4123 Femandez
2723 4079 2790 4123 ad
2812 4078 3023 4124 Franci·

555 4158 697 4191 scum
721 4146 1023 4202 Xaverlum,
1045 4146 1303 4192 Simonem
1332 4148 1660 4192 Rodericium
1690 4154 1741 4192 et
1777 4147 2219 4193 Conimbricenses
2253 4150 2418 4193 socios
2448 4155 2558 4193 toto
2591 4150 2686 4193 hoc
2717 4161 2851 4194 anno
2872 4156 2924 4194 et
2945 4162 3021 4194 se·

552 4220 729 4272 quenti
746 4219 917 4275 datam
939 4231 1135 4264 necnon
1155 4231 1284 4274 quas
1305 4231 1437 4264 anno
1459 4220 1563 4263 1554
1585 4220 1652 4264 ad
1669 4220 1923 4264 lusitanos
1937 4221 2105 4264 socios
2119 4220 2258 4265 misit
2279 4221 2445 4265 frater
2459 4219 2645 4264 Petrus
2660 4221 2720 4265 de
2737 4222 3021 4267 Alcaceba.
