3679 5414
1580 462 1706 519 Ax.
1753 458 1893 518 1552
2541 504 2542 509 1
2861 456 2972 519 529

1099 820 1229 884 DE
1272 820 1737 886 COLLEGIO
1781 819 2154 886 MESSAN
2155 821 2279 906 EN
2282 822 2363 887 SI

619 1034 762 1099 277.
848 1035 1061 1099 Pater
1115 1036 1470 1101 Antonius
1524 1037 1907 1116 Vinchius,
1968 1039 2209 1118 belga,
2271 1046 2620 1119 occupato
2677 1037 2836 1100 aliis
2894 1039 2967 1101 in

500 1142 713 1206 rebus
751 1142 826 1205 P.
869 1143 1310 1224 Hieronymo
1346 1144 1612 1224 Natali,
1656 1146 2098 1209 Messanensi
2137 1145 2454 1225 Collegio
2498 1152 2860 1227 praeerat,
2895 1146 2971 1208 in

498 1268 637 1332 quo
686 1267 804 1315 res
850 1249 1284 1315 domesticae
1333 1252 1511 1315 bene
1571 1269 1648 1316 se
1707 1252 2092 1331 habebant,
2139 1261 2209 1316 et
2261 1260 2409 1315 tam
2451 1252 2704 1316 novitii
2754 1269 2967 1333 quam

502 1358 621 1421 alii
650 1358 722 1420 in
750 1358 1004 1422 litteris
1031 1375 1118 1422 ac
1145 1346 1427 1422 fervore
1458 1359 1748 1440 spiritus
1775 1359 2259 1440 proficiebant.
2304 1360 2495 1424 Idem
2526 1368 2763 1422 autem
2793 1360 2969 1422 ordo

502 1465 954 1543 servabatur,
1015 1467 1133 1546 qui
1183 1465 1331 1546 J'am
1388 1467 1477 1530 ab
1528 1466 1727 1529 initio
1778 1484 1821 1529 a
1872 1465 1948 1528 P.
2002 1465 2239 1533 Natali
2291 1466 2523 1531 fuerat
2580 1466 2966 1530 institutus.

502 1572 847 1652 Quamvis
886 1582 1124 1637 autem
1180 1575 1595 1654 praeclarus
1636 1574 1697 1637 is
1746 1574 2132 1653 videretur,
2178 1574 2345 1654 quia
2386 1584 2625 1638 tamen
2667 1572 2971 1638 Romam

503 1689 846 1744 evocatus
886 1679 963 1744 P.
1011 1681 1318 1762 NataliS,
1366 1682 1909 1745 constitutiones
1951 1690 2021 1744 et
2060 1682 2349 1760 regulas
2394 1666 2774 1745 Societatis
2803 1683 2969 1745 alla-

504 1797 706 1851 turus
734 1788 805 1850 in
836 1786 1155 1852 Siciliam
1183 1789 1551 1852 dicebatur
1582 1789 1814 1870 (quod
1838 1789 1939 1852 ita
1982 1788 2271 1869 accidit,
2317 1797 2397 1851 ut
2431 1789 2644 1869 paulo
2682 1798 2844 1869 post
2873 1789 2972 1852 di·

505 1896 794 1975 cemus),
828 1895 1235 1974 avidissime
1268 1913 1513 1959 omnes
1543 1896 1767 1959 nostri
1790 1913 1916 1959 eas
1938 1896 2472 1976 exspectabant.
2507 1895 2972 1960 Commenda-

504 2002 676 2066 bant
723 2021 1219 2067 messanenses
1268 2003 1590 2067 homines
1634 2002 2157 2084 simplicitatem
2205 2021 2292 2066 ac
2342 2003 2762 2067 modestiam
2815 2003 2971 2067 reli-

504 2110 783 2187 giosam
840 2111 1309 2191 quorumdam
1363 2129 1454 2174 ex
1500 2111 1762 2175 nostris
1783 2158 1798 2189 ,
1864 2110 1983 2192 qui
2029 2111 2228 2192 prius
2285 2110 2420 2189 ipsi
2467 2110 2617 2174 noti
2664 2110 2970 2190 fuerant,

429 2231 438 2239 ·
504 2234 684 2297 quos
711 2217 997 2281 obviam
1025 2210 1256 2282 factos
1285 2219 1346 2281 si
1366 2218 1551 2281 forte
1580 2218 2133 2295 compellabant,
2166 2217 2357 2281 aliud
2386 2213 2807 2298 responsum
2829 2236 2975 2282 non

504 2324 906 2388 referebant
945 2342 1159 2406 quam
1195 2325 1332 2389 sibi
1371 2326 1522 2389 sine
1565 2325 1903 2389 facultate
1944 2343 2089 2388 non
2131 2325 2344 2389 licere
2387 2325 2719 2419 cuiquam
2754 2326 2972 2407 loqui;

508 2430 762 2513 siquid
792 2441 979 2496 esset
1007 2433 1194 2512 quod
1230 2442 1554 2512 urgeret,
1602 2433 1693 2496 ad
1734 2432 2133 2512 Collegium
2173 2433 2533 2512 venirent;
2581 2433 2675 2496 ibi
2714 2431 2866 2496 fore
2895 2441 2975 2498 ut

506 2540 612 2602 eis
640 2538 1037 2603 satisfieret.
1090 2539 1179 2603 Et
1220 2548 1494 2603 tantum
1535 2540 1784 2603 aberat
1824 2549 1903 2603 ut
1947 2541 2357 2604 saeculares
2391 2540 2715 2604 homines
2758 2557 2976 2620 aegre

506 2646 772 2711 ferrent
811 2647 885 2710 in
922 2647 1110 2724 hunc
1150 2646 1438 2712 modum
1481 2647 1614 2711 sibi
1655 2646 2102 2728 responderi,
2149 2657 2228 2712 ut
2271 2648 2777 2728 gratulabundi
2803 2666 2976 2713 non-

504 2771 868 2835 nunquam
915 2754 1034 2847 ad·
1057 2754 1133 2818 P.
1189 2755 1581 2818 Antonium
1628 2755 2052 2818 accederent
2094 2756 2230 2818 ista
2273 2756 2659 2819 narraturi.
2711 2753 2822 2818 De
2864 2755 2977 2819 his

503 2869 773 2940 autem,
826 2861 945 2942 qui
999 2861 1072 2924 in
1121 2860 1331 2924 domo
1380 2861 1820 2941 probationis
1862 2860 2370 2941 versabantur,
2424 2873 2494 2925 et
2541 2862 2629 2925 de
2679 2863 2970 2942 scholiS,

501 2986 682 3049 quae
712 2969 1060 3049 superiori
1090 2986 1277 3032 anno
1307 2969 1498 3032 dicta
1525 2968 1810 3032 fuerunt
1830 3017 1845 3048 ,
1890 2969 2029 3031 hoc
2071 2969 2289 3032 etiam
2317 2968 2459 3032 dici
2487 2981 2808 3049 possent;
2843 2971 2971 3034 sed

502 3076 759 3139 similia
788 3076 923 3139 illis
964 3076 1469 3156 intelligantur,
1515 3086 1593 3138 ut
1636 3085 1956 3155 repetere
2000 3093 2142 3138 non
2185 3076 2277 3138 sit
2307 3093 2507 3156 opus.
2543 3075 2699 3139 Hoc
2740 3078 2971 3141 solum

501 3182 737 3246 dicam
764 3200 1101 3264 magnam
1129 3184 1452 3247 utilitatis
1494 3200 1693 3264 spem
1728 3183 1803 3246 in
1844 3199 2232 3263 puerorum
2274 3182 2714 3246 institutione
2742 3182 2964 3246 fuisse

500 3291 832 3371 positam.

515 3465 519 3467 ,
619 3397 760 3462 278.
849 3398 1330 3462 Concionatus
1359 3408 1466 3462 est
1495 3399 1566 3461 in
1595 3397 2151 3478 quadragesima
2180 3396 2386 3478 hujus
2410 3397 2579 3460 anni
2607 3397 2681 3461 in
2709 3399 2976 3477 templo

446 3586 449 3589 ‚
500 3515 744 3569 nostro
774 3507 1114 3586 magister
1143 3506 1564 3569 Benedictus
1593 3504 1940 3581 PalmiuS,
1974 3514 2046 3568 et
2063 3503 2453 3568 dominicis
2478 3521 2564 3568 ac
2603 3504 2803 3568 festis
2833 3506 2973 3570 die·

501 3613 632 3676 bus
661 3614 1139 3694 evangelium,
1172 3612 1503 3693 profestis
1541 3621 1780 3676 autem
1816 3614 2027 3676 simul
2071 3612 2453 3691 evangelia
2496 3621 2567 3675 et
2608 3612 2969 3693 epistolas;

500 3720 711 3801 idque
740 3722 961 3786 multa
990 3721 1390 3784 auditorum
1419 3720 1817 3801 frequentia
1848 3719 2281 3800 exponebat,
2331 3721 2661 3801 quamvis
2687 3728 2970 3801 praeter

499 3827 731 3907 ipsum
756 3827 1063 3908 quinque
1084 3828 1204 3890 alii
1228 3826 1692 3891 ecclesiastici
1714 3825 2089 3890 Messanae
2119 3827 2738 3906 concionarentur.
2767 3827 2975 3893 Cum-

500 3951 637 4014 que
685 3952 828 3998 non
876 3935 1088 4014 pauci
1142 3935 1232 3997 ad
1288 3935 1655 3998 meliorem
1702 3934 1895 3997 vitae
1949 3934 2300 3998 rationem
2349 3934 2460 3997 his
2513 3935 2976 4000 concionibus

502 4044 832 4107 conversi
886 4037 1176 4122 fuerint,
1230 4060 1411 4106 unus
1460 4042 1842 4123 praecipue
1897 4041 2248 4121 singulari
2303 4041 2614 4122 quodam
2670 4042 2981 4123 Spiritus

500 4146 742 4212 Sancti
772 4150 987 4213 ductu
1019 4150 1111 4213 ad
1138 4149 1648 4230 poenitentiam
1677 4148 1917 4226 rediit,
1952 4150 2103 4229 qui,
2153 4158 2232 4212 ut
2272 4158 2428 4213 erat
2454 4149 2569 4213 vir
2598 4150 2856 4213 nobilis
2886 4168 2974 4214 ac

499 4267 752 4336 potens
780 4264 849 4320 et
878 4257 951 4320 in
987 4257 1108 4319 illa
1147 4257 1437 4320 civitate
1480 4256 1725 4336 magni
1768 4254 2086 4334 habituS‚
2134 4256 2233 4319 ita
2282 4255 2434 4337 ejus
2486 4256 2578 4319 ad
2617 4258 2977 4321 saniorem

500 4373 809 4427 mentem
843 4364 1167 4427 reductio
1205 4363 1458 4444 majori
1499 4361 1977 4426 aedificationi
2018 4363 2345 4426 omnibus
2386 4362 2538 4426 fuit.
2584 4363 2770 4426 Huic
2812 4381 2976 4430 cum

498 4479 789 4552 propter
818 4471 1136 4534 occisum
1176 4470 1472 4534 fratrem
1510 4485 1737 4549 grave
1781 4470 2024 4533 odium
2059 4467 2205 4549 jam
2250 4479 2522 4550 septem
2565 4471 2772 4534 annis
2813 4489 2974 4536 cum

500 4578 640 4641 alio
671 4579 862 4657 viro,
893 4577 1110 4641 nobili
1143 4578 1357 4643 etiam
1379 4595 1465 4640 ac
1491 4577 1744 4665 opibus
1773 4578 1994 4656 claro,
2022 4576 2568 4656 intercessisset,
2596 4577 2975 4659 aliquando

500 4684 685 4748 inter
715 4686 909 4766 ipsos
953 4685 1438 4766 depugnatum
1474 4682 1708 4748 fuerat
1752 4700 2020 4764 magno
2064 4683 2282 4748 totius
2320 4683 2469 4748 fere
2512 4685 2822 4750 civitatis
2870 4698 2975 4751 tu·

2623 4817 2693 4874 34
