<?xml version="1.0" encoding="UTF-8"?>
<!DOCTYPE html PUBLIC "-//W3C//DTD XHTML 1.0 Transitional//EN"
    "http://www.w3.org/TR/xhtml1/DTD/xhtml1-transitional.dtd">
<html xmlns="http://www.w3.org/1999/xhtml" xml:lang="en" lang="en">
 <head>
  <title>
</title>
<meta http-equiv="Content-Type" content="text/html;charset=utf-8" />
  <meta name='ocr-system' content='tesseract 3.04.00' />
  <meta name='ocr-capabilities' content='ocr_page ocr_carea ocr_par ocr_line ocrx_word'/>
</head>
<body>
  <div class='ocr_page' id='page_1' title='image "./vitaignatiiloio03polagoog_0395.png"; bbox 0 0 3679 5414; ppageno 0'>
   <div class='ocr_carea' id='block_1_1' title="bbox 1700 450 3091 514">
    <p class='ocr_par' dir='ltr' id='par_1_1' title="bbox 1700 450 3091 514">
     <span class='ocr_line' id='line_1_1' title="bbox 1700 450 3091 514; baseline -0.003 0"><span class='ocrx_word' id='word_1_1' title='bbox 1700 454 1829 514; x_wconf 74' lang='grc' dir='ltr'>ΑΝ.</span> <span class='ocrx_word' id='word_1_2' title='bbox 1884 454 2015 514; x_wconf 83' lang='grc'>1551</span> <span class='ocrx_word' id='word_1_3' title='bbox 2332 456 2337 459; x_wconf 74' lang='grc'><em>’</em></span> <span class='ocrx_word' id='word_1_4' title='bbox 2854 496 2857 501; x_wconf 89' lang='grc'>.</span> <span class='ocrx_word' id='word_1_5' title='bbox 2982 450 3091 510; x_wconf 79' lang='grc'>389</span> 
     </span>
    </p>
   </div>
   <div class='ocr_carea' id='block_1_2' title="bbox 617 599 3100 4758">
    <p class='ocr_par' dir='ltr' id='par_1_2' title="bbox 623 599 3090 791">
     <span class='ocr_line' id='line_1_2' title="bbox 623 599 3090 682; baseline -0.003 -15"><span class='ocrx_word' id='word_1_6' title='bbox 623 613 861 668; x_wconf 90' lang='lat' dir='ltr'>ortum</span> <span class='ocrx_word' id='word_1_7' title='bbox 900 602 1289 682; x_wconf 86' lang='lat' dir='ltr'><strong>habebant,</strong></span> <span class='ocrx_word' id='word_1_8' title='bbox 1341 611 1410 665; x_wconf 92' lang='lat' dir='ltr'>et</span> <span class='ocrx_word' id='word_1_9' title='bbox 1458 602 1606 665; x_wconf 91' lang='lat' dir='ltr'>suis</span> <span class='ocrx_word' id='word_1_10' title='bbox 1648 599 2247 665; x_wconf 85' lang='lat' dir='ltr'>incantationibus</span> <span class='ocrx_word' id='word_1_11' title='bbox 2290 617 2413 662; x_wconf 89' lang='lat' dir='ltr'>eos</span> <span class='ocrx_word' id='word_1_12' title='bbox 2463 615 2538 661; x_wconf 88' lang='lat' dir='ltr'>se</span> <span class='ocrx_word' id='word_1_13' title='bbox 2562 599 2867 662; x_wconf 90' lang='lat' dir='ltr'>liberare</span> <span class='ocrx_word' id='word_1_14' title='bbox 2910 599 3090 660; x_wconf 87' lang='lat' dir='ltr'>velle</span> 
     </span>
     <span class='ocr_line' id='line_1_3' title="bbox 623 710 1009 791; baseline -0.003 -17"><span class='ocrx_word' id='word_1_15' title='bbox 623 710 1009 791; x_wconf 85' lang='lat' dir='ltr'>fingebant.</span> 
     </span>
    </p>

    <p class='ocr_par' dir='ltr' id='par_1_3' title="bbox 617 813 3096 2828">
     <span class='ocr_line' id='line_1_4' title="bbox 747 813 3093 897; baseline -0.002 -18"><span class='ocrx_word' id='word_1_16' title='bbox 747 816 889 879; x_wconf 82' lang='lat'><strong>449.</strong></span> <span class='ocrx_word' id='word_1_17' title='bbox 976 816 1287 880; x_wconf 85' lang='lat' dir='ltr'>Insulam</span> <span class='ocrx_word' id='word_1_18' title='bbox 1316 816 1729 897; x_wconf 90' lang='lat' dir='ltr'>quamdam,</span> <span class='ocrx_word' id='word_1_19' title='bbox 1780 815 2054 879; x_wconf 85' lang='lat' dir='ltr'>civitati</span> <span class='ocrx_word' id='word_1_20' title='bbox 2092 813 2488 878; x_wconf 87' lang='lat' dir='ltr'>Salvatoris</span> <span class='ocrx_word' id='word_1_21' title='bbox 2527 813 2868 892; x_wconf 86' lang='lat' dir='ltr'>vicinam,</span> <span class='ocrx_word' id='word_1_22' title='bbox 2925 830 3093 892; x_wconf 89' lang='lat' dir='ltr'>qua-</span> 
     </span>
     <span class='ocr_line' id='line_1_5' title="bbox 627 920 3091 1003; baseline -0.003 -15"><span class='ocrx_word' id='word_1_23' title='bbox 627 933 792 988; x_wconf 90' lang='lat' dir='ltr'>tuor</span> <span class='ocrx_word' id='word_1_24' title='bbox 821 924 1140 1003; x_wconf 88' lang='lat' dir='ltr'>lusitani,</span> <span class='ocrx_word' id='word_1_25' title='bbox 1174 932 1250 986; x_wconf 95' lang='lat' dir='ltr'>ut</span> <span class='ocrx_word' id='word_1_26' title='bbox 1278 923 1657 1002; x_wconf 90' lang='lat' dir='ltr'>ferebatur,</span> <span class='ocrx_word' id='word_1_27' title='bbox 1703 923 1790 985; x_wconf 93' lang='lat' dir='ltr'>ob</span> <span class='ocrx_word' id='word_1_28' title='bbox 1830 921 2411 985; x_wconf 91' lang='lat' dir='ltr'>consuetudinem</span> <span class='ocrx_word' id='word_1_29' title='bbox 2450 920 2920 1000; x_wconf 88' lang='lat' dir='ltr'>quarumdam</span> <span class='ocrx_word' id='word_1_30' title='bbox 2948 937 3091 982; x_wconf 90' lang='lat' dir='ltr'>mu·</span> 
     </span>
     <span class='ocr_line' id='line_1_6' title="bbox 626 1027 3092 1110; baseline -0.002 -16"><span class='ocrx_word' id='word_1_31' title='bbox 626 1032 878 1094; x_wconf 90' lang='lat' dir='ltr'>lierum</span> <span class='ocrx_word' id='word_1_32' title='bbox 907 1031 1159 1110; x_wconf 91' lang='lat' dir='ltr'>quibus</span> <span class='ocrx_word' id='word_1_33' title='bbox 1200 1031 1704 1109; x_wconf 86' lang='lat' dir='ltr'>convixerant,</span> <span class='ocrx_word' id='word_1_34' title='bbox 1750 1030 2213 1108; x_wconf 87' lang='lat' dir='ltr'>navigarunt;</span> <span class='ocrx_word' id='word_1_35' title='bbox 2257 1028 2385 1091; x_wconf 90' lang='lat' dir='ltr'>sed</span> <span class='ocrx_word' id='word_1_36' title='bbox 2423 1028 2709 1109; x_wconf 90' lang='lat' dir='ltr'>quidam</span> <span class='ocrx_word' id='word_1_37' title='bbox 2750 1044 2839 1090; x_wconf 84' lang='lat' dir='ltr'>ex</span> <span class='ocrx_word' id='word_1_38' title='bbox 2876 1027 3092 1089; x_wconf 89' lang='lat' dir='ltr'>brasi-</span> 
     </span>
     <span class='ocr_line' id='line_1_7' title="bbox 626 1135 3095 1216; baseline -0.002 -16"><span class='ocrx_word' id='word_1_39' title='bbox 626 1138 964 1201; x_wconf 90' lang='lat' dir='ltr'>liensibus</span> <span class='ocrx_word' id='word_1_40' title='bbox 992 1156 1117 1201; x_wconf 92' lang='lat' dir='ltr'>eos</span> <span class='ocrx_word' id='word_1_41' title='bbox 1159 1137 1483 1201; x_wconf 90' lang='lat' dir='ltr'>occidere</span> <span class='ocrx_word' id='word_1_42' title='bbox 1522 1138 2016 1216; x_wconf 87' lang='lat' dir='ltr'>decreverunt,</span> <span class='ocrx_word' id='word_1_43' title='bbox 2052 1145 2128 1200; x_wconf 90' lang='lat' dir='ltr'>ut</span> <span class='ocrx_word' id='word_1_44' title='bbox 2156 1137 2670 1199; x_wconf 90' lang='lat' dir='ltr'>ulciscerentur</span> <span class='ocrx_word' id='word_1_45' title='bbox 2698 1135 2975 1215; x_wconf 89' lang='lat' dir='ltr'>aliquos</span> <span class='ocrx_word' id='word_1_46' title='bbox 3005 1152 3095 1197; x_wconf 84' lang='lat' dir='ltr'>ex</span> 
     </span>
     <span class='ocr_line' id='line_1_8' title="bbox 626 1243 3094 1325; baseline -0.002 -17"><span class='ocrx_word' id='word_1_47' title='bbox 626 1246 773 1309; x_wconf 90' lang='lat' dir='ltr'>suis</span> <span class='ocrx_word' id='word_1_48' title='bbox 796 1246 1108 1324; x_wconf 78' lang='lat' dir='ltr'>occiSOS,</span> <span class='ocrx_word' id='word_1_49' title='bbox 1151 1255 1221 1308; x_wconf 92' lang='lat' dir='ltr'>et</span> <span class='ocrx_word' id='word_1_50' title='bbox 1261 1245 1612 1325; x_wconf 91' lang='lat' dir='ltr'>fugientes</span> <span class='ocrx_word' id='word_1_51' title='bbox 1650 1244 2015 1307; x_wconf 81' lang='lat' dir='ltr'>consecuti</span> <span class='ocrx_word' id='word_1_52' title='bbox 2052 1243 2556 1307; x_wconf 91' lang='lat' dir='ltr'>interemerunt</span> <span class='ocrx_word' id='word_1_53' title='bbox 2606 1251 2674 1305; x_wconf 92' lang='lat' dir='ltr'>et</span> <span class='ocrx_word' id='word_1_54' title='bbox 2723 1259 2851 1304; x_wconf 91' lang='lat' dir='ltr'>suo</span> <span class='ocrx_word' id='word_1_55' title='bbox 2899 1258 3094 1304; x_wconf 91' lang='lat' dir='ltr'>more</span> 
     </span>
     <span class='ocr_line' id='line_1_9' title="bbox 627 1348 3094 1429; baseline -0.002 -13"><span class='ocrx_word' id='word_1_56' title='bbox 627 1353 1108 1416; x_wconf 90' lang='lat' dir='ltr'>comederunt.</span> <span class='ocrx_word' id='word_1_57' title='bbox 1142 1351 1319 1416; x_wconf 88' lang='lat' dir='ltr'>Cum</span> <span class='ocrx_word' id='word_1_58' title='bbox 1348 1352 1467 1416; x_wconf 90' lang='lat' dir='ltr'>alii</span> <span class='ocrx_word' id='word_1_59' title='bbox 1497 1351 1785 1415; x_wconf 89' lang='lat' dir='ltr'>lusitani</span> <span class='ocrx_word' id='word_1_60' title='bbox 1812 1352 1885 1414; x_wconf 93' lang='lat' dir='ltr'>id</span> <span class='ocrx_word' id='word_1_61' title='bbox 1915 1351 2447 1429; x_wconf 82' lang='lat' dir='ltr'>intellexissent,</span> <span class='ocrx_word' id='word_1_62' title='bbox 2482 1349 2573 1412; x_wconf 91' lang='lat' dir='ltr'>ad</span> <span class='ocrx_word' id='word_1_63' title='bbox 2603 1366 2762 1412; x_wconf 93' lang='lat' dir='ltr'>eam</span> <span class='ocrx_word' id='word_1_64' title='bbox 2790 1348 3094 1411; x_wconf 90' lang='lat' dir='ltr'>insulam</span> 
     </span>
     <span class='ocr_line' id='line_1_10' title="bbox 628 1456 3096 1540; baseline -0.002 -18"><span class='ocrx_word' id='word_1_65' title='bbox 628 1461 1025 1539; x_wconf 82' lang='lat' dir='ltr'>venienteS,</span> <span class='ocrx_word' id='word_1_66' title='bbox 1068 1460 1247 1523; x_wconf 91' lang='lat' dir='ltr'>duos</span> <span class='ocrx_word' id='word_1_67' title='bbox 1285 1478 1492 1523; x_wconf 90' lang='lat' dir='ltr'>senes</span> <span class='ocrx_word' id='word_1_68' title='bbox 1528 1459 1935 1540; x_wconf 78' lang='lat' dir='ltr'>primariOS,</span> <span class='ocrx_word' id='word_1_69' title='bbox 1988 1457 2520 1521; x_wconf 89' lang='lat' dir='ltr'>interfectorum</span> <span class='ocrx_word' id='word_1_70' title='bbox 2562 1465 2877 1536; x_wconf 78' lang='lat' dir='ltr'>patruOS,</span> <span class='ocrx_word' id='word_1_71' title='bbox 2935 1456 3096 1519; x_wconf 90' lang='lat' dir='ltr'>cum</span> 
     </span>
     <span class='ocr_line' id='line_1_11' title="bbox 630 1563 3094 1648; baseline -0.002 -18"><span class='ocrx_word' id='word_1_72' title='bbox 630 1568 937 1647; x_wconf 86' lang='lat' dir='ltr'>quadam</span> <span class='ocrx_word' id='word_1_73' title='bbox 967 1567 1260 1630; x_wconf 89' lang='lat' dir='ltr'>muliere</span> <span class='ocrx_word' id='word_1_74' title='bbox 1291 1576 1629 1648; x_wconf 88' lang='lat' dir='ltr'>ceperunt</span> <span class='ocrx_word' id='word_1_75' title='bbox 1661 1575 1729 1629; x_wconf 94' lang='lat' dir='ltr'>et</span> <span class='ocrx_word' id='word_1_76' title='bbox 1766 1565 2231 1646; x_wconf 87' lang='lat' dir='ltr'>gubernatori</span> <span class='ocrx_word' id='word_1_77' title='bbox 2262 1564 2623 1627; x_wconf 91' lang='lat' dir='ltr'>miserunt.</span> <span class='ocrx_word' id='word_1_78' title='bbox 2658 1563 3094 1626; x_wconf 88' lang='lat' dir='ltr'>Hortabatur</span> 
     </span>
     <span class='ocr_line' id='line_1_12' title="bbox 618 1670 3090 1755; baseline -0.002 -17"><span class='ocrx_word' id='word_1_79' title='bbox 618 1692 748 1738; x_wconf 85' lang='lat' dir='ltr'>eos</span> <span class='ocrx_word' id='word_1_80' title='bbox 771 1674 848 1737; x_wconf 86' lang='lat' dir='ltr'>P.</span> <span class='ocrx_word' id='word_1_81' title='bbox 868 1674 932 1736; x_wconf 95' lang='lat' dir='ltr'>N</span> <span class='ocrx_word' id='word_1_82' title='bbox 937 1674 1202 1754; x_wconf 90' lang='lat' dir='ltr'>obrega</span> <span class='ocrx_word' id='word_1_83' title='bbox 1225 1693 1350 1755; x_wconf 91' lang='lat' dir='ltr'>per</span> <span class='ocrx_word' id='word_1_84' title='bbox 1373 1674 1830 1755; x_wconf 90' lang='lat' dir='ltr'>interpretem</span> <span class='ocrx_word' id='word_1_85' title='bbox 1853 1681 1953 1752; x_wconf 92' lang='lat' dir='ltr'>ut,</span> <span class='ocrx_word' id='word_1_86' title='bbox 1988 1672 2269 1753; x_wconf 88' lang='lat' dir='ltr'>quando</span> <span class='ocrx_word' id='word_1_87' title='bbox 2293 1671 2733 1735; x_wconf 90' lang='lat' dir='ltr'>moriendum</span> <span class='ocrx_word' id='word_1_88' title='bbox 2755 1670 2892 1734; x_wconf 91' lang='lat' dir='ltr'>illis</span> <span class='ocrx_word' id='word_1_89' title='bbox 2915 1679 3090 1749; x_wconf 90' lang='lat' dir='ltr'>erat,</span> 
     </span>
     <span class='ocr_line' id='line_1_13' title="bbox 617 1776 3089 1861; baseline -0.002 -17"><span class='ocrx_word' id='word_1_90' title='bbox 617 1781 992 1844; x_wconf 84' lang='lat' dir='ltr'>christiani</span> <span class='ocrx_word' id='word_1_91' title='bbox 1022 1789 1488 1860; x_wconf 88' lang='lat' dir='ltr'>morerentur,</span> <span class='ocrx_word' id='word_1_92' title='bbox 1532 1790 1600 1844; x_wconf 92' lang='lat' dir='ltr'>et</span> <span class='ocrx_word' id='word_1_93' title='bbox 1641 1789 1924 1861; x_wconf 88' lang='lat' dir='ltr'>praeter</span> <span class='ocrx_word' id='word_1_94' title='bbox 1965 1779 2277 1843; x_wconf 91' lang='lat' dir='ltr'>rationes</span> <span class='ocrx_word' id='word_1_95' title='bbox 2308 1795 2467 1841; x_wconf 89' lang='lat' dir='ltr'>cum</span> <span class='ocrx_word' id='word_1_96' title='bbox 2513 1776 2603 1839; x_wconf 91' lang='lat' dir='ltr'>ad</span> <span class='ocrx_word' id='word_1_97' title='bbox 2632 1796 2753 1840; x_wconf 93' lang='lat' dir='ltr'>eos</span> <span class='ocrx_word' id='word_1_98' title='bbox 2782 1776 3089 1858; x_wconf 83' lang='lat' dir='ltr'>neophy-</span> 
     </span>
     <span class='ocr_line' id='line_1_14' title="bbox 617 1877 3092 1968; baseline -0.002 -17"><span class='ocrx_word' id='word_1_99' title='bbox 617 1896 738 1951; x_wconf 89' lang='lat' dir='ltr'>tos</span> <span class='ocrx_word' id='word_1_100' title='bbox 765 1877 1122 1968; x_wconf 83' lang='lat' dir='ltr'>&#39;quosdam</span> <span class='ocrx_word' id='word_1_101' title='bbox 1163 1888 1606 1968; x_wconf 86' lang='lat' dir='ltr'>deduxisset,</span> <span class='ocrx_word' id='word_1_102' title='bbox 1668 1887 1878 1950; x_wconf 90' lang='lat' dir='ltr'>fidem</span> <span class='ocrx_word' id='word_1_103' title='bbox 1917 1887 2377 1950; x_wconf 87' lang='lat' dir='ltr'>christianam</span> <span class='ocrx_word' id='word_1_104' title='bbox 2417 1885 2724 1967; x_wconf 87' lang='lat' dir='ltr'>amplexi</span> <span class='ocrx_word' id='word_1_105' title='bbox 2761 1894 2830 1947; x_wconf 92' lang='lat' dir='ltr'>et</span> <span class='ocrx_word' id='word_1_106' title='bbox 2874 1884 3092 1966; x_wconf 90' lang='lat' dir='ltr'>bapti·</span> 
     </span>
     <span class='ocr_line' id='line_1_15' title="bbox 618 1992 3095 2075; baseline -0.001 -18"><span class='ocrx_word' id='word_1_107' title='bbox 618 1995 765 2057; x_wconf 86' lang='lat' dir='ltr'>zati</span> <span class='ocrx_word' id='word_1_108' title='bbox 795 2004 980 2075; x_wconf 91' lang='lat' dir='ltr'>sunt,</span> <span class='ocrx_word' id='word_1_109' title='bbox 1022 2005 1091 2058; x_wconf 92' lang='lat' dir='ltr'>et</span> <span class='ocrx_word' id='word_1_110' title='bbox 1130 2013 1292 2058; x_wconf 86' lang='lat' dir='ltr'>curn</span> <span class='ocrx_word' id='word_1_111' title='bbox 1323 1995 1586 2059; x_wconf 91' lang='lat' dir='ltr'>Christi</span> <span class='ocrx_word' id='word_1_112' title='bbox 1623 1994 1906 2058; x_wconf 90' lang='lat' dir='ltr'>nomine</span> <span class='ocrx_word' id='word_1_113' title='bbox 1943 1994 2017 2057; x_wconf 90' lang='lat' dir='ltr'>in</span> <span class='ocrx_word' id='word_1_114' title='bbox 2053 2012 2176 2056; x_wconf 90' lang='lat' dir='ltr'>ore</span> <span class='ocrx_word' id='word_1_115' title='bbox 2207 1993 2485 2056; x_wconf 89' lang='lat' dir='ltr'>coelum</span> <span class='ocrx_word' id='word_1_116' title='bbox 2523 1993 2877 2056; x_wconf 88' lang='lat' dir='ltr'>intuentes</span> <span class='ocrx_word' id='word_1_117' title='bbox 2907 2000 2974 2054; x_wconf 94' lang='lat' dir='ltr'>et</span> <span class='ocrx_word' id='word_1_118' title='bbox 3004 1992 3095 2055; x_wconf 90' lang='lat' dir='ltr'>ad</span> 
     </span>
     <span class='ocr_line' id='line_1_16' title="bbox 620 2100 3091 2184; baseline -0.001 -19"><span class='ocrx_word' id='word_1_119' title='bbox 620 2121 707 2166; x_wconf 92' lang='lat' dir='ltr'>os</span> <span class='ocrx_word' id='word_1_120' title='bbox 734 2103 1169 2166; x_wconf 86' lang='lat' dir='ltr'>bombardae</span> <span class='ocrx_word' id='word_1_121' title='bbox 1200 2104 1415 2184; x_wconf 88' lang='lat' dir='ltr'>positi</span> <span class='ocrx_word' id='word_1_122' title='bbox 1442 2104 1665 2166; x_wconf 86' lang='lat' dir='ltr'>vitam</span> <span class='ocrx_word' id='word_1_123' title='bbox 1694 2103 2043 2166; x_wconf 89' lang='lat' dir='ltr'>finierunt.</span> <span class='ocrx_word' id='word_1_124' title='bbox 2089 2101 2279 2163; x_wconf 92' lang='lat' dir='ltr'>Illius</span> <span class='ocrx_word' id='word_1_125' title='bbox 2320 2101 2589 2163; x_wconf 90' lang='lat' dir='ltr'>insulae</span> <span class='ocrx_word' id='word_1_126' title='bbox 2629 2100 3091 2178; x_wconf 78' lang='lat' dir='ltr'>habitatoreS,</span> 
     </span>
     <span class='ocr_line' id='line_1_17' title="bbox 619 2207 3091 2291; baseline -0.001 -20"><span class='ocrx_word' id='word_1_127' title='bbox 619 2211 747 2290; x_wconf 89' lang='lat' dir='ltr'>qui</span> <span class='ocrx_word' id='word_1_128' title='bbox 773 2209 1126 2291; x_wconf 83' lang='lat' dir='ltr'>fugerant,</span> <span class='ocrx_word' id='word_1_129' title='bbox 1164 2210 1254 2273; x_wconf 91' lang='lat' dir='ltr'>ad</span> <span class='ocrx_word' id='word_1_130' title='bbox 1284 2229 1442 2274; x_wconf 89' lang='lat' dir='ltr'>eam</span> <span class='ocrx_word' id='word_1_131' title='bbox 1473 2211 1855 2286; x_wconf 86' lang='lat' dir='ltr'>redierunt,</span> <span class='ocrx_word' id='word_1_132' title='bbox 1890 2210 2058 2290; x_wconf 88' lang='lat' dir='ltr'>quia</span> <span class='ocrx_word' id='word_1_133' title='bbox 2088 2209 2301 2272; x_wconf 91' lang='lat' dir='ltr'>rebus</span> <span class='ocrx_word' id='word_1_134' title='bbox 2329 2208 2422 2271; x_wconf 93' lang='lat' dir='ltr'>ad</span> <span class='ocrx_word' id='word_1_135' title='bbox 2451 2208 2721 2271; x_wconf 87' lang='lat' dir='ltr'>victum</span> <span class='ocrx_word' id='word_1_136' title='bbox 2746 2207 3091 2287; x_wconf 90' lang='lat' dir='ltr'>pertinen-</span> 
     </span>
     <span class='ocr_line' id='line_1_18' title="bbox 627 2314 3093 2397; baseline -0.001 -18"><span class='ocrx_word' id='word_1_137' title='bbox 627 2317 814 2380; x_wconf 91' lang='lat' dir='ltr'>tibus</span> <span class='ocrx_word' id='word_1_138' title='bbox 847 2318 1275 2397; x_wconf 89' lang='lat' dir='ltr'>abundabat,</span> <span class='ocrx_word' id='word_1_139' title='bbox 1309 2328 1378 2381; x_wconf 94' lang='lat' dir='ltr'>et</span> <span class='ocrx_word' id='word_1_140' title='bbox 1407 2336 1497 2381; x_wconf 84' lang='lat' dir='ltr'>ex</span> <span class='ocrx_word' id='word_1_141' title='bbox 1530 2318 1921 2381; x_wconf 90' lang='lat' dir='ltr'>continenti</span> <span class='ocrx_word' id='word_1_142' title='bbox 1961 2319 2218 2380; x_wconf 90' lang='lat' dir='ltr'>multos</span> <span class='ocrx_word' id='word_1_143' title='bbox 2248 2334 2338 2378; x_wconf 83' lang='lat' dir='ltr'>ex</span> <span class='ocrx_word' id='word_1_144' title='bbox 2366 2315 2897 2379; x_wconf 88' lang='lat' dir='ltr'>brasiliensibus</span> <span class='ocrx_word' id='word_1_145' title='bbox 2929 2314 3093 2377; x_wconf 91' lang='lat' dir='ltr'>ami·</span> 
     </span>
     <span class='ocr_line' id='line_1_19' title="bbox 623 2421 3093 2504; baseline -0.002 -17"><span class='ocrx_word' id='word_1_146' title='bbox 623 2424 734 2487; x_wconf 90' lang='lat' dir='ltr'>cis</span> <span class='ocrx_word' id='word_1_147' title='bbox 763 2434 1017 2488; x_wconf 92' lang='lat' dir='ltr'>contra</span> <span class='ocrx_word' id='word_1_148' title='bbox 1042 2425 1363 2488; x_wconf 90' lang='lat' dir='ltr'>homines</span> <span class='ocrx_word' id='word_1_149' title='bbox 1388 2425 1609 2504; x_wconf 90' lang='lat' dir='ltr'>albos,</span> <span class='ocrx_word' id='word_1_150' title='bbox 1636 2425 1738 2488; x_wconf 89' lang='lat' dir='ltr'>sic</span> <span class='ocrx_word' id='word_1_151' title='bbox 1763 2424 2193 2488; x_wconf 88' lang='lat' dir='ltr'>christianos</span> <span class='ocrx_word' id='word_1_152' title='bbox 2215 2423 2594 2502; x_wconf 88' lang='lat' dir='ltr'>vocabant,</span> <span class='ocrx_word' id='word_1_153' title='bbox 2621 2421 3093 2498; x_wconf 86' lang='lat' dir='ltr'>adduxerunt;</span> 
     </span>
     <span class='ocr_line' id='line_1_20' title="bbox 619 2528 3094 2614; baseline -0.001 -21"><span class='ocrx_word' id='word_1_154' title='bbox 619 2530 815 2594; x_wconf 89' lang='lat' dir='ltr'>unde</span> <span class='ocrx_word' id='word_1_155' title='bbox 842 2532 1276 2611; x_wconf 90' lang='lat' dir='ltr'>gubernator</span> <span class='ocrx_word' id='word_1_156' title='bbox 1307 2532 1618 2614; x_wconf 88' lang='lat' dir='ltr'>quodam</span> <span class='ocrx_word' id='word_1_157' title='bbox 1648 2532 1858 2595; x_wconf 90' lang='lat' dir='ltr'>modo</span> <span class='ocrx_word' id='word_1_158' title='bbox 1890 2532 2297 2611; x_wconf 90' lang='lat' dir='ltr'>compulsus</span> <span class='ocrx_word' id='word_1_159' title='bbox 2336 2530 2468 2593; x_wconf 87' lang='lat' dir='ltr'>fuit</span> <span class='ocrx_word' id='word_1_160' title='bbox 2508 2546 2751 2592; x_wconf 89' lang='lat' dir='ltr'>omnes</span> <span class='ocrx_word' id='word_1_161' title='bbox 2788 2528 2935 2591; x_wconf 89' lang='lat' dir='ltr'>fere</span> <span class='ocrx_word' id='word_1_162' title='bbox 2978 2529 3094 2591; x_wconf 90' lang='lat' dir='ltr'>ho·</span> 
     </span>
     <span class='ocr_line' id='line_1_21' title="bbox 629 2635 3094 2720; baseline -0.002 -18"><span class='ocrx_word' id='word_1_163' title='bbox 629 2639 856 2702; x_wconf 91' lang='lat' dir='ltr'>mines</span> <span class='ocrx_word' id='word_1_164' title='bbox 906 2638 997 2700; x_wconf 91' lang='lat' dir='ltr'>ad</span> <span class='ocrx_word' id='word_1_165' title='bbox 1049 2656 1250 2702; x_wconf 89' lang='lat' dir='ltr'>arma</span> <span class='ocrx_word' id='word_1_166' title='bbox 1298 2637 1622 2720; x_wconf 82' lang='lat' dir='ltr'>idoneOS,</span> <span class='ocrx_word' id='word_1_167' title='bbox 1664 2636 1843 2720; x_wconf 85' lang='lat' dir='ltr'>quos</span> <span class='ocrx_word' id='word_1_168' title='bbox 1890 2639 1963 2701; x_wconf 92' lang='lat' dir='ltr'>in</span> <span class='ocrx_word' id='word_1_169' title='bbox 2009 2638 2298 2701; x_wconf 89' lang='lat' dir='ltr'>civitate</span> <span class='ocrx_word' id='word_1_170' title='bbox 2341 2635 2736 2700; x_wconf 84' lang='lat' dir='ltr'>Salvatoris</span> <span class='ocrx_word' id='word_1_171' title='bbox 2768 2635 3094 2715; x_wconf 88' lang='lat' dir='ltr'>habebat,</span> 
     </span>
     <span class='ocr_line' id='line_1_22' title="bbox 626 2744 3094 2828; baseline -0.001 -19"><span class='ocrx_word' id='word_1_172' title='bbox 626 2754 880 2809; x_wconf 90' lang='lat' dir='ltr'>contra</span> <span class='ocrx_word' id='word_1_173' title='bbox 910 2747 1068 2810; x_wconf 91' lang='lat' dir='ltr'>illos</span> <span class='ocrx_word' id='word_1_174' title='bbox 1096 2747 1397 2828; x_wconf 91' lang='lat' dir='ltr'>mittere,</span> <span class='ocrx_word' id='word_1_175' title='bbox 1430 2747 1679 2828; x_wconf 89' lang='lat' dir='ltr'>paucis</span> <span class='ocrx_word' id='word_1_176' title='bbox 1720 2764 1961 2809; x_wconf 92' lang='lat' dir='ltr'>secum</span> <span class='ocrx_word' id='word_1_177' title='bbox 2001 2745 2092 2809; x_wconf 92' lang='lat' dir='ltr'>ad</span> <span class='ocrx_word' id='word_1_178' title='bbox 2123 2744 2520 2808; x_wconf 90' lang='lat' dir='ltr'>custodiam</span> <span class='ocrx_word' id='word_1_179' title='bbox 2556 2745 2751 2808; x_wconf 91' lang='lat' dir='ltr'>urbis</span> <span class='ocrx_word' id='word_1_180' title='bbox 2782 2744 3094 2807; x_wconf 67' lang='lat' dir='ltr'>retentis</span> 
     </span>
    </p>

    <p class='ocr_par' dir='ltr' id='par_1_4' title="bbox 625 2852 3100 4434">
     <span class='ocr_line' id='line_1_23' title="bbox 751 2852 3099 2934; baseline -0.001 -19"><span class='ocrx_word' id='word_1_181' title='bbox 751 2852 890 2916; x_wconf 81' lang='grc'><strong>450.</strong></span> <span class='ocrx_word' id='word_1_182' title='bbox 981 2854 1377 2917; x_wconf 91' lang='lat' dir='ltr'>Comitatus</span> <span class='ocrx_word' id='word_1_183' title='bbox 1405 2863 1512 2917; x_wconf 91' lang='lat' dir='ltr'>est</span> <span class='ocrx_word' id='word_1_184' title='bbox 1541 2854 1616 2917; x_wconf 89' lang='lat' dir='ltr'>P.</span> <span class='ocrx_word' id='word_1_185' title='bbox 1651 2854 1986 2934; x_wconf 89' lang='lat' dir='ltr'>Nobrega</span> <span class='ocrx_word' id='word_1_186' title='bbox 2030 2852 2419 2916; x_wconf 83' lang='lat' dir='ltr'>exercitum</span> <span class='ocrx_word' id='word_1_187' title='bbox 2464 2853 2536 2916; x_wconf 92' lang='lat' dir='ltr'>in</span> <span class='ocrx_word' id='word_1_188' title='bbox 2575 2852 2877 2916; x_wconf 91' lang='lat' dir='ltr'>insulam</span> <span class='ocrx_word' id='word_1_189' title='bbox 2908 2852 3099 2914; x_wconf 91' lang='lat' dir='ltr'>illam</span> 
     </span>
     <span class='ocr_line' id='line_1_24' title="bbox 625 2957 3095 3041; baseline -0.001 -17"><span class='ocrx_word' id='word_1_190' title='bbox 625 2961 1111 3041; x_wconf 88' lang='lat' dir='ltr'>navigantem,</span> <span class='ocrx_word' id='word_1_191' title='bbox 1138 2971 1207 3024; x_wconf 91' lang='lat' dir='ltr'>et</span> <span class='ocrx_word' id='word_1_192' title='bbox 1230 2978 1514 3024; x_wconf 90' lang='lat' dir='ltr'>crucem</span> <span class='ocrx_word' id='word_1_193' title='bbox 1538 2962 1610 3024; x_wconf 90' lang='lat' dir='ltr'>in</span> <span class='ocrx_word' id='word_1_194' title='bbox 1631 2979 1848 3025; x_wconf 91' lang='lat' dir='ltr'>manu</span> <span class='ocrx_word' id='word_1_195' title='bbox 1871 2960 2140 3024; x_wconf 90' lang='lat' dir='ltr'>habens</span> <span class='ocrx_word' id='word_1_196' title='bbox 2171 2959 2577 3024; x_wconf 90' lang='lat' dir='ltr'>christianis</span> <span class='ocrx_word' id='word_1_197' title='bbox 2605 2957 3095 3035; x_wconf 87' lang='lat' dir='ltr'>consolationi,</span> 
     </span>
     <span class='ocr_line' id='line_1_25' title="bbox 630 3065 3096 3144; baseline -0.002 -13"><span class='ocrx_word' id='word_1_198' title='bbox 630 3068 1166 3131; x_wconf 89' lang='lat' dir='ltr'>brasiliensibus</span> <span class='ocrx_word' id='word_1_199' title='bbox 1204 3068 1640 3132; x_wconf 89' lang='lat' dir='ltr'>adversariis</span> <span class='ocrx_word' id='word_1_200' title='bbox 1680 3069 1935 3132; x_wconf 87' lang='lat' dir='ltr'>terrori</span> <span class='ocrx_word' id='word_1_201' title='bbox 1975 3077 2149 3131; x_wconf 88' lang='lat' dir='ltr'>erat.</span> <span class='ocrx_word' id='word_1_202' title='bbox 2190 3067 2294 3130; x_wconf 89' lang='lat' dir='ltr'>Eo</span> <span class='ocrx_word' id='word_1_203' title='bbox 2324 3067 2559 3129; x_wconf 91' lang='lat' dir='ltr'>animo</span> <span class='ocrx_word' id='word_1_204' title='bbox 2590 3084 2666 3129; x_wconf 90' lang='lat' dir='ltr'>se</span> <span class='ocrx_word' id='word_1_205' title='bbox 2700 3065 2862 3128; x_wconf 91' lang='lat' dir='ltr'>huic</span> <span class='ocrx_word' id='word_1_206' title='bbox 2894 3082 3096 3144; x_wconf 86' lang='lat' dir='ltr'>expe·</span> 
     </span>
     <span class='ocr_line' id='line_1_26' title="bbox 625 3171 3099 3256; baseline -0.002 -18"><span class='ocrx_word' id='word_1_207' title='bbox 625 3175 880 3238; x_wconf 89' lang='lat' dir='ltr'>ditioni</span> <span class='ocrx_word' id='word_1_208' title='bbox 931 3174 1248 3255; x_wconf 85' lang='lat' dir='ltr'>adjunxit</span> <span class='ocrx_word' id='word_1_209' title='bbox 1298 3185 1374 3239; x_wconf 93' lang='lat' dir='ltr'>ut</span> <span class='ocrx_word' id='word_1_210' title='bbox 1426 3193 1693 3256; x_wconf 85' lang='lat' dir='ltr'>eorum,</span> <span class='ocrx_word' id='word_1_211' title='bbox 1747 3176 1866 3256; x_wconf 91' lang='lat' dir='ltr'>qui</span> <span class='ocrx_word' id='word_1_212' title='bbox 1917 3175 2274 3239; x_wconf 85' lang='lat' dir='ltr'>vulnerati</span> <span class='ocrx_word' id='word_1_213' title='bbox 2318 3182 2575 3250; x_wconf 88' lang='lat' dir='ltr'>essent,</span> <span class='ocrx_word' id='word_1_214' title='bbox 2620 3171 3099 3236; x_wconf 89' lang='lat' dir='ltr'>confessiones</span> 
     </span>
     <span class='ocr_line' id='line_1_27' title="bbox 627 3279 3099 3364; baseline -0.002 -20"><span class='ocrx_word' id='word_1_215' title='bbox 627 3281 906 3345; x_wconf 90' lang='lat' dir='ltr'>audiret</span> <span class='ocrx_word' id='word_1_216' title='bbox 941 3292 1009 3346; x_wconf 90' lang='lat' dir='ltr'>et</span> <span class='ocrx_word' id='word_1_217' title='bbox 1057 3283 1438 3347; x_wconf 89' lang='lat' dir='ltr'>morientes</span> <span class='ocrx_word' id='word_1_218' title='bbox 1470 3282 1776 3364; x_wconf 89' lang='lat' dir='ltr'>juvaret.</span> <span class='ocrx_word' id='word_1_219' title='bbox 1828 3281 2001 3361; x_wconf 90' lang='lat' dir='ltr'>Sed,</span> <span class='ocrx_word' id='word_1_220' title='bbox 2033 3281 2189 3345; x_wconf 92' lang='lat' dir='ltr'>Deo</span> <span class='ocrx_word' id='word_1_221' title='bbox 2223 3290 2523 3344; x_wconf 90' lang='lat' dir='ltr'>conatus</span> <span class='ocrx_word' id='word_1_222' title='bbox 2551 3279 3099 3343; x_wconf 88' lang='lat' dir='ltr'>christianorum</span> 
     </span>
     <span class='ocr_line' id='line_1_28' title="bbox 627 3385 3099 3471; baseline -0.002 -19"><span class='ocrx_word' id='word_1_223' title='bbox 627 3389 1038 3470; x_wconf 81' lang='lat' dir='ltr'>adJ‘uvante,</span> <span class='ocrx_word' id='word_1_224' title='bbox 1073 3407 1234 3453; x_wconf 92' lang='lat' dir='ltr'>cum</span> <span class='ocrx_word' id='word_1_225' title='bbox 1256 3389 1616 3471; x_wconf 88' lang='lat' dir='ltr'>neophyti,</span> <span class='ocrx_word' id='word_1_226' title='bbox 1646 3390 1861 3471; x_wconf 89' lang='lat' dir='ltr'>quiin</span> <span class='ocrx_word' id='word_1_227' title='bbox 1883 3390 2114 3470; x_wconf 92' lang='lat' dir='ltr'>prima</span> <span class='ocrx_word' id='word_1_228' title='bbox 2145 3388 2297 3451; x_wconf 89' lang='lat' dir='ltr'>acie</span> <span class='ocrx_word' id='word_1_229' title='bbox 2327 3387 2781 3465; x_wconf 88' lang='lat' dir='ltr'>dimicabant,</span> <span class='ocrx_word' id='word_1_230' title='bbox 2817 3385 3099 3466; x_wconf 86' lang='lat' dir='ltr'>sagittis</span> 
     </span>
     <span class='ocr_line' id='line_1_29' title="bbox 634 3493 3093 3578; baseline -0.002 -20"><span class='ocrx_word' id='word_1_231' title='bbox 634 3505 882 3559; x_wconf 91' lang='lat' dir='ltr'>contra</span> <span class='ocrx_word' id='word_1_232' title='bbox 925 3497 1227 3577; x_wconf 88' lang='lat' dir='ltr'>gentiles</span> <span class='ocrx_word' id='word_1_233' title='bbox 1265 3508 1542 3561; x_wconf 90' lang='lat' dir='ltr'>certare</span> <span class='ocrx_word' id='word_1_234' title='bbox 1582 3497 2013 3578; x_wconf 89' lang='lat' dir='ltr'>coepissent,</span> <span class='ocrx_word' id='word_1_235' title='bbox 2057 3505 2126 3559; x_wconf 93' lang='lat' dir='ltr'>et</span> <span class='ocrx_word' id='word_1_236' title='bbox 2157 3494 2305 3576; x_wconf 90' lang='lat' dir='ltr'>jam</span> <span class='ocrx_word' id='word_1_237' title='bbox 2342 3493 2908 3574; x_wconf 88' lang='lat' dir='ltr'>portugallenses</span> <span class='ocrx_word' id='word_1_238' title='bbox 2937 3509 3093 3573; x_wconf 90' lang='lat' dir='ltr'>pro·</span> 
     </span>
     <span class='ocr_line' id='line_1_30' title="bbox 631 3601 3100 3684; baseline -0.002 -18"><span class='ocrx_word' id='word_1_239' title='bbox 631 3604 794 3684; x_wconf 89' lang='lat' dir='ltr'>pius</span> <span class='ocrx_word' id='word_1_240' title='bbox 843 3605 1286 3684; x_wconf 86' lang='lat' dir='ltr'>accederent,</span> <span class='ocrx_word' id='word_1_241' title='bbox 1338 3605 1793 3668; x_wconf 90' lang='lat' dir='ltr'>brasilienses</span> <span class='ocrx_word' id='word_1_242' title='bbox 1844 3604 2132 3682; x_wconf 88' lang='lat' dir='ltr'>inimici,</span> <span class='ocrx_word' id='word_1_243' title='bbox 2177 3602 2437 3684; x_wconf 92' lang='lat' dir='ltr'>oppido</span> <span class='ocrx_word' id='word_1_244' title='bbox 2482 3619 2610 3664; x_wconf 92' lang='lat' dir='ltr'>suo</span> <span class='ocrx_word' id='word_1_245' title='bbox 2653 3601 2921 3677; x_wconf 89' lang='lat' dir='ltr'>relict0,</span> <span class='ocrx_word' id='word_1_246' title='bbox 2973 3617 3100 3680; x_wconf 89' lang='lat' dir='ltr'>per</span> 
     </span>
     <span class='ocr_line' id='line_1_31' title="bbox 631 3706 3098 3791; baseline -0.002 -18"><span class='ocrx_word' id='word_1_247' title='bbox 631 3712 881 3791; x_wconf 86' lang='lat' dir='ltr'>sylvas</span> <span class='ocrx_word' id='word_1_248' title='bbox 926 3711 1284 3791; x_wconf 91' lang='lat' dir='ltr'>fugerunt.</span> <span class='ocrx_word' id='word_1_249' title='bbox 1341 3710 1506 3775; x_wconf 90' lang='lat' dir='ltr'>Fuit</span> <span class='ocrx_word' id='word_1_250' title='bbox 1564 3719 1800 3773; x_wconf 87' lang='lat' dir='ltr'>autern</span> <span class='ocrx_word' id='word_1_251' title='bbox 1862 3710 2198 3791; x_wconf 91' lang='lat' dir='ltr'>oppidum</span> <span class='ocrx_word' id='word_1_252' title='bbox 2255 3707 2700 3771; x_wconf 88' lang='lat' dir='ltr'>combustum</span> <span class='ocrx_word' id='word_1_253' title='bbox 2750 3723 2912 3769; x_wconf 90' lang='lat' dir='ltr'>cum</span> <span class='ocrx_word' id='word_1_254' title='bbox 2960 3706 3098 3768; x_wconf 92' lang='lat' dir='ltr'>alio</span> 
     </span>
     <span class='ocr_line' id='line_1_32' title="bbox 628 3813 3097 3899; baseline -0.002 -19"><span class='ocrx_word' id='word_1_255' title='bbox 628 3815 948 3896; x_wconf 89' lang='lat' dir='ltr'>ejusdem</span> <span class='ocrx_word' id='word_1_256' title='bbox 977 3818 1306 3897; x_wconf 80' lang='lat' dir='ltr'>nationiS,</span> <span class='ocrx_word' id='word_1_257' title='bbox 1344 3818 1532 3899; x_wconf 91' lang='lat' dir='ltr'>quod</span> <span class='ocrx_word' id='word_1_258' title='bbox 1569 3817 1642 3881; x_wconf 93' lang='lat' dir='ltr'>in</span> <span class='ocrx_word' id='word_1_259' title='bbox 1682 3818 1923 3882; x_wconf 88' lang='lat' dir='ltr'>vicina</span> <span class='ocrx_word' id='word_1_260' title='bbox 1967 3818 2198 3880; x_wconf 90' lang='lat' dir='ltr'>insula</span> <span class='ocrx_word' id='word_1_261' title='bbox 2239 3816 2597 3880; x_wconf 90' lang='lat' dir='ltr'>desertum</span> <span class='ocrx_word' id='word_1_262' title='bbox 2635 3814 2851 3877; x_wconf 87' lang='lat' dir='ltr'>etiam</span> <span class='ocrx_word' id='word_1_263' title='bbox 2881 3830 2924 3875; x_wconf 91' lang='lat' dir='ltr'>a</span> <span class='ocrx_word' id='word_1_264' title='bbox 2953 3813 3097 3875; x_wconf 90' lang='lat' dir='ltr'>suis</span> 
     </span>
     <span class='ocr_line' id='line_1_33' title="bbox 627 3921 3097 4005; baseline -0.002 -18"><span class='ocrx_word' id='word_1_265' title='bbox 627 3924 885 4004; x_wconf 90' lang='lat' dir='ltr'>fuerat,</span> <span class='ocrx_word' id='word_1_266' title='bbox 919 3925 1038 3988; x_wconf 84' lang='lat' dir='ltr'>ubi</span> <span class='ocrx_word' id='word_1_267' title='bbox 1065 3942 1304 3988; x_wconf 89' lang='lat' dir='ltr'>rerum</span> <span class='ocrx_word' id='word_1_268' title='bbox 1333 3925 1424 3988; x_wconf 92' lang='lat' dir='ltr'>ad</span> <span class='ocrx_word' id='word_1_269' title='bbox 1453 3925 1722 3988; x_wconf 86' lang='lat' dir='ltr'>victum</span> <span class='ocrx_word' id='word_1_270' title='bbox 1750 3924 2252 4005; x_wconf 90' lang='lat' dir='ltr'>pertinentium</span> <span class='ocrx_word' id='word_1_271' title='bbox 2281 3923 2487 4004; x_wconf 89' lang='lat' dir='ltr'>copia</span> <span class='ocrx_word' id='word_1_272' title='bbox 2515 3938 2777 4001; x_wconf 90' lang='lat' dir='ltr'>magna</span> <span class='ocrx_word' id='word_1_273' title='bbox 2807 3921 3097 3994; x_wconf 86' lang='lat' dir='ltr'>inventa</span> 
     </span>
     <span class='ocr_line' id='line_1_34' title="bbox 628 4029 3093 4113; baseline -0.002 -19"><span class='ocrx_word' id='word_1_274' title='bbox 628 4031 784 4111; x_wconf 89' lang='lat' dir='ltr'>fuit,</span> <span class='ocrx_word' id='word_1_275' title='bbox 811 4037 1023 4111; x_wconf 86' lang='lat' dir='ltr'>quarn</span> <span class='ocrx_word' id='word_1_276' title='bbox 1050 4049 1430 4113; x_wconf 77' lang='lat' dir='ltr'>paupereS,</span> <span class='ocrx_word' id='word_1_277' title='bbox 1464 4033 1585 4112; x_wconf 91' lang='lat' dir='ltr'>qui</span> <span class='ocrx_word' id='word_1_278' title='bbox 1616 4032 2077 4095; x_wconf 87' lang='lat' dir='ltr'>christianam</span> <span class='ocrx_word' id='word_1_279' title='bbox 2117 4032 2419 4094; x_wconf 88' lang='lat' dir='ltr'>classem</span> <span class='ocrx_word' id='word_1_280' title='bbox 2464 4029 2959 4110; x_wconf 89' lang='lat' dir='ltr'>sequebantur,</span> <span class='ocrx_word' id='word_1_281' title='bbox 2994 4046 3093 4090; x_wconf 90' lang='lat' dir='ltr'>se·</span> 
     </span>
     <span class='ocr_line' id='line_1_35' title="bbox 630 4135 3095 4203; baseline -0.002 -1"><span class='ocrx_word' id='word_1_282' title='bbox 630 4156 797 4202; x_wconf 91' lang='lat' dir='ltr'>cum</span> <span class='ocrx_word' id='word_1_283' title='bbox 825 4140 1244 4202; x_wconf 91' lang='lat' dir='ltr'>detulerunt.</span> <span class='ocrx_word' id='word_1_284' title='bbox 1278 4140 1551 4203; x_wconf 88' lang='lat' dir='ltr'>Tantus</span> <span class='ocrx_word' id='word_1_285' title='bbox 1591 4149 1827 4202; x_wconf 89' lang='lat' dir='ltr'>autem</span> <span class='ocrx_word' id='word_1_286' title='bbox 1873 4149 2105 4202; x_wconf 88' lang='lat' dir='ltr'>terror</span> <span class='ocrx_word' id='word_1_287' title='bbox 2144 4137 2673 4202; x_wconf 89' lang='lat' dir='ltr'>brasiliensibus</span> <span class='ocrx_word' id='word_1_288' title='bbox 2704 4136 2840 4200; x_wconf 88' lang='lat' dir='ltr'>illis</span> <span class='ocrx_word' id='word_1_289' title='bbox 2868 4135 3095 4199; x_wconf 91' lang='lat' dir='ltr'>incus—</span> 
     </span>
     <span class='ocr_line' id='line_1_36' title="bbox 628 4231 3095 4328; baseline -0.002 -18"><span class='ocrx_word' id='word_1_290' title='bbox 628 4263 756 4310; x_wconf 88' lang='lat' dir='ltr'>sus</span> <span class='ocrx_word' id='word_1_291' title='bbox 795 4255 924 4325; x_wconf 90' lang='lat' dir='ltr'>est,</span> <span class='ocrx_word' id='word_1_292' title='bbox 979 4255 1054 4309; x_wconf 95' lang='lat' dir='ltr'>ut</span> <span class='ocrx_word' id='word_1_293' title='bbox 1105 4248 1428 4327; x_wconf 91' lang='lat' dir='ltr'>quemvis</span> <span class='ocrx_word' id='word_1_294' title='bbox 1459 4246 1711 4328; x_wconf 90' lang='lat' dir='ltr'>jugum</span> <span class='ocrx_word' id='word_1_295' title='bbox 1762 4265 1848 4310; x_wconf 89' lang='lat' dir='ltr'>ac</span> <span class='ocrx_word' id='word_1_296' title='bbox 1885 4246 2061 4309; x_wconf 90' lang='lat' dir='ltr'>bene</span> <span class='ocrx_word' id='word_1_297' title='bbox 2102 4231 2394 4309; x_wconf 86' lang='lat' dir='ltr'>vivendi</span> <span class='ocrx_word' id='word_1_298' title='bbox 2422 4246 2676 4325; x_wconf 90' lang='lat' dir='ltr'>legem,</span> <span class='ocrx_word' id='word_1_299' title='bbox 2719 4245 2971 4307; x_wconf 90' lang='lat' dir='ltr'>saltem</span> <span class='ocrx_word' id='word_1_300' title='bbox 3009 4243 3095 4306; x_wconf 95' lang='lat' dir='ltr'>ob</span> 
     </span>
     <span class='ocr_line' id='line_1_37' title="bbox 630 4353 2610 4434; baseline -0.001 -17"><span class='ocrx_word' id='word_1_301' title='bbox 630 4353 959 4417; x_wconf 87' lang='lat' dir='ltr'>timorem</span> <span class='ocrx_word' id='word_1_302' title='bbox 989 4353 1311 4417; x_wconf 91' lang='lat' dir='ltr'>alborum</span> <span class='ocrx_word' id='word_1_303' title='bbox 1339 4354 1724 4434; x_wconf 89' lang='lat' dir='ltr'>hominum,</span> <span class='ocrx_word' id='word_1_304' title='bbox 1768 4353 2149 4418; x_wconf 86' lang='lat' dir='ltr'>admissuri</span> <span class='ocrx_word' id='word_1_305' title='bbox 2175 4353 2610 4417; x_wconf 88' lang='lat' dir='ltr'>viderentur.</span> 
     </span>
    </p>

    <p class='ocr_par' dir='ltr' id='par_1_5' title="bbox 629 4456 3097 4758">
     <span class='ocr_line' id='line_1_38' title="bbox 752 4456 3096 4540; baseline -0.002 -18"><span class='ocrx_word' id='word_1_306' title='bbox 752 4459 894 4522; x_wconf 80' lang='lat'><strong>451.</strong></span> <span class='ocrx_word' id='word_1_307' title='bbox 980 4460 1058 4523; x_wconf 91' lang='lat' dir='ltr'>In</span> <span class='ocrx_word' id='word_1_308' title='bbox 1106 4462 1395 4526; x_wconf 90' lang='lat' dir='ltr'>civitate</span> <span class='ocrx_word' id='word_1_309' title='bbox 1443 4464 1581 4526; x_wconf 91' lang='lat' dir='ltr'>hac</span> <span class='ocrx_word' id='word_1_310' title='bbox 1618 4463 1835 4525; x_wconf 91' lang='lat' dir='ltr'>Baiae</span> <span class='ocrx_word' id='word_1_311' title='bbox 1884 4459 2279 4524; x_wconf 85' lang='lat' dir='ltr'>Salvatoris</span> <span class='ocrx_word' id='word_1_312' title='bbox 2326 4461 2612 4524; x_wconf 89' lang='lat' dir='ltr'>domum</span> <span class='ocrx_word' id='word_1_313' title='bbox 2653 4459 2834 4540; x_wconf 87' lang='lat' dir='ltr'>erigi</span> <span class='ocrx_word' id='word_1_314' title='bbox 2871 4456 3096 4520; x_wconf 91' lang='lat' dir='ltr'>nostri</span> 
     </span>
     <span class='ocr_line' id='line_1_39' title="bbox 629 4568 3097 4649; baseline -0.002 -18"><span class='ocrx_word' id='word_1_315' title='bbox 629 4577 1088 4648; x_wconf 88' lang='lat' dir='ltr'>curaverunt,</span> <span class='ocrx_word' id='word_1_316' title='bbox 1123 4568 1241 4632; x_wconf 91' lang='lat' dir='ltr'>ubi</span> <span class='ocrx_word' id='word_1_317' title='bbox 1268 4570 1784 4633; x_wconf 88' lang='lat' dir='ltr'>brasiliensium</span> <span class='ocrx_word' id='word_1_318' title='bbox 1824 4568 1948 4632; x_wconf 84' lang='lat' dir='ltr'>filii</span> <span class='ocrx_word' id='word_1_319' title='bbox 1984 4568 2322 4649; x_wconf 88' lang='lat' dir='ltr'>neophyti</span> <span class='ocrx_word' id='word_1_320' title='bbox 2365 4568 2895 4631; x_wconf 90' lang='lat' dir='ltr'>instituerentur</span> <span class='ocrx_word' id='word_1_321' title='bbox 2934 4583 3097 4628; x_wconf 86' lang='lat' dir='ltr'>curn</span> 
     </span>
     <span class='ocr_line' id='line_1_40' title="bbox 635 4674 3097 4758; baseline -0.001 -20"><span class='ocrx_word' id='word_1_322' title='bbox 635 4676 1107 4739; x_wconf 89' lang='lat' dir='ltr'>lusitanorum</span> <span class='ocrx_word' id='word_1_323' title='bbox 1157 4678 1578 4758; x_wconf 89' lang='lat' dir='ltr'>quibusdam</span> <span class='ocrx_word' id='word_1_324' title='bbox 1628 4676 1788 4740; x_wconf 89' lang='lat' dir='ltr'>filiis</span> <span class='ocrx_word' id='word_1_325' title='bbox 1831 4695 1922 4740; x_wconf 84' lang='lat' dir='ltr'>ex</span> <span class='ocrx_word' id='word_1_326' title='bbox 1972 4676 2156 4740; x_wconf 92' lang='lat' dir='ltr'>indis</span> <span class='ocrx_word' id='word_1_327' title='bbox 2203 4675 2528 4740; x_wconf 87' lang='lat' dir='ltr'>foeminis</span> <span class='ocrx_word' id='word_1_328' title='bbox 2587 4674 2967 4755; x_wconf 88' lang='lat' dir='ltr'>susceptis;</span> <span class='ocrx_word' id='word_1_329' title='bbox 3027 4685 3097 4735; x_wconf 91' lang='lat' dir='ltr'>et</span> 
     </span>
    </p>
   </div>
  </div>
 </body>
</html>
