3679 5414
653 448 766 510 ⁴³30
1587 449 1843 510 Canon.
1884 448 2037 509 Soc.
2087 449 2226 523 Jsss.

655 594 934 658 abunde
963 603 1439 675 suppeterent,
1474 594 1663 676 quod
1692 595 1766 658 in
1793 611 2092 658 romano
2126 593 2441 674 Collegio
2484 594 2948 658 constituerat
2989 595 3115 658 Pa-

654 711 763 766 ter
791 702 1127 782 IgnatiuS,
1166 703 1239 764 in
1276 702 1436 765 aliis
1468 702 1683 765 etiam
1711 703 2080 765 observari
2108 701 2353 780 voluit,
2396 710 2494 780 ut,
2539 701 2828 780 scilicet,
2863 702 3117 767 medici

651 809 954 872 consilio
986 808 1289 889 qualitas
1313 819 1382 872 et
1407 808 1764 889 quantitas
1793 808 2134 888 ciborum,
2162 808 2413 888 somni,
2446 816 2514 871 et
2536 808 3118 873 vestimentorum

655 917 1278 997 praescriberetur,
1297 924 1365 979 et
1389 914 1461 979 id
1484 916 1672 995 quod
1693 915 1828 996 ipsi
1851 916 2087 979 visum
2110 923 2297 978 esset
2320 916 2844 996 observaretur,
2870 926 2948 980 ut
2970 926 3117 980 tam

657 1021 749 1087 ad
778 1023 1259 1086 valetudinem
1303 1040 1517 1104 quam
1546 1022 1638 1085 ad
1675 1023 1869 1085 vires
1910 1022 2229 1103 corporis
2267 1022 2568 1086 tuendas
2606 1024 3113 1103 necessarium;

653 1131 845 1212 quod
882 1131 945 1193 si
982 1148 1125 1193 non
1164 1138 1567 1210 suppeteret
1605 1129 1913 1193 facultas
1962 1127 2053 1193 ad
2083 1129 2341 1192 medici
2370 1130 2887 1210 praescriptum
2921 1148 3116 1194 exse·

650 1238 1031 1319 quendum,
1065 1247 1141 1301 ut
1180 1238 1415 1318 potius
1446 1238 1701 1318 aliquis
1742 1237 1829 1300 de
1868 1254 2162 1300 numero
2204 1238 2678 1316 collegialium
2716 1254 3112 1301 removere·

655 1355 793 1424 tur,
822 1346 960 1408 alio
990 1343 1397 1423 mittendus,
1430 1352 1507 1408 ut
1530 1344 1820 1424 reliquis
1851 1342 2037 1424 quod
2074 1345 2556 1407 necessarium
2585 1351 2772 1407 esset
2809 1345 3116 1425 impendi

653 1461 924 1533 posset3
960 1462 1028 1515 et
1058 1451 1118 1515 si
1148 1451 1416 1515 reditus
1447 1450 1744 1531 Collegii
1784 1452 1899 1514 vel
1928 1450 2000 1514 id
2030 1451 2217 1531 quod
2249 1451 2534 1530 civitaS,
2567 1451 2959 1530 PraelatuS,
2996 1462 3118 1514 aut

656 1559 887 1640 quivis
911 1559 1052 1638 alii,
1069 1558 1187 1639 qui
1211 1557 1444 1621 alendi
1469 1557 1765 1637 Collegii
1787 1574 2033 1620 curam
2057 1566 2540 1638 susceperant,
2558 1558 3114 1638 subministrant,

655 1666 746 1729 ad
774 1666 1181 1729 necessaria
1204 1663 1407 1745 juxta
1438 1664 1704 1728 dictum
1736 1664 2024 1728 modum
2051 1665 2494 1745 providenda
2517 1682 2660 1728 non
2689 1664 3112 1743 sufficerent,

654 1771 954 1853 injunxit
982 1782 1058 1836 ut
1084 1772 1174 1835 ad
1196 1779 1488 1835 sanctae
1510 1771 1987 1835 mendicitatis
2010 1771 2520 1835 abundantiam
2537 1773 2764 1835 nostri
2788 1772 3114 1852 confuge·

653 1888 834 1959 rent,
870 1897 960 1942 ne
990 1881 1108 1942 vel
1136 1879 1360 1942 nostri
1390 1878 1879 1942 benefactores
1901 1879 2244 1942 ordinarii
2272 1879 2483 1942 nimis
2502 1887 2976 1958 gravarentur
3002 1880 3114 1943 vel

652 1987 919 2052 Christi
951 1987 1267 2050 membra
1298 1985 1509 2049 rebus
1537 1987 1962 2049 necessariis
1992 1987 2084 2049 ad
2112 1986 2490 2050 sanitatem
2520 1995 2587 2049 et
2616 1988 2810 2050 vires
2839 2003 3112 2049 conser-

657 2095 934 2158 vandas
986 2093 1557 2157 destituerentur.
1598 2093 1791 2156 Idem
1828 2093 2061 2174 quoad
2108 2094 2326 2157 libros
2364 2102 2433 2157 et
2482 2095 2622 2157 alia
2670 2094 2761 2156 ad
2810 2094 3115 2157 studium

652 2202 1064 2265 necessaria
1096 2200 1394 2280 intelligi
1421 2201 1667 2263 voluit.
1701 2200 1788 2263 Et
1817 2201 1879 2263 si
1907 2218 1995 2263 ne
2025 2202 2180 2282 ipsa
2212 2201 2495 2282 quidem
2533 2202 2951 2275 mendicitas
2980 2200 3110 2265 suf·

656 2307 897 2372 ficeret
930 2318 1005 2372 ut
1035 2308 1359 2371 omnibus
1387 2307 1792 2370 necessaria
1822 2315 2294 2388 suppeterent,
2329 2316 2406 2371 ut
2437 2310 2687 2372 saltem
2709 2307 3003 2371 infirmis
3032 2326 3114 2371 ea

653 2416 903 2479 deesse
935 2415 1336 2496 superiores
1360 2433 1508 2477 non
1538 2422 1979 2495 paterentur3
2021 2432 2189 2479 nam
2219 2416 2378 2479 sani
2415 2417 2662 2479 melius
2702 2416 3114 2498 patientiam

657 2540 989 2586 exercere
1022 2530 1314 2602 possent
1342 2523 1413 2584 in
1443 2524 1884 2603 paupertatis
1906 2522 2271 2586 effectibus
2300 2523 2706 2603 sentiendis.

774 2627 874 2691 27.
962 2628 1137 2692 Cum
1177 2630 1251 2692 in
1300 2623 1718 2710 quibusdam
1755 2630 1931 2693 locis
1970 2648 2056 2693 ac
2095 2630 2514 2711 praesertim
2555 2630 2629 2693 in
2675 2629 3117 2716 Portugallia

660 2736 1121 2799 intellexisset
1149 2735 1225 2798 P.
1262 2735 1578 2816 Ignatius
1608 2736 1877 2817 aliquot
1903 2755 2156 2818 parum
2180 2747 2589 2801 reverentes
2618 2746 2687 2801 et
2711 2739 3118 2801 obedientes

661 2860 840 2921 esse,
877 2842 1053 2906 adeo
1087 2851 1161 2906 ut
1191 2842 1445 2922 aliquis
1475 2842 1904 2923 respondere
1936 2843 2228 2907 auderet
2257 2845 2392 2906 hoc
2421 2845 2535 2907 vel
2566 2843 2736 2908 illud
2759 2844 2891 2907 sibi
2919 2862 3116 2925 prae·

657 2950 803 3030 cipi
832 2967 972 3013 non
1014 2949 1361 3030 debuisse,
1405 2952 1521 3013 vel
1560 2950 1630 3013 id
1668 2950 1905 3014 facere
1946 2951 2132 3031 quod
2163 2949 2542 3031 jubebatur
2584 2959 2967 3031 recusaret,
3013 2970 3114 3014 re-

656 3057 1027 3138 prehendit
1056 3055 1506 3137 Superiorem
1544 3057 1731 3138 quod
1769 3056 2171 3137 hujusmodi
2209 3058 2524 3121 membra
2561 3059 2843 3139 putrida
2884 3076 2926 3121 a
2964 3073 3116 3121 cor·

658 3182 829 3244 pore
860 3163 1237 3227 Societatis
1266 3182 1410 3226 non
1432 3164 1854 3228 removisset
1876 3173 1943 3227 et
1961 3214 1975 3243 ,
2002 3181 2091 3226 ne
2120 3165 2334 3227 latius
2355 3173 2668 3245 serperet
2698 3165 2832 3228 hoc
2856 3165 3117 3227 malum

658 3271 751 3334 ad
773 3288 951 3334 sana
973 3271 1289 3334 membra
1317 3270 1712 3350 inficienda,
1731 3272 1851 3334 illa
1874 3289 2017 3335 non
2038 3271 2526 3352 praecidisset.
2552 3272 2922 3352 Praecepit
2945 3288 3118 3351 ergo

657 3373 1088 3441 Provinciali
1130 3377 1607 3457 Portugalliae
1648 3379 1722 3441 in
1758 3379 2021 3441 virtute
2061 3378 2498 3442 obedientiae
2532 3386 2628 3457 ut,
2664 3379 2726 3441 si
2748 3379 2902 3459 quis
2933 3387 3120 3442 esset

654 3486 778 3566 qui
819 3486 933 3548 vel
979 3485 1113 3565 ipsi
1142 3486 1255 3547 vel
1286 3485 1513 3547 cuivis
1542 3485 1957 3566 Praeposito
1989 3495 2111 3549 aut
2147 3485 2436 3548 Rectori
2473 3486 2759 3549 obedire
2797 3486 3034 3565 nollet,
3077 3505 3119 3549 a

656 3590 1018 3655 Societate
1049 3590 1430 3654 dimitteret
1459 3593 1576 3654 vel
1603 3591 1903 3655 Romam
1934 3592 2025 3654 ad
2054 3610 2130 3655 se
2160 3593 2695 3672 transmitteret,
2729 3594 2790 3655 si
2821 3594 2944 3655 tali
2973 3610 3116 3656 mu·

541 3769 543 3772 v
657 3699 922 3761 tatione
961 3715 1123 3761 eum
1154 3696 1392 3777 juvari
1439 3715 1647 3777 posse
1687 3707 2038 3779 speraret;
2083 3716 2212 3762 nec
2253 3699 2797 3763 existimandum
2835 3717 2991 3763 esse
3029 3699 3120 3763 ad

652 3823 1028 3869 commune
1056 3805 1318 3868 bonum
1355 3806 1918 3885 promovendum
1947 3806 2188 3869 utilem
2218 3805 2393 3882 fore,
2430 3807 2549 3887 qui
2579 3807 2712 3869 sibi
2753 3807 2888 3887 ipsi
2915 3807 3115 3870 inuti-

655 3913 742 3975 lis
773 3922 841 3975 et
870 3912 1128 3975 noxius
1156 3919 1362 3975 esset.
1399 3911 1739 3976 Omnibus
1768 3914 1937 3976 item
1966 3914 2123 3977 aliis
2151 3914 2328 3977 locis
2346 3912 2724 3977 Societatis
2753 3913 2827 3977 in
2856 3915 3118 3977 virtute

652 4019 1093 4083 obedientiae
1122 4019 1486 4101 praecepit
1513 4037 1602 4083 ne
1631 4021 1787 4101 quis
1815 4039 1906 4084 ex
1934 4019 2428 4101 Superioribus
2457 4021 2586 4083 sub
2617 4039 2694 4084 se
2721 4021 3118 4085 ministrum

656 4127 771 4189 vel
802 4125 1170 4190 officialem
1194 4127 1500 4208 aliquem
1520 4126 1836 4206 haberet,
1863 4127 1983 4207 qui
2005 4127 2137 4190 sibi
2159 4128 2373 4191 nollet
2398 4128 2714 4207 obedire;
2749 4146 2912 4192 cum
2935 4128 3119 4194 enim

656 4233 729 4295 hi
761 4234 1161 4314 exemplum
1192 4233 1515 4313 integrae
1560 4234 2002 4296 obedientiae
2041 4234 2201 4297 aliis
2240 4252 2395 4297 esse
2433 4235 2763 4315 debeant,
2809 4236 3119 4315 permitti

653 4358 798 4404 non
829 4341 1082 4404 debent
1112 4340 1205 4403 ibi
1235 4341 1534 4420 versari,
1569 4341 1686 4403 ubi
1716 4350 1785 4404 et
1815 4341 1948 4403 sibi
1978 4348 2045 4403 et
2070 4341 2228 4403 aliis
2256 4342 2578 4422 exemplo
2608 4352 2933 4405 noceant.

777 4446 876 4510 28.
967 4446 1044 4510 In
1073 4447 1709 4527 quadrimestribus
1739 4448 1992 4511 litteris
2021 4448 2443 4511 brevitatem
2473 4449 2657 4512 idem
2693 4448 2769 4513 P.
2805 4450 3121 4530 Ignatius

655 4554 1183 4617 commendavit
1212 4554 1404 4633 quod
1435 4554 1526 4617 ad
1555 4555 1777 4618 verba
1809 4556 2090 4635 attinet;
2121 4572 2290 4620 nam
2320 4554 2506 4635 quod
2539 4556 2629 4619 ad
2658 4574 2773 4619 res
2804 4557 2896 4620 ad
2935 4558 3117 4621 aedi·

657 4660 1059 4725 ficationem
1089 4661 1523 4742 pertinentes
1565 4670 1864 4742 spectat,
1908 4672 1985 4724 ut
2029 4671 2263 4726 essent
2301 4664 2810 4741 quamvellent
2851 4664 3120 4745 copiosi
