3679 5414
1444 503 1449 507 -
1568 470 1696 528 Aa.
1743 472 1875 530 1551
1986 474 1989 476 ’
2043 462 2048 468 ’
2842 451 2950 534 319

480 611 557 677 Ρ.
592 612 855 677 Strada
890 615 983 677 ad
1014 611 1465 679 cardinalem
1506 603 1945 696 Burgensem
1984 616 2268 697 scripsit
2306 627 2385 681 ut
2424 621 2762 698 tanquam
2797 634 2952 683 rem

480 720 825 784 ecclesiae
875 739 1046 784 suae
1108 724 1317 786 valde
1377 724 1923 787 convenientem
1965 723 2234 789 ‘Comiti
2290 723 2542 789 Stabili
2599 739 2945 788 commen·

481 827 704 891 daret.
1182 839 1188 846 ‘

597 933 738 997 305.
827 936 1118 1000 Praeter
1149 936 1396 1000 solitas
1425 938 1850 1001 concionum
1877 946 1947 1001 et
1977 938 2503 1001 confessionum
2546 939 2946 1019 occupatio-

478 1059 605 1104 nes
634 1051 949 1122 tempore
980 1042 1355 1106 Adventus
1384 1044 1598 1107 etiam
1628 1052 1790 1124 post
1817 1044 2186 1108 meridiem
2230 1045 2462 1126 coepit
2512 1046 2945 1120 concionari,

480 1156 549 1211 et
578 1157 725 1211 tam
762 1150 1180 1213 matutinam
1225 1165 1438 1229 quam
1476 1151 2038 1230 pomeridianam
2077 1152 2495 1215 concionem
2535 1151 2947 1214 avidissime

480 1264 548 1319 et
576 1272 842 1335 magna
872 1274 1035 1322 cum
1065 1257 1464 1338 frequentia
1495 1258 1814 1321 homines
1844 1256 2248 1340 audiebant.

599 1362 739 1426 306.
826 1362 907 1427 In
935 1363 1367 1427 monasterio
1397 1365 1723 1444 superius
1753 1364 2116 1427 nominato
2147 1365 2233 1426 de
2260 1363 2377 1427 las
2404 1363 2745 1443 Huelgas
2785 1381 2946 1428 con-

480 1471 803 1534 cionatus
832 1479 939 1533 est
969 1471 1046 1533 P.
1078 1469 1358 1548 Strada,
1394 1488 1555 1533 cum
1583 1470 1932 1534 Dominus
1961 1470 2452 1534 Ferdinandus
2481 1470 2567 1533 de
2597 1470 2944 1534 Mendoza

479 1575 547 1639 id
577 1577 873 1640 multum
903 1577 1360 1656 postulasset,
1408 1587 1497 1641 ut·
1514 1577 1935 1657 importunis
1964 1575 2485 1658 quodammodo
2529 1578 2680 1659 ipse
2723 1579 2947 1657 preci-

476 1684 607 1749 bus
644 1694 941 1763 rogatus
981 1692 1159 1748 erat.
1201 1684 1279 1748 In
1318 1685 1661 1748 natalitiis
1711 1694 1951 1748 autem
1985 1684 2216 1765 festiS,
2270 1685 2591 1764 sequenti
2634 1684 2751 1751 die
2791 1697 2951 1765 post

478 1792 1222 1855 commemorationem
1287 1791 1812 1870 Innocentium,
1883 1800 2084 1854 tanta
2151 1791 2262 1854 vis
2327 1792 2809 1871 lacrymarum
2881 1801 2951 1854 et

478 1899 971 1961 commotionis
1027 1899 1425 1962 animorum
1475 1899 1547 1962 in
1601 1899 2059 1962 nobilissimis
2115 1898 2251 1961 illis
2307 1899 2730 1962 monialibus
2787 1898 2940 1977 fuit,

477 2015 555 2067 ut
591 2022 755 2069 cum
797 2016 956 2085 post
994 2007 1370 2087 prandium
1412 2006 1830 2086 priorissam
1870 2004 2312 2085 monasterii,
2367 2014 2665 2084 rogatus
2706 2007 2795 2068 ab
2834 2022 2946 2068 ea-

477 2113 668 2193 dem,
701 2113 1072 2193 inviseret,
1105 2094 1253 2177 tam
1282 2115 1437 2193 ipsa
1468 2113 1809 2194 priorissa
1838 2131 2053 2194 quam
2088 2112 2400 2193 reliquae
2430 2112 2771 2175 moniales
2801 2122 2947 2176 tam

478 2219 966 2283 cubiculorum
1014 2231 1227 2300 quam
1277 2237 1611 2284 arcarum
1663 2237 1954 2283 suarum
2005 2221 2247 2282 claves
2296 2220 2360 2283 ei
2413 2220 2824 2299 obtulerint,
2869 2229 2947 2283 ut

476 2326 895 2390 reformaret
924 2336 994 2390 et
1023 2327 1334 2391 auferret
1365 2327 1700 2408 quidquid
1731 2317 2163 2408 superfluum
2187 2327 2575 2390 invenisset
2618 2327 2703 2390 de
2732 2326 2944 2390 rebus

477 2433 831 2514 omnibuS,
866 2445 1047 2513 quas
1073 2434 1454 2514 habebant,
1491 2445 1560 2498 et
1588 2443 1664 2498 ut
1693 2434 1827 2497 sibi
1857 2433 2136 2498 adhuc
2117 2452 2191 2497 1n
2221 2443 2478 2497 octava
2502 2433 2944 2547 Epiphaniae

478 2542 1022 2605 concionaretur
1051 2542 1397 2606 instanter
1425 2544 1892 2635 postularunt
2127 2549 2138 2558 ‘
2984 2542 2988 2546 ’

593 2647 736 2711 307.
825 2647 1302 2713 Christianam
1355 2649 1752 2713 doctrinam
1790 2605 2298 2729 pomeridianis
2340 2648 2534 2711 horis
2583 2649 2943 2728 explicare

478 2757 731 2836 coepit,
766 2756 855 2818 ab
882 2756 1206 2819 oratione
1236 2756 1591 2819 dominica
1620 2755 2059 2835 inchoando;
2096 2764 2166 2819 et
2198 2756 2483 2819 tandem
2513 2756 2641 2819 sub
2668 2757 2942 2820 initium

476 2863 645 2927 anni
674 2864 1034 2944 sequentis
1062 2864 1136 2927 Ρ.
1171 2864 1661 2927 Ferdinandus
1689 2864 1803 2927 del
1831 2863 2094 2943 Aguila
2124 2879 2286 2926 cum
2325 2864 2520 2926 socio
2560 2863 2651 2926 ad
2693 2881 2940 2943 suppe-

476 2970 616 3033 tias
644 2970 708 3032 ei
736 2970 1067 3034 ferendas
1105 2971 1427 3034 accessit.
1507 2967 1516 2974 ’

973 3291 1101 3354 DE
1144 3291 1609 3355 COLLEGIO
1656 3289 2446 3355 VALLISOLETANO

598 3505 737 3569 308.
828 3506 968 3570 Sex
1002 3509 1114 3570 vel
1141 3498 1410 3587 septem
1441 3507 1529 3570 de
1552 3505 1907 3570 Societate
1929 3514 2177 3569 nostra
2202 3507 2274 3568 in
2298 3505 2616 3584 Collegio
2641 3502 2940 3569 Valliso-

483 3614 718 3677 letano
748 3613 883 3677 hoc
915 3632 1102 3678 anno
1132 3615 1569 3692 residebant,
1614 3631 1702 3677 ex
1741 3613 1994 3694 quibus
2034 3613 2232 3676 initio
2271 3622 2438 3691 treS,
2486 3612 2739 3676 deinde
2778 3631 2939 3695 qua-

479 3730 664 3801 tuor,
706 3721 1116 3784 sacerdotes
1166 3721 1480 3800 fuerunt3
1524 3737 1826 3801 quorum
1865 3728 2079 3801 caput
2117 3718 2194 3783 P.
2234 3720 2548 3803 Joannes
2588 3718 2944 3784 Gonzalez

477 3827 627 3891 fuit.
668 3828 936 3892 Eorum
977 3829 1483 3908 occupationes
1521 3826 1756 3907 potius
1799 3827 2169 3891 domorum
2205 3827 2692 3909 professarum
2731 3842 2945 3908 quam

477 3934 954 4014 Collegiorum
990 3943 1225 4014 erant;
1268 3935 1533 3998 dabant
1571 3934 1757 3997 enim
1804 3951 2096 4013 operam
2137 3934 2731 4012 confessionibuS,
2768 3952 2945 4015 quas

477 4042 733 4105 multas
762 4051 833 4105 et
876 4058 1136 4122 magno
1165 4052 1328 4104 cum
1354 4040 1589 4104 fructu
1621 4040 2024 4119 audiebant;
2066 4049 2135 4103 et
2162 4049 2309 4104 tam
2338 4041 2661 4104 homines
2689 4041 2945 4122 plebeii

477 4159 690 4228 q'uam
719 4148 989 4212 nobiles
1018 4157 1088 4211 et
1123 4148 1430 4211 illustres
1459 4164 1704 4212 eorum
1734 4164 1954 4227 opera
1990 4146 2416 4226 perlibenter
2457 4146 2531 4211 in
2569 4146 2705 4211 hoc
2744 4148 2942 4210 mini·

476 4256 692 4319 sterio
721 4256 1125 4333 utebantur3
1158 4253 1579 4334 quibusdam
1609 4262 1848 4317 tamen
1879 4253 2396 4331 occasionibus,
2441 4262 2518 4317 ut
2556 4253 2844 4335 jubilaei
2873 4263 2941 4317 et

474 4362 1019 4443 praecipuorum
1047 4361 1389 4424 festorum
1419 4360 1622 4440 anni,
1643 4361 1747 4423 sic
1776 4358 2143 4423 crescebat
2186 4359 2550 4424 hominum
2587 4361 2939 4426 confluen-

477 4470 649 4533 tium
671 4468 1043 4532 multitudo
1068 4477 1144 4532 ut
1162 4469 1297 4533 vix·
1288 4446 1679 4531 -duodecim
1691 4466 2223 4530 confessariieis
2243 4467 2659 4531 satisfacere
2681 4462 2936 4548 potuis·

476 4587 661 4655 sent;
707 4585 778 4639 et
805 4574 1174 4639 accidebat
1203 4577 1450 4639 decem
1479 4574 1830 4638 continuis
1860 4573 2056 4637 horis
2094 4574 2609 4639 confessarium
2646 4592 2736 4638 ex
2774 4576 2942 4640 sede

476 4699 604 4745 sua
630 4701 783 4746 non
807 4692 1125 4762 surgere„
1160 4681 1339 4746 Toto
1369 4692 1607 4744 tamen
1635 4698 1825 4744 anno
1862 4680 2040 4743 satis
2076 4680 2181 4744 eis
2207 4680 2475 4760 negotii
2516 4682 2943 4747 exhibebant
