3679 5414
585 441 588 444 ¹
678 418 792 479 536
1079 384 1088 394 ’
1602 420 1859 480 Canon.
1901 419 2056 481 Soc.
2096 421 2237 496 jas.

681 579 981 645 quorum
1027 567 1205 628 alter
1245 565 1632 645 imaginem
1681 565 2009 632 crucifixi
2046 567 2227 631 alter
2266 568 2527 632 mortui
2574 567 2966 631 calvariam
3013 569 3147 632 sub

675 673 895 753 pallio
916 673 1268 752 gestabat,
1295 673 1406 737 his
1427 673 1646 738 armis
1667 674 1862 738 illam
1885 675 2214 755 aggressi
2236 684 2447 756 atque
2468 675 2771 739 ubertim
2785 676 3146 756 lacrymas

674 778 1138 860 effundenteS,
1172 780 1403 862 ipsam
1451 797 1730 862 quoque
1775 783 1869 846 ad
1906 783 2268 862 lacrymas
2306 784 2825 864 compulerunt.
2870 781 3143 846 Coacta

672 904 848 951 vero
897 887 1065 951 illuc
1114 888 1518 956 vicinorum
1557 889 2030 969 multitudine,
2071 889 2438 955 adhortari
2475 906 2600 954 eos
2629 897 3015 968 coeperunt
3050 891 3143 955 ad

671 994 1202 1074 poenitentiam,
1235 1012 1390 1073 nee,
1423 1003 1502 1058 ut
1530 995 1946 1076 putabatur,
1982 996 2346 1060 inutiliter.
2382 996 2811 1076 Dabantque
2850 1012 3144 1076 operam

673 1108 751 1163 ut
778 1117 1143 1181 nunquam
1171 1103 1265 1166 ad
1293 1102 1712 1166 concionem
1738 1104 2087 1182 venirent,
2121 1103 2291 1184 quin
2321 1104 2631 1183 aliquem
2662 1118 2905 1173 secum
2928 1102 3141 1166 addu-

673 1217 939 1284 cerent,
981 1210 1194 1288 gravi
1244 1209 1479 1292 aliquo
1515 1219 1815 1291 peccato
1857 1210 2298 1292 implicitum.
2340 1209 2737 1275 Permultos
2786 1211 3002 1274 etiam
3051 1210 3143 1273 ad

674 1315 1196 1380 confessionem
1224 1317 1707 1397 adducebant;
1740 1317 1924 1382 inter
1955 1319 2133 1398 quos
2162 1327 2366 1382 erant
2396 1317 2529 1397 illi,
2564 1335 2744 1398 quos
2773 1336 2812 1380 e
2842 1317 3139 1381 carceri·

670 1422 805 1485 bus
834 1422 1249 1501 eduxerant,
1282 1441 1414 1487 nec
1442 1425 1640 1505 prius
1670 1441 1797 1488 eos
1827 1423 2272 1489 dimittebant
2302 1441 2518 1505 quam
2546 1424 2621 1487 in
2657 1425 2995 1504 templum
3021 1442 3142 1489 no·

671 1538 899 1593 strum
930 1530 1388 1595 confessuros
1416 1531 1868 1595 deducerent.
1903 1530 2264 1596 Parabant
2286 1533 2502 1596 etiam
2525 1532 2716 1595 domi
2742 1548 2915 1594 suae
2939 1531 3141 1595 cibos

676 1637 751 1700 in
789 1621 1182 1719 pauperum
1222 1655 1461 1719 usum,
1505 1656 1767 1720 eosque
1804 1640 1923 1710 vel
1963 1640 2285 1704 invitatis
2322 1639 2829 1721 dispensabant
2867 1639 2982 1702 vel
3020 1638 3138 1703 do·

673 1761 870 1808 mum
900 1745 1301 1836 mittebant,
1332 1747 1759 1828 praesertim
1787 1748 1851 1811 si
1880 1756 2116 1811 essent
2146 1746 2406 1811 infirmi
2434 1756 2554 1810 aut
2585 1746 2867 1810 invitati
2895 1746 3142 1815 venire

675 1869 822 1915 non
870 1863 1186 1934 possent.
1242 1853 1440 1933 Quae
1492 1854 1566 1917 in
1613 1854 2077 1918 concionibus
2119 1854 2525 1932 audiebant,
2577 1853 2916 1934 privatim
2962 1853 3142 1917 inter

676 1960 949 2023 amicos
971 1960 1385 2041 referenteS,
1411 1962 1944 2025 concionatoris
1969 1961 2197 2026 officio
2219 1969 2289 2025 et
2309 1962 2447 2043 ipsi
2466 1961 2963 2041 fungebantur3
2999 1978 3140 2023 mo·

670 2067 955 2147 nebant,
981 2067 1477 2149 hortabantur,
1505 2070 1868 2133 terrebant
1889 2068 2100 2134 modo
2124 2069 2335 2149 hune,
2361 2069 2572 2133 modo
2595 2069 2820 2147 illum;
2846 2067 3140 2131 factum-

628 2205 637 2216 ·
667 2193 805 2256 que
834 2183 942 2239 est
980 2177 1117 2240 hac
1147 2177 1425 2240 ratione
1470 2186 1550 2240 ut
1578 2177 1779 2241 multi
1819 2176 1912 2240 ad
1949 2177 2313 2241 meliorem
2351 2176 2629 2256 frugem
2667 2193 2758 2239 ex
2798 2176 2949 2239 vita
2987 2192 3141 2256 per-

669 2282 819 2345 dita
847 2283 1105 2347 fuerint
1146 2302 1391 2348 eorum
1438 2302 1658 2366 opera
1695 2284 2039 2348 revocati.
2082 2285 2171 2348 Et
2200 2283 2326 2348 hic
2363 2291 2528 2347 sunt
2566 2283 2944 2347 continuae
2982 2300 3140 2347 con·

669 2388 1001 2454 fessionis
1031 2399 1101 2453 et
1130 2391 1499 2454 concionis
1527 2400 1943 2473 proventus.
2056 2367 2069 2385 ’
2802 2463 2809 2470 ‚

793 2497 936 2560 290.
1025 2497 1202 2562 Cum
1233 2514 1498 2579 magna
1528 2515 1767 2562 rerum
1795 2498 2102 2579 penuria
2124 2498 2261 2561 hoc
2290 2515 2479 2561 anno
2501 2514 2854 2578 pauperes
2874 2511 3144 2577 preme-

676 2613 942 2684 rentur,
976 2621 1315 2685 magnam
1338 2606 1441 2669 eis
1470 2606 1894 2669 sublevandi
1925 2622 2173 2669 curam
2195 2603 2272 2668 P.
2299 2604 2574 2669 Natalis
2597 2603 2934 2668 adhibuit.
2963 2602 3143 2668 Cum

671 2720 915 2775 autem
941 2712 1016 2775 in
1045 2730 1335 2799 carcere
1364 2731 1628 2794 magna
1657 2724 1845 2778 esset
1876 2714 2309 2778 inclusorum
2337 2712 2736 2791 multitud0,
2770 2729 2861 2775 ex
2891 2711 3143 2792 quibus

674 2819 894 2898 aliqui
920 2818 1108 2883 fame
1137 2821 1399 2883 mortui
1437 2821 1854 2885 dicebantur
1883 2830 1952 2884 et
1981 2821 2105 2885 alii
2132 2820 2204 2884 in
2244 2836 2508 2899 graves
2536 2820 2825 2885 morbos
2864 2818 3141 2883 incidis-

672 2943 784 3005 se,
825 2928 971 3006 egit
1020 2929 1134 2991 ille
1184 2946 1346 2992 cum
1395 2928 1761 3009 Pro-rege,
1812 2928 2089 3010 Joanne
2128 2928 2215 2991 de
2265 2927 2497 3007 Vega,
2543 2937 2621 2990 ut
2664 2927 3017 3007 hospitale
3069 2926 3141 2989 in

549 3072 563 3085 ·
677 3035 1203 3115 aegrotantium
1252 3036 1689 3129 inclusorum
1726 3052 1936 3098 usum
1974 3035 2390 3114 erigeretur.
2422 3033 2583 3116 Jam
2615 3033 2881 3114 aliquid
2909 3031 3139 3112 huJus·

676 3143 868 3206 modi
929 3138 1267 3205 Panormi
1317 3142 1718 3206 institutum
1771 3152 1841 3206 et
1899 3141 2272 3230 Messanae
2323 3150 2652 3222 coeptum
2702 3139 2965 3219 fuerat;
3018 3138 3143 3203 sed

676 3249 843 3329 quia
880 3250 1081 3312 locus
1121 3266 1374 3330 parum
1413 3249 1721 3314 salubris
1759 3256 1938 3329 erat,
1979 3266 2112 3312 nec
2153 3249 2457 3328 pecunia
2499 3248 2590 3312 ad
2634 3264 2758 3312 eos
2786 3246 3143 3310 curandos

672 3355 1114 3437 suppetebat,
1148 3374 1281 3419 nec
1308 3356 1430 3436 qui
1451 3355 1988 3435 aegrotantibus
2018 3355 2420 3435 inserviret,
2454 3354 2787 3418 inventus
2815 3362 2923 3416 est
2942 3354 3142 3417 locus

673 3462 1051 3541 salubrior,
1085 3472 1154 3525 et
1183 3479 1347 3525 cum
1374 3479 1462 3525 eo
1494 3470 1953 3542 aegrotantes
1983 3462 2265 3526 deducti
2298 3470 2557 3541 essent,
2584 3462 2735 3542 ipse
2763 3459 2840 3524 P.
2866 3459 3143 3524 Natalis

674 3587 923 3634 curam
947 3571 1162 3633 totius
1183 3555 1579 3651 hospitaliS,
1607 3571 1711 3633 sic
1734 3568 2075 3649 Pro-rege
2097 3568 2546 3649 decernente,
2572 3569 2906 3649 suscepit,
2927 3584 3140 3647 quam

671 3686 922 3758 postea
951 3677 1075 3742 uni
1110 3678 1198 3741 de
1236 3677 1554 3756 Collegio
1597 3676 2087 3756 demandavit3
2122 3676 2242 3757 qui
2285 3694 2449 3740 cum
2487 3674 2762 3739 duobus
2800 3674 3018 3739 sociis
3047 3690 3140 3741 ex

670 3784 882 3848 domo
910 3786 1352 3866 probationis
1380 3802 1589 3848 mane
1630 3802 1714 3847 ac
1756 3801 2058 3865 vespere
2103 3783 2194 3846 ad
2222 3782 2572 3864 hospitale
2610 3778 3028 3860 ⁸veniebant,
3074 3789 3145 3844 et

672 3891 971 3955 infirmis
1000 3909 1162 3955 cum
1184 3908 1450 3972 magna
1479 3889 1971 3955 aedificatione
1995 3890 2505 3968 inserviebant3
2542 3890 2657 3952 cui
2677 3889 2962 3970 pietatis
2984 3905 3141 3968 ope-

671 3998 737 4062 ri
764 3999 1036 4062 tamdiu
1063 3999 1293 4063 nostri
1318 4007 1701 4075 vacarunt,
1736 3998 1963 4062 donec
1992 4016 2080 4061 ea
2109 4015 2283 4062 cura
2313 4016 2357 4062 a
2379 3996 2810 4078 jnrisperitis
2839 4006 2911 4059 et
2946 4003 3141 4059 nota-

673 4106 801 4170 riis
829 4115 1181 4188 suscepta.
1216 4106 1545 4187 Aequum
1573 4106 1762 4169 enim
1792 4123 1950 4169 esse
1981 4102 2374 4184 videbatur,
2402 4114 2479 4168 ut
2507 4120 2807 4184 quorum
2837 4103 2938 4167 illi
2980 4119 3144 4166 con-

673 4214 1046 4277 troversiis
1068 4214 1497 4293 ditabantur,
1525 4230 1771 4277 eorum
1792 4229 2071 4293 quoque
2094 4213 2400 4276 miseriis
2422 4211 2900 4275 subvenirent.
2929 4210 3144 4274 Cura-

674 4321 783 4385 vit
818 4322 1041 4401 igitur
1071 4320 1148 4385 P.
1174 4321 1450 4385 Natalis
1479 4329 1557 4383 ut
1584 4321 1677 4384 ad
1703 4320 2120 4400 Pro-regem
2150 4331 2298 4384 tam
2318 4318 2497 4400 Juris
2524 4320 2734 4401 periti
2771 4335 2986 4399 quam
3025 4336 3142 4382 no-

675 4429 845 4492 tarii
885 4429 1383 4507 convenirent3
1426 4445 1577 4493 rem
1613 4428 1753 4491 illis
1788 4427 2154 4509 proponit;
2197 4428 2430 4490 nullus
2468 4435 2599 4507 est,
2644 4427 2764 4507 qui
2801 4444 2946 4490 non
2983 4442 3143 4489 con-

674 4536 974 4614 sentiat3
1011 4536 1295 4600 demum
1327 4535 1589 4616 singuli
1628 4552 1874 4599 eorum
1900 4551 2043 4598 una
2081 4551 2243 4597 cum
2280 4535 2509 4614 curia,
2553 4551 2766 4613 quam
2808 4549 3148 4613 magnam

673 4652 971 4722 vocant,
1030 4652 1098 4706 et
1149 4643 1442 4707 civitate
1479 4643 1635 4724 ipsa
1681 4642 2132 4706 contribuere
2173 4642 2474 4722 singulis
2511 4641 2717 4705 annis
2765 4639 3146 4722 quamdam
