3679 5414
1565 463 1692 522 An.
1738 464 1878 523 1550
2911 465 2950 524 9

463 616 548 669 ut
578 607 1176 687 quandocumque
1211 608 1707 671 necessitatem
1747 609 2057 689 aliquam
2101 609 2353 672 domus
2390 618 2635 672 nostra
2674 618 2944 690 patere·

465 723 610 792 tur,
645 714 735 776 ad
763 715 1002 794 ipsum
1032 724 1434 778 recurreret
1466 712 1507 778 ¹.

597 820 690 883 ll.
777 820 895 884 Ad
927 821 1395 901 applicandos
1427 831 1664 885 tamen
1692 822 2216 886 ecclesiasticos
2244 823 2513 886 reditus
2542 841 2685 887 non
2717 842 2794 887 se
2826 824 2941 888 ad-

463 926 752 990 modum
779 945 1216 1007 propensum
1246 929 1681 992 ostendebat.
1715 928 1895 993 Cum
1924 939 2165 992 tamen
2197 928 2597 993 Cardinalis
2636 931 2722 994 de
2753 931 2941 995 Men-

457 1035 648 1097 doza
696 1035 760 1097 ei
801 1035 1276 1115 supplicasset
1318 1043 1394 1098 ut
1434 1036 1906 1116 capellaniam
1968 1036 2380 1117 quamdam,
2444 1055 2625 1117 quae
2683 1039 2940 1119 septin-

463 1151 722 1220 gentos
753 1159 1013 1205 aureos
1043 1142 1260 1205 annui
1286 1142 1555 1206 reditus
1580 1143 1888 1221 valebat,
1917 1141 2459 1207 Salmanticensi
2483 1143 2797 1224 Collegio
2821 1164 2939 1209 no-

457 1258 617 1312 stro
677 1250 1072 1331 applicaret
1099 1298 1112 1328 ,
1176 1250 1367 1313 illam
1416 1249 1870 1314 nihilominus
1928 1250 2289 1314 Cardinali
2345 1252 2715 1315 concessit.
2776 1253 2939 1317 Ideo

462 1356 750 1419 nomine
806 1355 1041 1420 Patris
1098 1356 1354 1436 Ignatii
1412 1356 1889 1436 significatum
1947 1358 2077 1421 fuit
2145 1357 2410 1421 nostris
2438 1407 2452 1437 ,
2515 1366 2589 1421 ut
2645 1360 2941 1423 uniones

462 1462 870 1543 hujusmodi
900 1463 994 1526 ad
1022 1463 1399 1527 limitatum
1435 1472 1714 1544 tempus
1755 1466 1870 1527 vel
1905 1465 2329 1527 auctoritate
2361 1464 2797 1529 Nunciorum
2827 1468 2941 1529 vel

459 1570 982 1651 Episcoporum
1018 1578 1395 1648 tentarent,
1430 1570 1597 1651 quia
1631 1579 1877 1650 postea
1910 1570 2191 1634 facilius
2233 1572 2398 1634 unio
2438 1580 2780 1653 perpetua
2818 1574 2936 1636 im-

460 1678 735 1756 petrari
760 1678 1127 1757 potuisset.

590 1783 684 1847 12.
774 1784 1022 1866 Coepit
1079 1784 1292 1848 etiarn
1348 1784 1677 1849 Pontifex
1732 1785 1909 1848 satis
1964 1804 2041 1849 se
2099 1786 2411 1849 alienum
2462 1803 2504 1848 a
2555 1786 2939 1866 cupiditate

457 1892 838 1955 ostendere
867 1893 941 1955 in
969 1893 1214 1972 spoliis
1236 1892 1689 1955 removendis
1712 1901 1781 1955 et
1804 1893 2437 1973 compositionibus
2458 1892 2935 1971 moderandiS,

415 2008 418 2011 ’
455 2007 532 2061 et
561 1999 654 2061 ad
694 1999 876 2062 alios
916 1999 1179 2062 abusus
1218 1998 1711 2062 reformandos
1752 2016 1827 2062 se
1868 2009 2305 2080 promptum,
2349 1999 2557 2062 sicuti
2594 2001 2808 2063 etiam
2847 2001 2939 2064 ad
2990 2076 2993 2079 Α

461 2105 861 2169 Concilium
891 2107 1452 2186 convocandum,
1483 2105 1821 2169 exhibuit.
1839 2105 2184 2185 Quamvis
2207 2115 2442 2169 autem
2464 2107 2537 2169 in
2559 2124 2746 2170 anno
2761 2106 2935 2187 jubi-

463 2213 601 2274 laei
630 2211 984 2276 difficilius
1013 2213 1433 2293 quibusdam
1462 2212 1829 2275 videretur
1859 2212 2241 2292 impetrare
2269 2221 2682 2277 nostrarum
2722 2214 2935 2277 facul·

459 2328 690 2382 tatum
721 2336 929 2385 usum
957 2320 1151 2383 circa
1180 2320 1659 2383 absolutiones
1704 2337 2001 2382 casuum
2041 2329 2601 2399 reservatorum,
2643 2331 2935 2384 nostrae

455 2438 698 2490 tamen
729 2426 1067 2491 Societati
1096 2427 1271 2490 liber
1301 2444 1472 2490 usus
1500 2444 1793 2490 suorum
1821 2426 2360 2507 privilegiorum
2390 2436 2497 2490 est
2527 2445 2931 2499 concessus,

459 2534 665 2598 Unde
694 2533 770 2598 P.
808 2534 1126 2614 Ignatius
1157 2531 1723 2597 Provincialibus
1759 2541 1829 2595 et
1861 2533 1978 2611 iis,
2016 2534 2133 2614 qui
2164 2534 2320 2597 aliis
2349 2544 2758 2614 praeerant,
2792 2553 2935 2599 non

455 2642 690 2703 solum
739 2641 1091 2704 concessit
1134 2640 1545 2703 facultatem
1606 2640 1990 2722 praedictis
2041 2641 2435 2722 privilegiis
2484 2643 2757 2722 utendi,
2810 2643 2936 2706 sed

457 2749 677 2812 etiam
704 2747 1119 2812 nominandi
1141 2748 1319 2811 alios
1344 2765 1433 2811 ex
1454 2748 1587 2827 hiS,
1606 2748 1857 2828 quibus
1880 2748 2174 2830 quisque
2197 2758 2549 2830 praeerat,
2571 2757 2647 2812 ut
2670 2750 2934 2813 eisdem

458 2866 848 2936 uterentur;
887 2856 1140 2937 quibus
1172 2855 1275 2918 sic
1303 2855 1707 2935 nominatiS,
1736 2853 1810 2918 P.
1841 2856 2157 2935 Ignatius
2179 2874 2664 2937 quaecumque
2689 2875 2731 2920 a
2754 2854 2934 2921 Sede

457 2963 874 3044 Apostolica
904 2961 1361 3026 concedenda
1390 2963 1537 3025 suis
1567 2970 1968 3044 acceperat,
2005 2963 2556 3027 communicavit
2584 2962 2628 3026 ².

581 3069 677 3132 13.
764 3069 921 3132 Hoc
951 3070 1105 3150 ipso
1137 3088 1324 3133 anno
1353 3079 1680 3133 nostrum
1722 3070 2120 3133 institutum
2156 3070 2271 3133 hic
2312 3069 2670 3150 Pontifex,
2716 3079 2930 3151 prout

455 3177 893 3257 apostolicae
924 3177 1148 3256 ipsius
1178 3176 1453 3240 litterae
1478 3177 1881 3256 ostendunt,
1910 3176 2381 3255 confirmavit,
2407 3186 2475 3239 et
2498 3194 2677 3258 quae
2703 3177 2930 3241 decla·

449 3283 736 3346 ratione
767 3283 1001 3363 aliqua
1031 3283 1350 3362 indigere
1380 3282 1837 3360 videbantur,
1868 3281 2070 3362 juxta
2100 3283 2322 3363 ipsius
2352 3282 2427 3346 P.
2463 3283 2722 3362 Ignatii
2749 3284 2930 3347 arbi·

450 3391 671 3454 trium
703 3390 845 3471 (qui
874 3390 1246 3469 diligenter
1277 3390 1560 3470 singula
1602 3389 1801 3470 prius
1842 3390 2411 3467 examinaverat)
2455 3388 2851 3454 declaravit
2880 3388 2924 3454 ³.

582 3497 678 3560 14.
765 3496 922 3560 Hoc
945 3497 1193 3560 eodem
1217 3515 1405 3560 anno
1436 3496 1723 3560 domum
1745 3497 1961 3576 illam,
1989 3514 2172 3576 quae
2202 3497 2369 3559 olim
2390 3498 2751 3576 virginum
2781 3516 2928 3561 mo-

449 3604 848 3667 nasterium
866 3602 1119 3682 fuerat,
1142 3603 1759 3683 Caesaraugustae
1782 3620 1826 3665 a
1850 3602 2373 3667 Conservatore
2396 3605 2623 3684 regni,
2649 3592 2929 3686 Joanne

444 3710 833 3788 GonzaleZ,
867 3720 1183 3790 erectum
1211 3720 1280 3774 et
1311 3710 1402 3773 ab
1431 3708 1681 3772 eodem
1710 3710 2134 3773 auctoritate
2163 3709 2581 3791 Apostolica
2626 3711 2919 3776 dissolu·

447 3827 628 3895 tum,
661 3816 981 3897 Collegio
1013 3825 1255 3881 nostro
1285 3817 1475 3880 idem
1501 3815 1829 3880 Pontifex
1861 3817 2247 3898 applicavit
2276 3813 2320 3880 ⁴.

536 3990 555 4022 ί
613 3987 884 4039 Ροῑιιιω,
905 3997 972 4030 ex
991 3986 1384 4040 commissione,
1405 3984 1554 4029 Patri
1574 3984 1856 4029 Francisco
1889 3985 2135 4040 Xaverio,
2159 3986 2220 4030 de
2249 3986 2426 4041 gratia
2456 3985 2693 4040 Jubilael,
2718 3987 2769 4031 12
2787 3986 2928 4040 Julii.

450 4060 662 4104 Similes
681 4059 819 4103 aliae
839 4058 1026 4103 missae
1049 4066 1168 4101 sunt
1188 4057 1253 4101 ad
1275 4068 1449 4101 omnes
1466 4057 1572 4101 fere
1596 4056 1877 4102 societatis
1893 4057 2085 4101 domos.
2104 4056 2296 4101 Earum
2313 4060 2551 4113 exempla
2566 4059 2741 4113 aliqua
2761 4059 2925 4103 habes

446 4133 504 4175 in
527 4138 565 4175 t.
587 4140 629 4175 n
646 4130 819 4186 operis
840 4129 1029 4174 Cottas
1049 4129 1116 4172 de
1138 4128 1249 4172 San
1270 4127 1507 4182 Ignacio.

533 4201 557 4234 ⁸
611 4200 869 4246 Polaticus
887 4231 899 4252 ,
916 4211 982 4244 ex
1000 4200 1396 4253 commissione,
1417 4199 1733 4255 Hieronymo
1753 4199 1931 4243 Natali
1952 4232 1962 4253 ,
1997 4200 2058 4243 de
2094 4200 2421 4244 concessione
2451 4201 2658 4255 gratiae
2689 4200 2928 4254 Jubnaei.

443 4275 475 4317 7
503 4272 663 4326 Jnnii.

524 4345 550 4377 ³
607 4344 883 4397 Polancns,
906 4353 971 4386 ex
990 4342 1384 4395 commissione,
1417 4341 1561 4386 Patri
1598 4342 1915 4399 Hieronymo
1950 4342 2145 4396 Natali,
2179 4343 2240 4386 de
2279 4343 2667 4388 confirmatione
2689 4343 2921 4388 Instituti

439 4419 734 4465 Societatis
766 4419 889 4472 Jesn
917 4418 1136 4474 jamjam
1162 4429 1194 4461 a
1227 4417 1362 4470 Juiio
1394 4418 1469 4462 111
1496 4417 1751 4470 facienda,
1790 4417 1819 4501 J
1853 4414 2270 4469 Junii.-Simues
2291 4416 2501 4460 litterae
2523 4415 2590 4459 ad
2612 4425 2789 4458 omnes
2810 4414 2918 4457 sere

437 4492 734 4537 Societatss
751 4490 930 4534 domos
950 4490 1139 4534 missae
1158 4495 1295 4533 sunt.

518 4566 543 4599 ὁ
599 4562 882 4615 Polancns,
918 4571 984 4605 ex
1015 4561 1412 4611 commissione,
1444 4559 1694 4604 Dominae
1731 4559 2018 4603 Aldunciae
2053 4558 2309 4603 Gonzalez
2343 4558 2406 4601 de
2443 4557 2829 4612 vmasimplez,
2865 4557 2927 4600 de

424 4636 661 4691 collegio
694 4633 1192 4687 Caesaraugustam
1225 4637 1276 4676 et
1313 4632 1628 4687 Apostolicis
1662 4631 1871 4684 litteris,
1905 4631 1999 4674 sub
2034 4630 2183 4676 finem
2217 4629 2355 4683 Juffl.
2388 4628 2571 4673 Eidem
2603 4629 2834 4684 Ignatins
2865 4628 2927 4671 de

419 4710 636 4762 iisdem,
664 4707 684 4750 1
713 4704 1045 4749 Novembris.
1069 4704 1201 4749 Vide
1222 4710 1397 4748 annot.
1420 4704 1555 4749 infra
1575 4703 1688 4747 sub.
1705 4714 1753 4746 n.
1776 4703 1872 4746 249.
