3679 5414
1601 485 1659 540 A
1672 499 1728 557 x,
1776 483 1917 541 1552
2881 481 2991 539 469

519 627 615 688 let
659 626 1051 704 intelligere
1081 645 1250 690 num
1280 626 1601 690 Societas
1642 627 1780 691 illis
1823 629 2141 706 placeret
2178 643 2308 689 nec
2351 643 2476 703 ne;
2519 634 2588 688 et
2619 626 2755 688 hoc
2798 624 2986 689 Nun·

504 734 671 797 ⁴cius
699 732 989 797 Summo
1019 734 1345 797 Pontifici
1377 734 1865 815 rescripserat.
1901 736 1989 798 Et
2020 751 2183 797 cum
2213 735 2422 797 vellet
2452 734 2749 797 ulterius
2772 750 2986 813 nego-

520 841 695 904 tium
726 842 861 904 hoc
892 842 1228 922 prosequi
1256 841 1333 903 P.
1367 839 1768 926 Salmeron‚
1805 842 1926 922 qui
1957 842 2227 904 litteras
2265 840 2752 904 Cardinalium
2791 838 2984 903 Mon-

517 948 607 1011 tis
649 956 717 1011 et
761 948 1048 1011 Maffaei
1088 949 1180 1011 ad
1220 949 1572 1012 Nuncium
1602 949 1968 1027 attulerat,
2003 958 2073 1011 et
2103 948 2320 1027 legati
2351 948 2566 1011 etiam
2596 947 2987 1010 Crescentii

502 1064 587 1118 et
617 1056 952 1134 aliorum,
988 1055 1106 1135 qui
1137 1056 1455 1120 Concilio
1484 1057 2017 1136 praesidebant,
2066 1064 2136 1118 et
2174 1057 2574 1135 legatorum
2604 1054 2981 1135 Imperato-

514 1163 615 1225 ris
658 1164 750 1226 ad
799 1162 1348 1226 Atrebatensem
1396 1163 1862 1245 Episcopum,
1911 1172 1980 1227 et
2030 1164 2308 1244 aliquas
2358 1163 2632 1226 litteras
2675 1163 2747 1225 in
2788 1162 2982 1225 favo·

515 1288 665 1332 rem
713 1271 1012 1349 Collegii
1061 1270 1531 1355 Lovaniensis
1580 1272 1792 1359 vellet
1846 1272 1934 1334 ab
1983 1271 2416 1351 Imperatore
2468 1269 2558 1331 ad
2609 1269 2982 1349 Reginam,

512 1377 734 1457 ipsius
764 1396 1116 1458 sororem,
1152 1380 1502 1455 obtinere,
1537 1380 1773 1442 visum
1805 1389 1913 1441 est
1950 1378 2225 1442 Nuncio
2270 1377 2663 1458 apostolico
2707 1388 2986 1456 tempus

510 1485 795 1548 minime
846 1496 1323 1566 opportunum
1373 1504 1529 1549 esse
1582 1497 1659 1549 ut
1718 1488 1855 1550 hoc
1908 1487 2271 1564 negotium
2325 1493 2644 1563 urgeret;
2700 1501 2863 1546 cum
2913 1486 2986 1548 id

503 1592 844 1673 temporis
868 1591 1016 1671 jam
1048 1593 1444 1672 MauritiuS,
1481 1596 1799 1657 exercitu
1829 1611 1993 1656 cum
2023 1593 2299 1656 Galliae
2345 1610 2512 1672 rege
2544 1593 2882 1672 colligato
2914 1602 2984 1656 et

509 1700 598 1762 ab
649 1700 897 1763 eodem
936 1701 1289 1780 stipendia
1330 1701 1759 1781 accipiente,
1808 1700 2289 1779 compluribus
2334 1699 2761 1763 Germaniae
2798 1700 2982 1764 urbi·

506 1806 641 1869 bus
669 1809 1065 1887 occupatiS,
1101 1808 1502 1887 Augustam
1533 1807 1934 1886 obsidebat;
1969 1817 2039 1870 et
2067 1808 2208 1870 alia
2250 1807 2336 1869 de
2379 1825 2456 1870 re
2502 1824 2634 1870 nec
2677 1805 2978 1887 Impera-

507 1922 622 1976 tor
649 1932 780 1977 nec
812 1914 961 1995 ejus
992 1915 1298 1978 ministri
1329 1917 1668 1994 agebant,
1713 1934 1926 1996 quam
1965 1915 2050 1978 de
2091 1916 2303 1977 rebus
2344 1915 2436 1978 ad
2474 1915 2735 1977 bellum
2771 1916 2978 1994 perti-

504 2022 864 2096 nentibus3
901 2022 1142 2102 itaque
1173 2022 1581 2103 Principum
1611 2024 1831 2101 legati
1870 2022 2159 2102 negotia
2199 2023 2391 2084 nulla
2430 2031 2743 2085 tractare
2786 2032 2978 2102 pote-

503 2137 684 2191 rant.
720 2127 901 2192 Cum
929 2129 1147 2209 igitur
1178 2130 1649 2210 apostolicum
1688 2130 2042 2193 Nuncium
2084 2137 2152 2191 et
2195 2127 2346 2209 ejus
2383 2130 2846 2192 secretarium
2892 2129 2978 2192 de

503 2242 650 2298 toto
681 2236 969 2315 negotio
1008 2235 1383 2317 diligenter
1425 2237 1876 2300 instruxisset
1917 2254 2001 2299 ac
2043 2234 2192 2314 ejus
2232 2236 2749 2315 promotionem
2789 2254 2973 2300 com·

505 2342 939 2422 mendasset,
973 2353 1051 2407 ut
1082 2362 1209 2407 suo
1242 2355 1558 2424 tempore
1588 2354 1657 2408 et
1686 2346 1845 2408 loco
1891 2344 1962 2407 id
2004 2351 2314 2406 tractare
2362 2354 2632 2422 posset,
2686 2343 2975 2407 Triden-

507 2459 655 2512 tum
687 2451 913 2514 rediit.
947 2451 1036 2514 Et
1065 2469 1142 2513 re
1173 2451 1456 2531 quidem
1487 2470 1693 2530 vera,
1738 2469 1900 2515 curn
1930 2451 2001 2513 in
2031 2451 2344 2531 periculo
2380 2467 2643 2529 magno
2670 2451 2973 2531 Impera-

501 2567 613 2619 tor
642 2567 830 2621 esset
859 2559 1288 2621 constitutus
1319 2577 1406 2621 ne
1447 2578 1487 2622 a
1529 2569 1677 2623 tota
1722 2560 2109 2623 Germania
2148 2577 2402 2640 parum
2443 2561 2698 2622 decore
2740 2561 2969 2638 expel—

499 2666 792 2746 leretur,
825 2684 970 2730 non
1001 2674 1395 2747 opportune
1437 2667 1726 2747 negotia
1755 2665 2155 2747 hujusmodi
2194 2684 2359 2730 cum
2396 2684 2480 2731 eo
2514 2667 2810 2732 tractari
2851 2686 2969 2750 po—

497 2774 797 2837 tuissent
831 2772 872 2838 ¹.

624 2882 757 2943 125.
844 2883 1287 2963 Theologum
1316 2883 1692 2963 quemdam
1731 2900 1878 2945 non
1922 2882 2372 2946 mediocriter
2411 2884 2484 2946 in
2521 2883 2970 2964 philosophia

496 2997 565 3051 et
615 2988 685 3051 in
735 2989 889 3070 ipsa
941 2991 1298 3070 theologia
1357 2990 1732 3069 eruditum,
1775 2991 2060 3054 nomine
2089 2991 2555 3054 Franciscum
2587 2991 2963 3070 Marinum,

494 3094 1085 3175 Calagurritanus
1117 3099 1544 3179 EpiscopuS,
1579 3098 1670 3161 ad
1699 3106 1983 3160 nostros
2014 3097 2332 3161 Tridenti
2371 3098 2692 3177 miserat,
2723 3099 2842 3178 qui
2868 3100 2961 3163 ad

495 3201 920 3267 Societatem
953 3222 1352 3285 propensus
1382 3204 1681 3268 Romam
1712 3223 1874 3268 cum
1910 3205 2130 3268 fratre
2161 3205 2624 3267 transmissus
2654 3214 2762 3269 est
2790 3204 2834 3268 ⁹.

617 3310 751 3373 126.
843 3310 1021 3374 Cum
1051 3311 1530 3391 Oenipontum
1552 3329 1803 3374 versus
1832 3312 1966 3375 iter
1995 3311 2262 3375 faceret
2285 3311 2361 3374 P.
2388 3310 2781 3391 Salmeron,
2816 3313 2962 3377 Bri-

490 3416 701 3479 xinae
732 3417 1183 3481 Cardinalem
1217 3418 1707 3482 Tridentinum
1741 3419 2040 3498 invenit3
2075 3419 2187 3481 cui
2220 3436 2381 3482 cum
2412 3419 2736 3483 redderet
2763 3421 2961 3484 itine-

487 3523 588 3585 ris
612 3524 721 3586 sui
746 3526 1116 3605 rationem,
1144 3527 1368 3589 voluit
1394 3526 1508 3588 ille
1536 3525 1622 3587 de
1648 3525 2127 3605 Collegiorum
2151 3526 2471 3589 instituto
2498 3527 2760 3589 certior
2782 3527 2957 3590 fieri.

477 3630 695 3708 Quod
726 3640 962 3695 autem
1002 3632 1140 3696 hac
1182 3634 1267 3695 de
1311 3650 1389 3695 re
1432 3650 1474 3694 a
1514 3631 1591 3695 P.
1637 3631 2049 3716 Salmerone
2096 3633 2404 3713 accepit,
2455 3651 2617 3696 cum
2667 3650 2959 3713 magno·

566 3873 584 3905 ¹
642 3871 914 3927 Polancus,
946 3884 1011 3916 ex
1043 3884 1194 3925 com„
1229 3874 1374 3917 Patri
1410 3873 1676 3927 Alphonso
1706 3872 1977 3917 Salmeron
2011 3879 2067 3916 ut
2101 3885 2194 3926 per
2228 3872 2512 3917 Flandrum
2547 3876 2775 3928 legatum
2812 3883 2959 3920 curet

482 3941 839 3988 Lovanienses
859 3945 1130 3999 adjuvare,
1151 3946 1178 3988 6
1196 3944 1445 3998 Januarii.
1465 3943 1620 3987 Missa
1636 3950 1715 3988 est
1732 3945 1892 3987 etiam
1910 3946 2063 3998 longa
2087 3944 2304 3988 Adriani
2329 3946 2708 3989 Adriaenssens
2726 3947 2792 3990 ad
2813 3947 2962 4001 Igna-

482 4014 612 4058 tium
633 4017 872 4070 epistola,
894 4023 949 4060 ut
972 4028 1088 4060 eam
1108 4016 1433 4060 cancellario
1456 4016 1664 4059 Ruardo
1684 4016 1858 4070 Taper
1879 4016 2151 4069 legendam
2181 4017 2430 4060 traderet.
2457 4018 2638 4062 Eidem
2671 4017 2958 4063 Salmeroni

481 4083 716 4139 Ignatius
736 4088 797 4130 de
818 4088 1097 4131 obtinenda
1121 4088 1450 4142 imperatoris
1470 4087 1622 4131 venia
1658 4087 1723 4130 ad
1759 4086 1991 4141 Collegia
2013 4086 2293 4132 societatis
2326 4090 2374 4132 in
2411 4088 2662 4134 Flandrin
2693 4090 2956 4145 erigenda,

480 4162 538 4199 ut
561 4157 669 4211 ipse
690 4159 890 4202 aliusve
909 4192 919 4211 ,
943 4159 1023 4202 cui
1047 4165 1293 4212 tanquam
1313 4157 1411 4202 sibi
1431 4159 1527 4213 ipsi
1560 4158 1799 4211 confidat,
1827 4157 2168 4212 Oenipontum
2206 4161 2271 4203 ad
2301 4160 2673 4214 Imperatorem
2704 4173 2759 4205 se
2791 4163 2958 4206 conse-

480 4235 583 4281 rat,
604 4229 659 4271 20
677 4228 949 4273 Februarii
970 4237 1023 4273 et
1042 4231 1070 4273 9
1088 4230 1289 4283 Martii;
1311 4230 1477 4274 eidem
1500 4230 1767 4282 PolancuS‚
1791 4230 1853 4273 de
1876 4229 2106 4284 collegio
2125 4229 2464 4284 Lovaniensi‚
2485 4239 2537 4276 et
2558 4239 2614 4276 ut
2637 4233 2956 4278 offerendam

479 4296 789 4353 Imperatori
812 4302 1242 4356 supplicationem
1258 4335 1269 4355 ‚
1286 4303 1439 4356 juxta
1460 4313 1711 4345 summam
1727 4301 1921 4345 Romae
1943 4303 2244 4354 confectam,
2264 4304 2567 4347 concinnent
2590 4305 2683 4358 ipsi
2702 4338 2713 4359 ,
2734 4317 2824 4357 sc..
2847 4305 2958 4349 Sal-

478 4380 658 4415 meron
678 4379 730 4416 et
750 4371 980 4429 Laynez,
1002 4384 1065 4416 ea
1085 4375 1261 4427 lingua
1284 4381 1335 4417 et
1358 4374 1524 4417 forma
1545 4385 1697 4428 quam
1719 4374 1886 4427 magis
1909 4375 2151 4429 expedire
2178 4375 2434 4429 judicent,
2466 4382 2518 4419 et
2553 4377 2618 4420 ad
2652 4387 2767 4420 eam
2795 4378 2953 4421 nitide

478 4443 820 4498 scribendam,
845 4456 1006 4498 opera
1028 4445 1206 4489 fratris
1229 4445 1437 4489 Guerici
1460 4451 1696 4498 utantur,
1715 4446 1769 4488 26
1786 4445 1981 4489 Martii.

562 4516 585 4546 ²
643 4515 881 4569 Ignatius
914 4515 1170 4571 Episcopo
1206 4515 1622 4570 Calagurritano,
1658 4518 1719 4561 de
1753 4517 1973 4571 quodam
2002 4517 2338 4571 Gundisalvo,
2374 4521 2458 4573 qui
2493 4520 2750 4575 Episcopo
2781 4521 2952 4567 suerat

472 4583 775 4642 'famulatus,
796 4589 824 4630 6
842 4587 1103 4642 januar-ih
1136 4588 1407 4641 Polancus,
1434 4600 1503 4632 ex
1523 4600 1673 4640 com„
1693 4590 1873 4633 eadem
1895 4589 1992 4643 die,
2023 4590 2086 4633 de
2117 4592 2295 4635 eodem
2325 4591 2664 4645 Gundisalvo,
2697 4592 2843 4637 Patri
2866 4594 2954 4637 Al-

465 4657 670 4710 phonso
695 4659 990 4713 Salmeron;
1013 4660 1249 4713 Ignatius
1269 4660 1525 4714 Episcopo
1548 4660 1973 4714 Calagurritano,
2004 4662 2066 4705 de
2097 4662 2272 4706 eodem
2294 4663 2614 4708 Gundisalvo
2637 4671 2688 4708 et
2710 4666 2770 4708 de
2792 4665 2953 4721 Magi-

468 4735 586 4772 stro
607 4729 774 4774 Mai-in
795 4737 846 4774 et
868 4731 1005 4786 aliis,
1024 4733 1052 4775 9
1071 4731 1360 4777 Februarii.
