3679 5414
1577 512 1708 570 AN.
1752 509 1893 569 1552
1946 532 1963 551 ³
2005 567 2008 570 ,
2863 507 2968 577 601

498 659 807 723 deberet.
852 658 1046 722 Abiit
1084 658 1236 739 ipse
1277 658 1613 722 Vicarius
1643 657 2062 738 Victoriam,
2107 673 2288 737 quae
2330 655 2570 717 vicina
2607 654 2773 717 huic
2811 671 2971 734 pro-

493 766 778 830 vinciae
808 764 1067 828 civitas
1106 775 1240 842 est,
1283 774 1374 843 et,
1410 781 1575 827 curn
1611 761 2099 827 venerandum
2136 761 2515 843 quemdam
2554 779 2641 824 ac
2682 760 2972 824 doctum

498 873 912 952 religiosum
942 872 1212 935 ordinis
1234 870 1354 934 S.t¹
1386 871 1757 935 Francisci
1778 870 2273 949 consuluisset,
2294 868 2508 932 ‘rediit
2537 867 2629 931 ad
2652 866 2728 930 Ρ.
2753 867 2966 931 Fran·

499 979 769 1042 ciscum
796 986 867 1041 et
896 996 1059 1041 cum
1086 994 1351 1057 magna
1379 978 1773 1042 humilitate
1803 993 2052 1040 coram
2079 975 2156 1039 P.
2190 975 2537 1039 Michaele
2568 974 2817 1038 Ochoa
2847 973 2967 1039 So-

499 1084 741 1148 cietati
769 1103 845 1147 se
875 1093 1103 1148 totum
1132 1085 1452 1165 tradidit;
1486 1084 1908 1165 admisitque
1940 1084 2132 1147 illum
2163 1082 2239 1145 P.
2265 1081 2324 1144 F
2327 1082 2729 1161 ranciscus,
2772 1090 2841 1145 et
2878 1081 2972 1144 ad

498 1192 1070 1255 concionandum
1118 1192 1453 1256 idiomate
1506 1191 1916 1255 cantabrico
1955 1200 2025 1253 et
2075 1189 2560 1254 confessiones
2606 1189 2679 1251 in
2718 1189 2971 1252 eodem

499 1299 888 1363 audiendas
916 1298 1238 1379 perutilis
1267 1300 1639 1380 operarius
1667 1298 1947 1362 futurus
1976 1297 2376 1361 videbatur.

619 1405 757 1469 428.
847 1405 1152 1485 Quidam
1199 1407 1414 1470 etiam
1464 1407 1846 1487 primariae
1898 1405 2288 1469 nobilitatis
2337 1402 2644 1484 Juvenis,
2698 1402 2972 1466 Doctor

503 1511 756 1576 Petrus
787 1512 872 1576 de
900 1512 1207 1593 Lodosa,
1241 1531 1403 1577 cum
1431 1530 1524 1576 ex
1552 1513 1754 1577 Italia
1787 1522 1858 1575 et
1895 1512 2303 1589 Germania,
2350 1511 2470 1574 ubi
2509 1510 2967 1585 militaverat,

501 1619 848 1699 rediisset,
882 1630 954 1683 et
984 1620 1057 1682 in
1086 1620 1567 1685 Universitate
1592 1620 1988 1700 Ognatensi
2024 1619 2280 1682 litteris
2309 1617 2513 1681 daret
2544 1633 2868 1697 operam,
2902 1626 2972 1679 et

500 1742 839 1807 magnam
870 1727 1062 1790 vitae
1103 1728 1566 1791 mutationem
1607 1727 1927 1805 fecisset,
1971 1726 2062 1789 ad
2102 1725 2583 1789 eremitorium
2623 1725 2773 1788 Rae
2812 1723 2968 1787 Vir-

496 1834 651 1911 gmi
680 1833 765 1897 de
810 1832 1191 1898 Aranzazu
1220 1852 1506 1898 sacrum
1549 1852 1625 1898 se
1650 1833 1969 1911 contulit,
2019 1842 2096 1895 ut
2133 1831 2387 1906 melius
2423 1831 2510 1894 de
2549 1840 2742 1894 statu
2779 1830 2972 1893 vitae

498 1957 670 2003 suae
701 1940 1136 2020 decerneret,
1170 1952 1240 2005 et
1269 1940 1610 2005 Societati
1639 1959 1794 2005 sese
1825 1939 2135 2021 adjicere
2165 1930 2507 2016 decrevit,
2552 1948 2620 2002 et
2650 1948 2726 2001 ut
2756 1937 2970 2001 facul·

498 2056 720 2110 tatem
750 2066 794 2110 a
823 2065 953 2110 suo
994 2057 1196 2128 patre
1236 2049 1609 2128 obtineret,
1644 2048 1762 2129 qui
1791 2057 1946 2111 erat
1985 2047 2169 2110 inter
2205 2046 2554 2126 primores
2593 2045 2797 2125 regni
2834 2042 2969 2108 Na·

500 2170 786 2232 varrae,
818 2154 1118 2234 pedibus
1147 2165 1216 2218 et
1253 2173 1381 2236 per
1421 2155 1801 2237 hospitalia
1843 2155 1976 2217 iter
2012 2153 2250 2217 facere
2290 2152 2534 2230 voluit,
2578 2160 2647 2214 et
2690 2152 2971 2214 demum

495 2259 592 2323 ad
621 2258 1048 2325 Societatem
1076 2262 1277 2326 brevi
1307 2262 1537 2326 rediit.
1837 2271 1843 2277 '

619 2365 758 2430 429.
846 2368 1002 2432 Hoc
1034 2369 1282 2433 eodem
1311 2370 1458 2433 fere
1490 2379 1807 2449 tempore
1827 2368 1905 2432 Ρ.
1932 2368 2528 2431 Bartholomaeus
2549 2366 2969 2429 Bustaman-

497 2483 589 2554 te,
625 2475 739 2537 vir
770 2484 1003 2539 aetate
1032 2486 1387 2556 maturuS,
1415 2477 1737 2541 doctrina
1771 2485 1839 2539 et
1868 2474 2249 2555 prudentia
2282 2491 2413 2537 nec
2448 2473 2680 2535 minus
2711 2472 2973 2553 pietate

495 2591 894 2662 praestanS,
917 2599 1078 2646 cum
1099 2581 1476 2647 Societatis
1492 2584 1892 2648 institutum
1918 2582 2273 2662 elegisset,
2294 2579 2385 2642 ad
2401 2579 2478 2643 P.
2506 2579 2974 2642 Franciscum

498 2689 572 2753 in
620 2690 1068 2770 provinciam
1118 2682 1574 2773 Guipuzcoae
1614 2710 1691 2755 se
1730 2689 2053 2769 contulit,
2099 2698 2192 2768 et,
2234 2688 2432 2751 illum
2462 2686 2867 2751 comitando
2900 2687 2972 2750 in

500 2797 1129 2861 exercitationibus
1168 2799 1441 2863 sanctis
1483 2799 1574 2862 ad
1613 2799 2014 2861 animarum
2057 2795 2451 2874 utilitatem,
2495 2811 2702 2857 suum
2740 2794 2971 2857 tiroci—

497 2902 697 2967 nium
728 2903 1074 2985 deposuit.
3054 2889 3061 2895 ’

618 3009 758 3073 430.
847 3010 1171 3076 Habebat
1211 3023 1448 3076 autem
1496 3031 1640 3076 non
1683 3012 2022 3092 exiguam
2065 3025 2371 3073 messem
2407 3009 2526 3071 illo
2568 3008 2640 3070 in
2682 3024 2972 3069 recessu

495 3114 572 3180 P.
619 3116 678 3180 F
681 3117 1049 3182 ranciscus
1083 3136 1245 3182 cum
1274 3129 1344 3183 et
1372 3118 1694 3183 confiteri
1723 3118 2114 3182 volentium
2144 3126 2213 3179 et
2253 3113 2737 3196 spiritualibus
2776 3130 2972 3176 exer·

496 3224 681 3288 citiis
702 3223 944 3304 juvari
981 3227 1493 3306 postulantium
1536 3228 1610 3290 in
1645 3225 2054 3290 eremitorio
2094 3238 2431 3287 numerus
2473 3229 2858 3294 cresceret,
2899 3226 2975 3282 ut

496 3333 899 3412 complures
940 3333 1156 3397 etiam
1195 3344 1361 3398 ante
1397 3333 1796 3416 prandium,
1839 3344 2004 3396 cum
2046 3330 2485 3394 orationibus
2524 3338 2593 3391 et
2622 3326 2973 3391 sacrificio

495 3437 780 3510 Missae„
816 3457 959 3502 non
1013 3441 1353 3520 exiguum
1409 3451 1687 3523 tempus
1746 3419 2219 3520 impenderet,
2281 3435 2768 3500 confessiones
2816 3451 2990 3497 eum.

498 3545 744 3608 audire
802 3557 1194 3628 oporteret;
1264 3549 1594 3613 deserere
1659 3548 2119 3613 nihilominus
2175 3542 2594 3623 aliquandiu
2649 3542 2972 3605 eremito—

499 3652 682 3715 rium
713 3670 1004 3717 necesse
1032 3653 1187 3731 fuit,
1221 3666 1297 3719 ut
1329 3656 1728 3720 Victoriam
1756 3665 1826 3719 et
1853 3654 2206 3729 Bilbaum,
2241 3651 2520 3731 insigne
2544 3649 2974 3713 Cantabriae

498 3759 866 3840 oppidum,
897 3773 1109 3842 prout
1132 3763 1282 3844 jam
1317 3764 1767 3845 promiserat,
1813 3762 2061 3826 adiret.
2097 3758 2506 3840 Assumptis
2535 3773 2710 3836 ergo
2740 3755 2815 3819 Ρ.
2849 3754 2971 3819 Mi·

500 3866 743 3930 chaele
775 3885 862 3930 ac
901 3868 977 3932 Ρ.
1021 3868 1226 3947 Solis,
1271 3871 1596 3935 Parocho
1635 3869 2128 3950 Vergariensi,
2167 3866 2571 3930 Victoriam
2608 3880 2866 3927 versus
2902 3861 2976 3923 12

498 3973 870 4038 Februarii
906 3976 1266 4057 profectus
1303 3987 1433 4057 est,
1483 3997 1568 4042 ac
1606 3978 1678 4042 in
1707 3977 2078 4058 oppidum,
2121 3974 2311 4055 quod
2364 3972 2645 4037 Salinas
2681 3979 2969 4034 vocant.

497 4081 746 4146 eodem
775 4082 887 4147 die
915 4086 1241 4164 pervenit
1263 4086 1394 4149 sub
1423 4102 1821 4166 vesperam.
1852 4085 2061 4148 Mane
2092 4092 2354 4160 autem,
2383 4097 2592 4144 sacro
2616 4080 2975 4142 celebrato

497 4207 583 4251 ac
613 4200 986 4271 praesente
1008 4191 1106 4255 ibi
1129 4194 1416 4273 populo,
1443 4193 1862 4257 concionem
1885 4190 2075 4272 apud
2107 4206 2270 4253 eum
2301 4204 2606 4267 magnae
2651 4186 2975 4249 utilitatis

495 4296 885 4377 spiritualis
907 4297 1177 4364 habuit.
1222 4300 1622 4364 Victoriam
1653 4299 1816 4363 inde
1858 4298 2255 4380 profectuS,
2296 4312 2460 4359 cum
2498 4293 2976 4374 prohibuisset

494 4421 585 4466 ne
637 4404 924 4468 obviam
951 4405 1088 4485 ipsi
1117 4416 1597 4486 occurrerent,
1634 4406 1853 4487 aliqui
1881 4415 2119 4469 tamen
2158 4421 2251 4466 ex
2286 4401 2715 4483 primoribus
2755 4401 2975 4463 eccle·

494 4511 1122 4579 siasticisomnino
1163 4515 1230 4577 ei
1257 4531 1634 4578 occurrere
1657 4515 2067 4590 voluerunt;
2099 4519 2389 4591 praetor
2418 4509 2633 4573 etiam
2662 4517 2733 4570 et
2775 4525 2973 4570 sena·

495 4628 611 4682 tus
634 4636 796 4682 cum
818 4621 1060 4683 multis
1084 4639 1174 4684 ex
1199 4620 1627 4700 primoribus
1652 4620 1744 4684 ad
1775 4619 2260 4683 eremitorium
2282 4634 2506 4698 usque
2535 4614 2624 4678 D.
2649 4614 2972 4698 JoanniS,

492 4744 638 4807 quo
668 4737 1095 4807 pervenerat
1123 4729 1198 4793 Ρ.
1241 4729 1300 4792 F
1303 4730 1696 4805 ranciscuS,
1738 4727 1831 4791 ad
1861 4744 2024 4790 eum
2062 4723 2563 4806 excipiendum
2598 4731 2972 4799 venerunt,
