3679 5414
1613 512 1617 517 ’
1679 474 1807 533 ΑΝ.
1852 474 1993 533 1552
2961 475 3062 567 421

593 632 675 687 et
710 630 1035 703 patentes
1065 621 1341 684 litterae
1381 621 1639 683 missae
1684 630 1759 684 ut
1797 638 2241 701 quocumque
2282 622 2517 700 magis
2555 621 2656 683 eis
2686 621 3069 701 placuisset

617 748 702 793 ex
731 729 933 808 lociS‚
968 728 1086 791 ubi
1114 727 1435 791 Societas
1465 727 1843 806 residebat,
1878 744 1955 790 se
1987 726 2412 790 conferrent.

661 882 668 885 -
719 836 780 898 7.
869 835 1264 914 Collegium
1293 834 1693 897 Romanum
1721 842 1872 897 toto
1904 835 2039 897 hoc
2069 852 2255 897 anno
2286 834 2358 897 in
2388 834 2657 909 latiniS,
2690 835 2972 913 graecis
3001 844 3070 897 et

596 942 947 1006 hebraicis
975 942 1227 1005 litteris
1257 942 1593 1004 docendis
1624 941 2146 1021 occupabatur,
2181 950 2250 1004 et
2282 941 2864 1022 praeceptoribus
2894 941 3069 1004 satis

591 1050 888 1114 eruditis
920 1067 1005 1112 ac
1034 1048 1484 1128 diligentibus
1515 1048 1606 1111 ad
1635 1048 1707 1111 id
1735 1049 2096 1128 utebatur;
2132 1049 2312 1111 inter
2344 1066 2521 1129 quos
2559 1048 2690 1111 fuit
2727 1047 3071 1127 Magister

591 1157 1037 1241 JoachimuS,
1069 1155 1363 1219 Parisiis
1393 1156 1681 1235 missus;
1712 1174 1848 1218 nec
1888 1165 2126 1219 tamen
2164 1154 2535 1218 defuerunt
2575 1154 3070 1218 insolentiores

596 1264 812 1344 aliqui
840 1265 957 1326 vel
986 1263 1461 1342 ludimagistri
1489 1263 1605 1325 vel
1628 1263 2056 1343 paedagogi,
2091 1262 2211 1343 qui
2240 1262 2312 1324 in
2342 1262 2591 1325 schola
2621 1260 2920 1341 Collegii
2947 1279 3067 1341 pu-

595 1372 775 1436 blice
803 1388 966 1433 eum
995 1370 1511 1450 reprehendere
1542 1372 1940 1448 voluerunt,
1977 1379 2047 1432 et
2076 1347 2316 1432 tamen
2345 1378 2596 1432 contra
2628 1369 2979 1432 rationem
3002 1378 3071 1431 et

593 1496 761 1542 cum
810 1477 1234 1541 offendiculo
1284 1495 1427 1539 non
1476 1478 1758 1556 exiguO.
1815 1476 1996 1540 Cum
2039 1486 2278 1540 autem
2326 1494 2441 1540 res
2483 1477 2575 1539 ad
2619 1475 3070 1539 Cardinalem

597 1585 1281 1665 Compostellanum,
1342 1585 1461 1664 qui
1498 1584 2015 1664 protectionem
2051 1583 2259 1664 hujus
2299 1583 2597 1663 Collegii
2634 1591 3065 1663 susceperat,

594 1692 835 1755 delata
893 1700 1104 1771 esset,
1160 1709 1283 1754 eos
1342 1692 1412 1753 in
1470 1709 1834 1754 carcerem
1892 1690 2372 1771 conjiciendos
2423 1691 2721 1771 curavit.
2787 1689 3071 1753 Accidit

598 1799 812 1863 etiam
841 1799 911 1862 in
941 1799 1191 1877 eadem
1219 1798 1663 1861 hebdomada
1696 1807 1792 1878 ut,
1828 1816 1992 1862 cum
2022 1800 2161 1863 duo
2193 1798 2679 1861 adolescentes
2704 1815 2747 1859 a
2771 1806 3070 1878 paterna

589 1906 805 1969 domo
835 1906 1320 1983 recessissent,
1354 1914 1621 1968 matres
1650 1923 1928 1984 eorum,
1965 1916 2279 1986 tempore
2309 1905 2689 1968 Missarum
2727 1903 2823 1966 ad
2847 1906 3068 1967 eccle-

600 2014 782 2077 siam
829 2024 1151 2076 nostram
1192 2012 1592 2092 venienteS,
1629 2013 1867 2076 omnia
1905 2013 2212 2092 querelis
2251 2021 2319 2076 et
2360 2012 2788 2076 clamoribus
2827 2012 3067 2090 imple·

604 2130 882 2199 verunt,
917 2130 987 2184 et
1015 2120 1454 2183 tantumdem
1484 2121 1556 2182 in
1586 2119 1903 2199 Collegio
1933 2120 2305 2200 utrobique
2339 2138 2499 2182 cum
2523 2119 2946 2183 offendiculo
2976 2119 3067 2182 ef·

602 2228 944 2307 fecerunt,
980 2228 1195 2291 immo
1225 2236 1292 2289 et
1335 2227 1407 2289 in
1438 2227 1909 2307 quorumdam
1949 2226 2433 2290 Cardinalium
2472 2227 2814 2290 domibus
2865 2225 3068 2290 Dice-

605 2335 776 2398 bant
806 2334 1200 2413 Collegium
1237 2352 1278 2396 a
1315 2334 1580 2398 nostris
1622 2351 1778 2397 esse
1830 2334 2100 2397 Romae
2138 2334 2536 2397 institutum
2574 2343 2652 2397 ut
2690 2332 3069 2397 filiosfami-

605 2443 738 2505 lias
769 2442 860 2505 ad
887 2460 1018 2504 nos
1048 2442 1523 2520 alliceremus,
1557 2442 1703 2517 vel,
1737 2451 1814 2504 ut
1838 2442 2155 2521 ipsarum
2185 2440 2535 2504 vocabulo
2558 2451 2750 2520 utar,
2777 2440 3069 2521 praeda-

602 2567 877 2630 remur;
930 2558 1000 2611 et
1048 2558 1286 2611 tamen
1325 2557 1572 2612 neuter
1610 2549 1892 2612 illorum
1942 2549 2501 2624 adolescentum,
2555 2556 2843 2628 propter
2894 2565 3072 2628 quos

604 2665 760 2720 orta
813 2665 920 2720 est
968 2664 1395 2736 tempestaS,
1449 2674 1580 2720 nec
1632 2654 1919 2719 domum
1968 2674 2100 2719 nec
2154 2656 2224 2719 in
2274 2654 2666 2735 Collegium
2722 2655 3074 2719 admissus

603 2762 854 2826 suerat.

719 2869 779 2933 8.
867 2871 997 2934 His
1027 2879 1423 2933 commotus
1453 2870 1528 2933 P.
1563 2871 1885 2950 Ignatius
1908 2871 2124 2934 scribi
2155 2872 2245 2935 ad
2267 2873 2474 2936 varia
2496 2870 2873 2936 Societatis
2905 2872 3069 2934 loca

596 2975 803 3055 Jussit
833 2986 909 3040 ut
935 2978 1205 3041 nullum
1247 2996 1338 3040 ex
1375 2976 1819 3041 auditoribus
1860 2987 2270 3042 nostrarum
2307 2981 2712 3042 scholarum
2754 2960 2905 3041 sine
2951 2994 3066 3057 pa-

597 3095 877 3148 rentum
924 3102 1277 3148 consensu
1347 3086 1570 3147 nostri
1636 3085 2125 3165 admitterent3
2188 3087 2354 3167 quia
2412 3084 2642 3165 majus
2700 3093 2887 3147 esset
2953 3083 3070 3146 da-

599 3209 839 3255 mnum
869 3192 1057 3271 quod
1087 3211 1177 3255 ex
1207 3193 1677 3255 commotione
1718 3202 1787 3255 et
1818 3194 2243 3256 alienatione
2272 3203 2648 3273 parentum
2688 3208 2901 3272 quam
2929 3189 3069 3253 fru-

595 3308 757 3362 ctus
787 3299 904 3379 qui
934 3317 1024 3362 ex
1052 3299 1485 3362 admissione
1525 3299 1830 3362 filiorum
1872 3310 2313 3380 sequeretur,
2357 3301 2600 3363 habita
2638 3298 3068 3362 universalis

601 3405 765 3468 boni
796 3407 1093 3485 ratione;
1128 3424 1258 3469 nec
1292 3406 1470 3469 alios
1499 3397 2146 3470 modos'defuturos
2177 3423 2332 3470 esse
2362 3406 2452 3469 ad
2490 3407 2679 3468 bona
2717 3404 3069 3467 desideria

603 3528 881 3592 eorum,
915 3514 1033 3593 qui
1065 3512 1156 3576 ad
1184 3523 1507 3575 nostrum
1551 3513 1952 3576 institutum
1982 3522 2444 3591 vocarentur,
2481 3511 2859 3593 explenda,
2910 3529 3071 3574 cum

604 3619 696 3682 ad
725 3619 864 3682 alia
892 3618 1270 3683 Societatis
1299 3620 1457 3682 loca
1490 3620 1590 3682 illi
1618 3638 1692 3682 se
1724 3630 2014 3700 possent
2044 3620 2386 3683 conferre.
2422 3620 2692 3682 Monuit
2722 3617 2938 3680 etiam
2966 3626 3065 3696 ut,

605 3726 979 3806 siquando
1011 3725 1485 3806 ludimagistri
1527 3736 1811 3789 nostros
1850 3736 2353 3807 praeceptores
2393 3735 2469 3789 ut
2515 3727 2927 3805 ignorantes
2965 3741 3067 3786 re-

606 3833 1143 3914 prehenderent,
1174 3833 1272 3896 illi
1295 3851 1455 3896 cum
1485 3833 1878 3897 humilitate
1902 3834 2409 3914 responderent
2439 3852 2514 3897 se
2548 3832 2831 3913 quidem
2863 3832 3070 3912 plura

606 3941 938 4020 ignorare
968 3958 1183 4020 quam
1211 3942 1497 4022 vellent,
1531 3942 1657 4005 sed
1689 3950 1927 4004 tamen
1957 3940 2110 4004 Deo
2142 3950 2210 4004 et
2239 3941 2583 4021 proximis
2613 3958 2688 4002 se
2719 3939 3068 4002 inservire

600 4063 764 4110 cum
795 4048 913 4110 illo
943 4048 1204 4127 exiguo
1234 4050 1532 4127 talento,
1577 4049 1763 4128 quod
1800 4065 2118 4110 summus
2157 4046 2663 4128 paterfamilias
2702 4046 2804 4109 eis
2848 4045 3064 4109 credi·

603 4152 841 4233 disset,
888 4163 958 4216 et
1001 4154 1283 4218 demum
1323 4163 1396 4218 ut
1440 4156 1785 4218 modestia
1827 4155 2279 4219 insolentiam
2318 4154 2603 4217 vincere
2647 4154 3061 4217 niterentur.

598 4258 986 4326 Crescebat
1035 4271 1274 4325 autem
1312 4262 1907 4325 scholasticorum
1956 4271 2414 4325 externorum
2452 4261 2523 4323 in
2563 4260 2827 4323 nostris
2865 4261 3062 4323 scho-

598 4368 687 4431 lis
715 4385 1051 4432 numerus
1081 4377 1150 4431 et
1174 4367 1323 4449 jam
1351 4368 1441 4431 ad
1472 4378 1826 4433 trecentos
1867 4368 2303 4433 accedebant
2338 4367 2380 4427 ¹.

720 4475 781 4539 9.
867 4476 1022 4539 Hoc
1047 4494 1234 4539 anno
1257 4477 1523 4540 Romae
1548 4476 1942 4557 Collegium
1968 4475 2469 4540 Germanicum
2500 4476 2773 4539 initium
2796 4474 3058 4552 habuit,

607 4630 784 4639 —q—-—
806 4633 852 4640 ..ἶ

686 4714 699 4734 “
757 4711 941 4757 Missae
964 4721 1082 4758 sunt
1104 4715 1201 4758 hac
1223 4716 1433 4760 litterae
1454 4717 1508 4758 23
1526 4715 1774 4767 januarii.
