3679 5414
1610 495 1733 553 ΑΝ.
1781 495 1921 553 1552
2349 534 2357 541 ·
2891 496 2995 553 491

530 658 692 703 rum
719 638 851 702 fuit
881 638 1186 702 uberior.
1223 638 1405 702 Nam
1432 649 1717 718 praeter
1736 647 2142 701 nostrorum
2176 638 2245 701 in
2286 639 2538 702 litteris
2577 637 3006 719 profectum,

530 747 758 810 crevit
807 754 1267 809 externorum
1319 746 1911 809 scholasticorum
1960 764 2329 824 numeruS,
2371 757 2441 809 et
2482 747 2572 809 ad
2618 756 2899 809 centum
2929 756 2999 808 et

533 854 1049 934 quinquaginta
1087 854 1448 933 pervenit;
1496 853 1615 931 qui
1666 863 1902 915 autem
1945 853 2411 932 accedebant,
2449 855 2705 916 mirum
2735 861 2999 932 quanta

533 961 928 1025 studiorum
950 960 1324 1023 commoda
1353 959 1835 1039 reportabant.
1872 959 2181 1040 Ipsimet,
2217 971 2339 1023 aut
2374 970 2705 1040 parentes
2728 977 3005 1038 eorum,

535 1067 839 1131 triennio
871 1076 939 1129 et
970 1065 1437 1146 quadriennio
1472 1067 1544 1128 in
1573 1066 1836 1129 scholis
1867 1068 2024 1130 aliis
2055 1068 2220 1130 trito
2251 1067 2483 1130 minus
2513 1085 2589 1130 se
2612 1084 2832 1147 quam
2861 1084 3015 1129 uno-

533 1192 722 1237 anno
761 1173 1146 1254 profecisse
1188 1174 1260 1235 in
1309 1173 1444 1236 hoc
1485 1172 1804 1253 Collegio
1854 1173 2329 1253 affirmabant,
2374 1175 2560 1255 quod
2599 1175 2690 1236 ad
2732 1173 3015 1237 litteras

536 1283 809 1361 attinet3
857 1280 981 1343 sed
1033 1281 1103 1342 in
1155 1281 1418 1361 pietate
1471 1298 1555 1343 ac
1602 1281 1913 1344 moribus
1966 1283 2183 1344 multo
2221 1280 2528 1361 majores
2579 1298 3015 1362 progressus

537 1406 751 1467 quam
780 1388 853 1450 in
880 1388 1133 1450 litteris
1163 1387 1520 1473 fecerunt3
1556 1389 1734 1451 adeo
1773 1406 2079 1468 namque
2110 1389 2425 1451 nonnulli
2463 1389 2895 1468 flagrabant,
2930 1397 3006 1450 ut

535 1494 749 1557 etiam
792 1493 1210 1574 judaeorum
1262 1493 1464 1573 filios,
1521 1494 1638 1573 qui
1681 1494 2057 1558 Ferrariae
2104 1496 2543 1574 habitabant,
2601 1496 2691 1558 ad
2741 1495 3004 1559 Christi

538 1601 744 1663 fidem
774 1602 1299 1680 suscipiendam
1329 1602 1785 1665 hortarentur
1808 1613 1877 1665 et
1902 1603 1992 1665 ad
2024 1614 2306 1666 nostros
2336 1604 2791 1698 adducerent;
2827 1603 3004 1665 adeo

537 1708 762 1771 sacris
812 1708 1295 1789 concionibuS,
1347 1710 1771 1773 lectionibus
1822 1719 1890 1773 et
1941 1711 2312 1773 sacrificiis
2362 1710 2581 1773 dediti
2634 1719 2701 1773 et
2753 1709 3003 1773 Sacra-

538 1824 775 1878 mento
814 1802 1278 1879 confessionis
1318 1827 1386 1879 et
1438 1818 1985 1896 communionis,
2041 1835 2204 1880 cum
2241 1835 2365 1898 per
2413 1826 2720 1880 aetatem
2768 1816 3006 1880 idonei

543 1931 728 1999 sunt,
760 1931 837 1984 ut
869 1924 1077 2000 plane
1101 1940 1241 1985 uno
1266 1941 1453 1986 anno
1485 1923 1714 1986 renati
1744 1934 1812 1986 et
1843 1924 1916 1986 in
1947 1923 2127 1986 alios
2155 1925 2406 1987 mutati
2436 1933 2880 1987 censeantur.

667 2028 799 2092 184.
890 2028 1064 2091 Illud
1104 2048 1323 2093 unum
1362 2031 1789 2094 incommodi
1835 2032 1909 2093 in
1952 2030 2086 2095 hac
2126 2041 2327 2112 parte
2359 2032 2585 2094 nostri
2615 2031 3016 2094 sentiebant

542 2137 728 2216 quod
760 2136 994 2199 timeri
1023 2147 1303 2217 poterat
1332 2155 1422 2201 ne
1463 2139 1777 2218 ipsorum
1806 2148 2140 2218 parentes
2168 2140 2460 2201 moleste
2490 2138 2778 2216 ferrent,
2824 2138 3010 2218 quod

541 2261 788 2306 eorum
816 2243 1014 2306 multi
1046 2245 1136 2306 ad
1177 2245 1602 2324 religionem
1640 2245 2133 2326 adspirabant,
2168 2255 2235 2308 et
2268 2262 2429 2308 cum
2468 2245 2540 2308 in
2584 2245 3016 2310 Societatem

539 2360 860 2414 nostram
890 2368 1035 2413 non
1066 2352 1628 2432 admitterentur,
1664 2353 1851 2432 quod
1883 2354 1998 2415 vel
2029 2362 2228 2415 aetas
2258 2354 2488 2415 minus
2520 2363 2764 2416 tenera
2795 2361 3013 2431 esset,

536 2459 654 2521 vel
684 2458 988 2521 eruditio
1021 2457 1247 2539 major
1278 2459 1822 2539 desideraretur,
1858 2460 1948 2522 ad
1979 2461 2157 2523 alias
2186 2479 2262 2523 se
2296 2460 2677 2540 religiones
2708 2441 3001 2537 conver-

540 2564 802 2643 tebant,
836 2574 904 2627 et
934 2565 1008 2627 in
1038 2566 1467 2629 monasterio
1492 2565 1616 2629 Sti.
1647 2566 1937 2645 Georgii
1961 2567 2095 2629 hoc
2119 2585 2305 2629 anno
2330 2568 2573 2629 decem
2604 2568 2717 2629 vel
2750 2567 3007 2630 duode-

489 2675 494 2678 “
543 2672 682 2735 cim
712 2671 1004 2736 admissi
1034 2672 1337 2754 fuerunt,
1372 2683 1442 2737 et
1472 2675 1802 2738 monachi
1833 2692 1976 2738 non
2003 2692 2256 2755 parurn
2284 2675 2725 2764 mirabantur
2760 2676 2832 2739 in
2863 2685 3009 2739 tam

543 2789 789 2842 tenera
820 2790 1054 2843 aetate
1086 2790 1455 2861 tantopere
1485 2782 1809 2861 spiritum
1837 2782 2124 2845 Domini
2153 2785 2469 2846 relucere
2501 2793 2569 2846 et
2612 2783 2870 2847 bonam
2909 2784 3005 2846 in·

539 2884 975 2949 stitutionem
1018 2896 1161 2950 tam
1203 2888 1446 2951 intime
1487 2889 1575 2951 ab
1614 2889 1716 2951 eis
1756 2898 2166 2969 perceptam
2205 2907 2383 2952 esse.
2437 2889 2826 2954 Numerum
2863 2890 3013 2970 jam

540 2992 811 3055 dictum
854 3003 1259 3074 superasset
1300 2995 1692 3074 multitud0,
1743 2996 1882 3059 nisi
1932 2997 2068 3059 loci
2119 2998 2451 3075 angustia
2489 2997 2759 3059 exclusi
2800 2998 2998 3059 multi

540 3099 863 3178 fuissent;
897 3102 1223 3181 quamvis
1253 3103 1507 3165 domus
1536 3103 1887 3182 quaedam
1914 3112 2201 3166 nostrae
2250 3104 2324 3166 in
2363 3122 2568 3167 usum
2599 3105 3002 3166 scholarum

544 3206 880 3287 adjuncta
912 3217 1017 3270 est
1052 3206 1093 3267 ¹.

671 3314 802 3377 185.
891 3313 1083 3378 Satis
1123 3316 1324 3403 multi
1364 3317 1560 3407 inter⁸
1595 3335 1715 3379 eos
1752 3334 1893 3379 non
1935 3319 2160 3380 solum
2203 3318 2420 3380 animi
2459 3317 2585 3379 sed
2624 3327 2693 3379 et
2723 3319 3016 3396 generis

538 3421 906 3484 nobilitate
938 3422 1241 3502 praediti
1263 3433 1487 3504 erant;
1514 3424 1767 3486 horum
1797 3425 2333 3504 probatissimos
2364 3426 2637 3504 aliquos
2668 3434 2735 3487 et
2765 3443 3007 3488 morae

541 3529 996 3609 impatientes
1025 3531 1097 3592 in
1122 3529 1549 3594 Societatem
1580 3550 1781 3595 suam
1812 3533 2037 3595 nostri
2060 3533 2521 3595 ferrarienses
2546 3532 3009 3595 admiserunt.

537 3635 726 3699 Inter
747 3636 878 3699 hos
912 3637 1199 3717 quidam
1230 3639 1775 3702 novocomensis
1807 3657 1897 3702 ex
1926 3639 2332 3718 Valtellina,
2364 3639 2647 3701 nomine
2680 3639 3017 3718 Michael,

541 3743 893 3806 admissus
938 3755 1079 3823 est,
1126 3754 1194 3807 et
1232 3745 1444 3824 paulo
1484 3756 1664 3826 post,
1710 3763 1872 3808 cum
1902 3745 2052 3825 ejus
2091 3755 2159 3809 et
2203 3747 2575 3824 integritas
2604 3755 2673 3808 et
2708 3746 3017 3809 eruditio

540 3851 983 3930 probaretur,
1039 3862 1107 3914 et
1157 3862 1330 3915 vota
1381 3852 1754 3916 Societatis
1804 3854 2154 3933 simplicia
2211 3854 2590 3933 emisisset,
2654 3854 3013 3917 secundae

541 3958 756 4020 classi
788 3959 1192 4038 praefectus
1235 3969 1363 4022 est.
1399 3959 1467 4021 Is
1505 3970 1788 4039 praeter
1827 3961 2119 4023 latinam
2167 3962 2508 4040 linguam,
2562 3977 2903 4040 graecam
2946 3972 3017 4023 et

542 4064 977 4145 hebraicam,
1015 4067 1461 4130 chaldaicam
1491 4077 1701 4147 atque
1732 4068 2094 4130 arabicam
2123 4086 2267 4131 non
2311 4069 2718 4148 ignorabat,
2773 4078 2841 4131 et
2887 4087 3004 4130 an·

499 4184 504 4187 ·
542 4189 672 4234 nos
711 4174 1057 4253 plurimos
1105 4175 1176 4237 in
1218 4175 1707 4255 philosophiae
1746 4176 1980 4238 studio
2022 4184 2581 4256 consumpserat.
2627 4177 3012 4239 Admissus

542 4288 611 4341 et
642 4281 984 4359 magister
1013 4281 1470 4356 LaurentiuS,
1505 4282 1701 4345 faber
1730 4284 2251 4346 caementarius
2281 4284 2636 4362 egregiuS,
2673 4294 2740 4346 et
2772 4282 3011 4345 statim

542 4385 843 4449 Romam
871 4389 1156 4466 missuS,
1201 4386 1401 4468 cujus
1431 4389 1663 4452 virtus
1703 4399 2074 4470 tantopere
2113 4390 2188 4452 P.
2231 4391 2509 4469 Ignatio
2549 4391 3011 4470 probabatur,

633 4591 647 4623 ¹
711 4590 966 4635 Polancus
986 4624 995 4645 ,
1034 4604 1099 4634 ex
1135 4604 1293 4644 com„
1325 4593 1508 4646 Joanni
1545 4594 1852 4649 Pelletario,
1889 4596 1931 4639 si
1968 4596 2171 4650 quando
2212 4596 2272 4639 de
2295 4602 2465 4639 status
2503 4596 2735 4650 religiosi
2775 4596 3023 4640 laudibus

543 4673 718 4706 coram
741 4664 914 4716 pueris
936 4663 981 4707 ei
1012 4665 1079 4707 sit
1103 4665 1473 4719 disserendum,
1496 4677 1558 4709 ne
1580 4667 1921 4711 obliviscatur
1943 4678 2028 4710 eos
2050 4678 2255 4711 monere
2286 4667 2435 4709 laude
2471 4668 2631 4711 etiam
2662 4668 2873 4722 dignum
2898 4679 3019 4711 esse

545 4731 594 4775 in
616 4744 671 4776 re
695 4736 827 4778 tanti
846 4737 1090 4779 momenti
1115 4744 1320 4780 maturo
1341 4749 1456 4781 cum
1478 4739 1689 4782 consilio
1707 4746 1757 4783 et
1778 4751 1879 4782 non
1900 4747 2094 4783 temere
2115 4746 2206 4783 aut
2227 4750 2575 4794 praepropere
2598 4751 2772 4794 agere,
2795 4741 2843 4783 21
2868 4739 3012 4785 Maii.
