3679 5414
1631 497 1758 558 ΑΝ.
1802 497 1932 557 1551
2061 512 2070 522 “
2902 496 3014 560 323

537 642 684 706 dis.
733 642 814 705 In
861 643 1343 722 spiritualibus
1382 642 1738 710 exercitiis
1786 643 1987 706 multi
2039 652 2107 706 et
2148 643 2538 723 praeclaris
2577 643 2882 721 ingeniis
2923 661 3010 706 ac

545 750 835 816 dotibus
862 750 1165 830 praediti
1190 750 1611 816 'scholastici
1639 750 1903 814 exculti
1930 749 2242 829 suerunt,
2278 768 2368 813 ex
2406 750 2657 829 quibus
2696 750 3014 816 nonnulli

546 858 624 920 in
663 856 1089 921 Societatem
1129 857 1655 930 admissi'sunt,
1700 856 1820 923 alii
1863 865 2152 938 propter
2195 857 2564 935 angustias
2603 858 2827 922 nostri
2858 857 3013 947 Col-

550 965 720 1045 legii
748 966 820 1027 in
849 965 1284 1044 habitatione
1315 982 1400 1028 ac
1421 965 1631 1028 rebus
1653 964 2543 1046 temporalibusfquamvis
2573 963 2664 1027 ad
2692 973 3014 1048 nostrum

553 1072 951 1135 institutum
993 1073 1290 1136 fuissent
1332 1073 1697 1153 propensi,
1734 1072 1823 1135 ad
1857 1073 2035 1135 alias
2064 1081 2301 1141 tamen
2330 1071 2709 1151 religiones
2746 1088 2822 1133 se
2851 1089 3014 1140 con-

547 1180 884 1262 tulerunt.
933 1178 1122 1242 Inter
1150 1179 1501 1244 admissos
1543 1189 1689 1243 tres
1727 1180 2137 1243 sacerdotes
2168 1178 2489 1257 suerunt,
2535 1196 2833 1259 quorum
2876 1178 3018 1242 duo

555 1286 956 1366 theologiae
1006 1303 1293 1350 cursum
1332 1287 1422 1350 ad
1472 1286 1695 1354 finem·
1728 1286 2248 1367 perduxerant,
2303 1287 2555 1350 tertius
2595 1295 2742 1349 tres
2790 1304 3018 1356 annos

548 1393 956 1471 theologiae
1005 1391 1296 1476 dederat
1349 1410 1661 1473 operam.
1714 1393 1823 1455 Ex
1874 1393 1983 1456 his
2032 1392 2173 1455 duo
2216 1393 2491 1473 publice
2537 1392 3016 1461 Salmanticae

544 1500 1191 1563 concionabantur:
1237 1500 1440 1564 Alius
1477 1499 1690 1563 etiam
1729 1500 2134 1579 Collegialis
2174 1500 2495 1580 primarii
2534 1500 2830 1579 Collegii
2867 1498 3015 1563 Sal-

490 1596 496 1602 ’
548 1607 1013 1671 -manticensis
1051 1617 1234 1686 erat,
1290 1608 1411 1687 qui
1458 1607 1946 1687 philosophiae
1979 1621 2247 1671 ‘cursus
2297 1617 2451 1670 erat
2502 1624 2853 1670 emensus.
2906 1609 3015 1671 Li-

546 1714 918 1777 cenciatus
956 1716 1169 1778 etiam
1205 1713 1276 1777 in
1320 1714 1704 1790 medicina,
1751 1714 2097 1786 Martinus
2131 1715 2542 1793 ‚Gutierrez,
2587 1714 3019 1793 theologiam

552 1821 691 1883 hoc
738 1822 894 1902 ipso
945 1840 1163 1900 ann0,
1205 1831 1583 1902 postquam
1631 1820 2060 1885 Societatem
2089 1822 2465 1901 'ingressus
2505 1829 2727 1899 esset,
2775 1821 3020 1894 audire

546 1929 790 2009 coepit
825 1926 865 1992 ¹.
1689 1940 1695 1947 ·
1907 1943 1908 1946 ’
2193 1991 2197 1995 Α

675 2035 817 2099 322.
906 2036 1052 2100 Nec
1105 2037 1397 2100 deerant
1447 2036 1637 2100 dorni
1686 2036 2420 2118 praeter·spirituales
2479 2035 2690 2098 etiam
2747 2035 3019 2099 schola·

552 2143 778 2207 sticae
811 2144 1406 2222 concertationes;
1430 2155 1614 2208 'nam
1647 2145 2143 2225 disputationis
2172 2143 2407 2224 gratia
2437 2129 2739 2222 singulis
2761 2142 3019 2222 hebdo-

557 2250 790 2337 madis
821 2251 1076 2330 aliquis
1105 2251 1491 2329 positiones
1520 2252 1941 2329 sustinebat,
1975 2260 2224 2313 contra
2255 2267 2462 2330 quern
2502 2249 2753 2328 reliqui
2784 2249 3019 2330 dispu-

558 2358 811 2421 tabant
839 2356 885 2421 2.
1075 2370 1079 2374 ’
1282 2423 1287 2424 ff
1776 2370 1783 2378 '
1926 2418 1936 2429 .
2807 2424 2817 2429 -

682 2464 823 2527 323.
914 2464 991 2527 Ρ.
1024 2464 1295 2528 Doctor
1322 2465 1582 2532 Torres
1612 2466 1745 2528 hac
1776 2455 2323 2545 quadragesima
2362 2466 2436 2532 in
2466 2464 3019 2544 ‘parochialiec-

557 2572 785 2634 clesia
817 2570 1338 2636 Sti.'Benedicti
1368 2573 1829 2640 concionatus
1858 2581 1962 2634 est
1981 2583 2001 2649 ,“
2029 2571 2148 2634 ubi
2177 2571 2376 2634 multi
2404 2571 2675 2633 nobiles
2712 2579 2781 2634 et
2817 2551 3022 2643 >scho-

565 2679 795 2742 lastici
824 2697 983 2744 eum
1016 2680 1394 2743 audiebant
1436 2688 1505 2742 et
1524 2680 1634 2743 ‘ad
1670 2678 1990 2759 singulas
2020 2679 2401 2759 conciones
2431 2678 2860 2744 auditorium
2889 2677 3022 2743 sre-

561 2787 898 2866 quentius
940 2786 1390 2863 reddebatur,
1433 2797 1501 2850 et
1540 2785 2003 2856 attentissime
2043 2803 2204 2857 eum
2243 2783 2651 2862 audiebant;
2693 2795 2855 2866 post
2895 2785 3023 2849 Pa·
3104 2792 3108 2797 ’

566 2893 740 2956 scha
804 2910 977 2956 vero
1036 2894 1379 2973 parochia
1445 2894 1534 2956 D.
1596 2894 1916 2971 Martini,
1978 2907 2159 2973 quae
2216 2893 2399 2957 inter
2457 2902 2781 2956 caeteras
2838 2893 3025 2963 illius

566 3000 761 3063 urbis
789 3000 1173 3081 praecipua
1202 3010 1341 3078 est,
1375 3018 1580 3063 suum
1610 3010 2027 3081 suggestum
2056 3001 2155 3063 illi
2186 3002 2463 3081 obtulit,
2498 3001 2924 3081 rogavitque
2948 3009 3026 3064 ut

564 3107 1015 3187 provinciam
1043 3108 1242 3170 verbi
1271 3107 1406 3171 Dei
1436 3108 1878 3188 proponendi
1906 3107 2210 3187 apudse
2249 3108 2638 3188 susciperet
2661 3108 2907 3187 ,·quod
2936 3125 3024 3170 ex

568 3214 723 3294 ejus
757 3214 1081 3277 doctrina
1120 3216 1416 3278 multum
1455 3215 1779 3278 utilitatis
1824 3216 2223 3279 animarum
2262 3215 2595 3296 sperabat
2635 3225 2703 3277 et
2739 3214 3036 3299 divinae,
3100 3272 3106 3278 .

566 3302 843 3401 gloriae
880 3330 1392 3400 ¹augmentum3
1455 3333 1779 3402 quorum⁷
1810 3324 1971 3402 piae
2025 3322 2360 3403 petitioni·
2411 3339 2555 3384 non
2600 3321 3030 3407 refragatus

571 3438 699 3508 est,
733 3439 804 3493 et
827 3447 989 3492 cum
1016 3428 1405 3492 eruditione
1436 3445 1521 3492 ac
1550 3429 1832 3492 fervore
1863 3438 2126 3508 magno
2157 3428 2225 3493 id
2263 3446 2518 3493 munus
2558 3429 2757 3493 obire
2797 3447 3030 3511 perre-

573 3536 699 3599 xit.
734 3536 911 3611 Cum
942 3546 1181 3600 autem
1203 3535 1273 3598 in
1298 3535 1545 3599 eadem
1576 3536 1877 3599 ecclesia
1907 3536 2373 3615 quorumdam
2393 3536 2783 3616 primorum
2812 3536 3028 3599 homi·

570 3659 740 3705 nuni
791 3643 1107 3706 instituta
1161 3652 1373 3706 esset·
1399 3642 1948 3713 confraternitas
1987 3643 2078 3705 ad
2116 3643 2385 3722 puellas
2436 3660 2521 3705 ac
2558 3642 3031 3729 virginespa·

576 3750 890 3813 rentibus
939 3750 1311 3821 destitutas
1355 3748 1428 3812 in
1465 3750 1917 3813 matrimonio
1969 3749 2454 3828 collocandas‚·
2501 3749 2733 3829 ipsum
2773 3749 3032 3812 Docto·

571 3872 748 3920 rem·
775 3856 1198 3921 Torrensem
1234 3855 1468 3945 eidem
1504 3855 1793 3937 praefici
1832 3867 1903 3920 et
1952 3856 2188 3920 omnia
2225 3856 2448 3937 ipsius
2486 3856 2781 3929 consilio
2823 3857 3035 3937 dirigi

574 3964 979 4043 cupierunt,
1013 3972 1090 4035 ut
1119 3963 1359 4026 versic
1390 3963 1620 4041 magis
1650 3962 1906 4025 civitas
1936 3964 2368 4026 excitaretur
2397 3963 2488 4026 ad
2535 3980 2713 4050 opus
2757 3982 2847 4027 ex
2885 3964 3037 4046 ejus

570 4070 1046 4150 eleemosynis
1076 4054 1638 4153 promovendum
1667 4067 1856 4149 quod
1886 4068 1974 4132 D.
2008 4069 2383 4135 Torrensis
2412 4069 2813 4150 huiusmodi
2845 4072 3038 4135 insti-

662 4380 679 4412 ¹
739 4379 1017 4433 Polancus,
1051 4392 1116 4424 ex
1150 4392 1309 4434 com„
1329 4380 1474 4425 Patri
1495 4371 1732 4429 MIchaeli
1755 4370 1816 4424 de
1836 4374 2051 4434 Tei-res,
2082 4380 2142 4423 de
2174 4380 2427 4425 fructibus
2463 4380 2731 4439 cujusdam
2759 4360 2990 4428 beneficii
3013 4396 3044 4439 φ

573 4449 845 4494 cardinali
866 4452 1134 4505 Bangensi.
1156 4460 1313 4496 antea
1335 4452 1619 4506 Cauriensi,
1642 4452 1872 4506 collegio
1894 4450 2216 4495 Salmantino
2238 4452 2508 4507 adscripti,
2535 4452 2768 4505 l'Martik
2791 4438 2971 4509 eldeln,
2988 4463 3046 4500 ut

583 4512 819 4574 Romam,
837 4520 964 4576 quos
984 4510 1130 4573 velit.
1152 4512 1502 4571 salmanticae
1522 4525 1773 4568 admissos
1791 4511 2179 4567 et‘exercitatos
2199 4523 2398 4576 mittat.
2418 4524 2439 4571 1
2464 4522 2605 4577 Maii.
2626 4565 2633 4572 ,

662 4594 685 4624 ²
740 4594 989 4644 Polaticus
1004 4606 1103 4648 „ex
1122 4607 1251 4641 com.
1265 4628 1281 4648 ,
1302 4595 1446 4640 Patri
1468 4595 1707 4640 Michaen
1729 4597 1789 4640 de
1810 4595 2001 4639 Torres
2016 4628 2027 4647 ,
2060 4594 2121 4639 de
2151 4594 2492 4647 inscribendle
2512 4596 2702 4641 nostris
2721 4588 3049 4646 schohsfflis

579 4670 637 4707 et
658 4666 922 4731 magistris
942 4666 993 4709 in
1013 4665 1389 4710 Universitatis
1410 4668 1527 4731 albo
1549 4666 1900 4720 (matricula),
1938 4674 1992 4710 ut
2024 4667 2143 4721 quid
2177 4667 2227 4710 in
2261 4678 2324 4710 eo
2352 4667 2420 4713 sit
2451 4664 2699 4721 commodi
2722 4654 2842 4723 quid
2860 4658 3049 4713 mem-

577 4735 721 4779 modi
741 4737 981 4794 distjncte
1003 4738 1244 4793 explicet,
1268 4737 1319 4783 17
1338 4737 1528 4783 Martii.
