3679 5414
746 454 816 512 64
1667 449 1923 510 Cimon.
1965 449 2119 509 Soc.
2160 451 2300 523 Jas.

880 596 1013 658 140.
1103 597 1178 658 In
1209 595 1360 676 ejus
1399 596 1632 658 locum
1671 596 1746 659 P.
1789 595 2119 659 Andreas
2158 596 2618 660 Galvanellus
2656 596 2953 660 Patavio
2998 599 3216 667 venit,

750 703 1039 786 ejusque
1069 704 1299 766 vicem
1331 703 1700 781 diligenter
1734 701 2065 782 et,'quod
2097 704 2186 765 ad
2226 703 2707 767 confessiones
2736 703 3072 784 pertinet,
3108 722 3221 766 ac-

751 819 995 873 curate
1044 809 1418 890 praestitit.
1465 809 1725 871 Missus
1767 819 1874 871 est
1917 810 2132 872 etiam
2170 809 2397 873 Roma
2439 809 2515 872 P.
2565 810 2835 873 Caesar
2873 809 3215 889 HelmiuS,

750 916 1092 997 fulginaS,
1135 917 1253 997 qui
1301 916 1561 996 'partim
1602 915 1673 978 in
1714 915 2278 979 confessionibus
2323 926 2807 993 externorum,
2850 919 3108 998 partim
3148 919 3218 980 in

754 1024 1003 1087 studiis
1051 1023 1642 1087 scholasticorum
1692 1023 2030 1102 (quatuor
2080 1024 2268 1087 enim
2324 1023 2548 1087 Roma
2606 1042 2848 1087 secum
2896 1024 3217 1102 adduxit)

753 1132 994 1194 utilem
1025 1149 1312 1211 operam
1345 1130 1665 1193 navavit.
1700 1127 1937 1208 Atque
1978 1130 2075 1191 ita
2115 1130 2381 1193 facturn
2420 1140 2527 1193 est
2567 1140 2674 1209 ut,
2719 1132 3044 1210 quamvis
3082 1133 3218 1195 hoc

754 1256 940 1301 anno
977 1237 1053 1300 P.
1101 1237 1396 1301 Frusius
1435 1236 1779 1300 Venetias
1823 1236 2005 1327 mitti
2049 1255 2188 1299 non
2231 1237 2572 1318 potuerit,
2627 1238 2941 1317 aequiori
2982 1240 3218 1301 animo

752 1343 954 1411 Prior
982 1342 1133 1423 ejus
1163 1345 1548 1407 adventum
1581 1352 2051 1423 exspectaret.

878 1451 1011 1514 141.
1097 1451 1362 1530 Magna
1419 1450 1634 1513 etiam
1689 1450 2181 1513 consolatione
2240 1451 2423 1513 idem
2481 1450 2682 1514 Prior
2740 1451 3216 1529 affectusest,

750 1558 933 1621 sicut
962 1567 1030 1620 et
1061 1558 1260 1619 multi
1291 1557 1440 1635 alii,
1475 1557 1662 1636 quod
1700 1557 1770 1619 in
1810 1556 1962 1637 ejus
2006 1558 2315 1635 gratiam
2348 1556 2638 1636 jubilaei
2679 1558 3215 1638 indulgentiam,

749 1681 962 1744 quam
993 1681 1423 1744 magnopere
1455 1664 1848 1744 expetebat,
1884 1661 1960 1725 Ρ.
1993 1665 2310 1743 Ignatius
2341 1683 2383 1727 a
2412 1663 2700 1728 Summo
2732 1665 3068 1729 Pontifice
3096 1667 3221 1729 im-

764 1770 1074 1851 petravit
1103 1788 1187 1832 ac
1217 1770 1406 1833 misit
1446 1770 1486 1834 ¹.

797 1880 800 1883 ’
878 1876 1013 1940 142.
1101 1877 1278 1940 Cum
1307 1878 1490 1939 male
1520 1877 1862 1939 haberent
1892 1877 2177 1957 quidam
2208 1877 2463 1941 flandri
2506 1896 2594 1941 ex
2632 1879 2895 1941 nostris
2934 1880 3212 1942 Patavii

754 1992 822 2045 et
851 1982 921 2045 V
925 1984 1194 2063 enetiiS,
1240 1982 1771 2062 significaverat
1809 1983 2011 2047 Prior
2048 1994 2335 2064 gratum
2375 1984 2507 2046 sibi
2546 1984 2696 2047 fore
2733 1985 2795 2047 si
2838 2003 2980 2048 non
3019 1987 3219 2048 multi

754 2088 901 2169 ejus
932 2090 1238 2154 nationis
1269 2090 1590 2152 homines
1614 2089 1704 2152 ad
1727 2107 1812 2152 ea
1836 2090 2151 2170 Collegia
2175 2092 2640 2169 mitterentur;
2668 2091 2793 2155 sed
2816 2110 2978 2156 cum
3005 2091 3081 2154 Ρ.
3109 2093 3217 2155 El-

756 2197 987 2277 pidius
1016 2198 1292 2277 aliquas
1320 2196 1633 2259 rationes
1673 2195 2122 2275 adduxisset,
2164 2206 2454 2278 propter
2495 2215 2673 2277 quas
2712 2199 2925 2279 aliqui
2965 2198 3217 2261 flandri

754 2304 1012 2367 ibidem
1051 2313 1286 2366 essent
1324 2302 1702 2382 retinendi,
1748 2304 2032 2366 omnino
2084 2304 2470 2385 acquievit,
2514 2312 2583 2367 et
2622 2305 2955 2385 quidquid
3001 2325 3042 2368 a
3092 2306 3219 2368 Pa-

753 2421 859 2474 tre
887 2411 1163 2490 Ignatio
1193 2409 1765 2489 constitueretur,
1795 2417 1872 2472 ut
1901 2429 1943 2473 a
1971 2409 2233 2490 Spiritu
2254 2410 2518 2474 Sancto
2557 2412 3005 2492 inspiratum,
3042 2430 3118 2475 se
3150 2414 3219 2474 in

756 2518 1092 2598 optimam
1122 2525 1394 2597 partem
1428 2524 1883 2596 accepturum
1918 2516 2293 2581 affirmavit
2323 2518 2369 2577 ².

723 2767 736 2774 ·
754 2758 1034 2802 Paschasio
1055 2757 1210 2801 Broet
1238 2758 1300 2800 de
1323 2757 1514 2810 eodem,
1538 2768 1605 2801 an
1625 2756 1886 2800 Bononiae
1919 2757 2159 2802 Doctorls
2190 2759 2409 2813 gradum
2440 2759 2674 2813 accipere
2703 2761 2881 2814 possit,
2912 2760 3091 2803 eadem
3120 2760 3220 2804 die.

753 2831 896 2874 Idem
915 2829 1127 2873 Nicolao
1148 2829 1415 2876 Gaudano.
1436 2836 1493 2871 ut
1512 2828 1792 2873 Bononiam
1811 2830 1878 2872 ad
1899 2828 2215 2873 Doctoratus
2237 2831 2454 2885 gradum
2482 2831 2859 2886 suscipiendum
2880 2842 2932 2875 se
2967 2831 3220 2885 conferat;

753 2902 814 2945 de
835 2900 1027 2953 Jacobo
1045 2899 1210 2943 Lhost
1225 2902 1276 2943 in
1295 2900 1406 2954 ejus
1426 2901 1594 2943 locum
1613 2901 1985 2954 substituendo,
2008 2902 2061 2944 28
2079 2900 2232 2956 Junii;
2258 2903 2393 2945 idem
2413 2902 2617 2957 Elpidio
2641 2902 2890 2957 Ugoletti,
2912 2914 2975 2945 ne
2999 2904 3221 2957 amplius

753 2974 814 3017 de
836 2973 1072 3016 Gaudani
1094 2971 1381 3015 Doctoratu
1403 2971 1611 3015 Patavii
1631 2973 1954 3026 suscipiendo
1984 2974 2179 3027 cogitet
2195 3005 2205 3025 ,
2228 2974 2409 3017 eadem
2429 2974 2536 3027 die3
2559 2974 2692 3017 idem
2726 2974 2881 3018 Petro
2916 2974 3218 3018 Seborichio

753 3045 816 3089 de
837 3046 947 3100 ejus
967 3045 1015 3088 in
1038 3043 1374 3088 Germaniam
1392 3054 1507 3087 cum
1528 3043 1780 3087 Gaudano
1801 3044 2136 3098 profectione.
2170 3045 2222 3086 19
2252 3044 2376 3097 Julii
2413 3051 2464 3089 et
2498 3045 2526 3087 9
2554 3046 2803 3099 Augusti;
2838 3046 2972 3090 idem
3005 3045 3217 3089 Nicolao

754 3116 1022 3170 Gaudano,
1045 3115 1302 3159 Bononiae
1327 3115 1520 3170 agenti,
1543 3116 1602 3158 de
1625 3114 1826 3159 ratione
1849 3127 1936 3159 seu
1961 3117 2321 3161 informatione
2339 3151 2349 3171 ,
2373 3129 2527 3171 quam
2545 3117 2762 3161 Romam
2791 3117 3030 3172 miserat,
3052 3124 3219 3161 status

755 3188 968 3243 Collegii
989 3187 1194 3242 Veneti,
1217 3192 1268 3230 et
1292 3188 1352 3231 de
1377 3187 1484 3240 ejus
1503 3188 1817 3241 profectione
1841 3187 2232 3242 Ingolstadium,
2264 3189 2317 3231 23
2339 3189 2586 3243 Augusti;
2620 3190 2785 3232 eidem
2814 3189 3004 3244 Ignatii
3040 3198 3217 3244 paten-

752 3268 831 3305 tes
852 3261 1057 3304 litterae
1078 3260 1583 3303 communicationis
1601 3260 1929 3312 gratiarum,
1949 3260 2129 3303 eadem
2150 3260 2247 3311 die;
2270 3259 2540 3314 Polancus,
2563 3271 2628 3303 ex
2644 3261 3037 3312 commissione,
3059 3259 3215 3303 Petro

753 3332 1067 3385 Schorichio,
1098 3343 1159 3376 ne
1194 3331 1492 3375 reformidet
1528 3331 1578 3374 in
1613 3330 1949 3375 Germaniam
1982 3331 2055 3374 ire
2090 3332 2178 3375 sed
2199 3343 2252 3374 se
2272 3333 2383 3385 regi
2421 3343 2453 3374 a
2487 3332 2662 3376 divina
2694 3332 3023 3386 providentia
3055 3332 3210 3383 sinat.

753 3403 934 3446 eadem
955 3403 1050 3446 die.

828 3474 845 3505 ¹
904 3471 1136 3526 Ignatius
1171 3472 1409 3515 Andreae
1447 3471 1746 3524 Lipomano.
1780 3472 2001 3523 jubilaei
2038 3472 2265 3525 gratiam
2313 3473 2359 3516 ei
2398 3474 2795 3525 communicanS,
2829 3484 2985 3527 quam
3020 3484 3116 3526 pro
3153 3485 3214 3516 eo

752 3544 961 3598 ejusque
996 3543 1337 3586 familiaribus
1376 3554 1408 3585 a
1451 3542 1695 3584 Pontilice
1735 3543 2130 3595 impetraverat,
2172 3544 2221 3585 14
2259 3542 2411 3595 Junii.
2453 3543 2632 3587 Eidem
2673 3543 2942 3596 Polancus,
2983 3544 3206 3598 gratiam

751 3614 970 3667 Jubilaei
992 3616 1038 3657 ei
1061 3621 1111 3658 et
1134 3614 1319 3668 viginti
1342 3620 1562 3668 quatuor
1583 3614 1701 3657 aliis
1721 3614 1786 3657 ad
1809 3614 1921 3668 ejus
1944 3613 2220 3658 arbitrium
2241 3626 2352 3658 esse
2375 3627 2686 3668 concessam,
2709 3615 2762 3657 28
2781 3615 2931 3667 Junii.

832 3685 854 3717 ²
911 3685 1188 3740 Polancus,
1221 3696 1286 3728 ex
1315 3686 1715 3735 commissione,
1736 3685 1949 3729 Nicolao
1972 3686 2240 3738 Gaudano,
2264 3693 2370 3740 aut,
2407 3687 2449 3730 si
2489 3686 2533 3730 is
2562 3687 2670 3741 jam
2701 3687 2953 3740 discessit,
2975 3688 3083 3742 ejus
3103 3698 3216 3729 suc-

749 3757 956 3807 cessori,
976 3758 1062 3799 vel
1083 3755 1267 3799 Fulvio
1289 3756 1512 3799 Cardulo
1527 3788 1537 3806 ,
1554 3756 1616 3799 de
1639 3754 2014 3810 christophoro
2035 3755 2244 3812 Laynez
2279 3764 2330 3800 et
2364 3758 2424 3801 de
2458 3759 2671 3811 duobus,
2706 3759 2789 3812 qui
2814 3757 3027 3801 Colonia
3047 3757 3216 3800 Vene-

750 3831 852 3875 tias
872 3829 952 3873 his
972 3828 1149 3872 diebus
1168 3828 1506 3880 advenerant,
1542 3829 1569 3870 9
1604 3827 2026 3881 Augusta-Tria
2059 3828 2380 3881 potissimum
2413 3830 2464 3872 in
2498 3842 2656 3873 causa
2688 3830 2829 3872 fuere
2862 3841 2953 3873 cur
2974 3830 3212 3872 Andreas

747 3901 1063 3955 Lipomanus
1096 3911 1128 3942 a
1162 3899 1266 3942 suis
1299 3897 1543 3953 Collegiis
1576 3898 1832 3942 Patavino
1867 3906 1919 3941 et
1951 3900 2225 3953 praecipue
2250 3899 2447 3943 Veneto
2479 3904 2688 3945 exulare
2722 3901 2945 3944 flandros
2970 3901 3212 3945 voluerit.

750 3972 990 4022 Primum,
1011 3981 1186 4013 rerum
1206 3970 1564 4023 temporalium
1594 3975 1828 4012 extrema
1860 3970 2091 4023 penuria,
2130 3982 2229 4024 qua
2264 3970 2496 4025 Collegia
2532 3973 2620 4015 illa
2655 3973 2979 4025 laborabant,
3004 3972 3121 4015 dum
3145 3972 3207 4015 de

748 4043 854 4087 suis
874 4042 1125 4085 reditibus
1149 4040 1293 4083 Prior
1313 4039 1473 4082 libere
1502 4039 1770 4093 disponere
1800 4046 1870 4093 et,
1906 4040 2039 4094 quod
2076 4042 2401 4095 promiserat,
2438 4054 2590 4096 opere
2626 4044 2881 4097 complere
2904 4054 3003 4086 non
3025 4043 3212 4094 valuit3

750 4114 850 4158 hac
871 4114 1006 4157 enim
1024 4111 1239 4166 penuria
1260 4110 1414 4154 fiebat
1428 4117 1485 4153 ut
1512 4111 1897 4155 adolescentum
1917 4117 2225 4164 nostrorum,
2249 4114 2332 4166 qui
2354 4113 2405 4157 in
2425 4115 2528 4158 illis
2551 4114 2795 4168 Collegiis
2817 4115 3089 4169 degebant,
3112 4125 3211 4157 non

749 4195 811 4228 ea
832 4186 881 4227 in
899 4184 1060 4236 victu,
1083 4183 1278 4226 vestitu
1298 4188 1350 4225 et
1371 4182 1487 4225 aliis
1509 4182 1641 4225 ratio
1662 4182 1960 4235 haberetur,
1983 4194 2134 4237 quam
2156 4191 2264 4228 tum
2284 4197 2460 4228 eorum
2482 4194 2653 4238 aetas,
2673 4192 2780 4229 tum
2795 4187 2999 4240 patriae
3024 4197 3210 4238 mores,

750 4256 932 4310 quibus
951 4266 982 4297 a
1004 4254 1228 4309 pueritia
1247 4253 1599 4305 assuefierant,
1622 4259 1732 4297 tum
1752 4255 1837 4296 vel
1860 4255 2080 4299 maxime
2102 4256 2402 4299 scholastici
2433 4263 2485 4300 et
2516 4257 2675 4300 etlam
2704 4257 2970 4300 domestici
3004 4258 3207 4300 labores

750 4327 873 4382 ipsis
892 4327 1137 4370 subeundi
1159 4325 1460 4379 exigebant;
1487 4325 1618 4368 unde
1648 4326 1923 4369 eveniebat
1954 4331 2011 4369 ut
2034 4338 2233 4374 omnes.
2262 4329 2350 4371 sed
2387 4329 2568 4372 flandri
2592 4330 2900 4383 praesertim
2917 4362 2927 4381 ,
2950 4329 3131 4372 statim
3150 4339 3213 4371 ac

748 4399 904 4453 pedes
935 4398 1187 4442 venetias
1221 4397 1521 4448 inferebant.
1553 4399 1902 4451 aegrotabant
1935 4405 1989 4441 et
2022 4400 2283 4442 laboribus
2317 4400 2541 4444 serendis
2576 4401 2802 4455 impares
2836 4399 3212 4444 efficiebantur.

749 4469 1054 4525 Secundum,
1074 4469 1238 4513 italici
1259 4469 1509 4512 sermonis
1528 4469 1805 4523 imperitia,
1828 4481 1979 4524 quem
1999 4470 2158 4514 donec
2181 4471 2463 4524 discerent,
2495 4472 2621 4515 nihil
2658 4473 2763 4515 sere
2797 4483 2986 4518 eorum.
3007 4482 3137 4526 quae
3160 4471 3211 4513 in

748 4541 1099 4594 proximorum
1134 4541 1415 4584 utilitatem
1447 4541 1721 4593 expetebat
1753 4540 1916 4591 Prior,
1956 4547 2225 4594 praestare
2248 4543 2510 4586 valebant.
2547 4542 2795 4595 Tertium,
2832 4543 2968 4585 haud
2999 4542 3215 4596 exiguus

752 4624 1112 4668 germanorum
1134 4618 1185 4655 et
1207 4612 1365 4656 etiam
1385 4611 1699 4655 flandrorum
1718 4613 1769 4655 in
1789 4618 1942 4666 portu
1974 4611 2176 4656 Veneto
2196 4624 2437 4656 numerus
2452 4646 2462 4666 ,
2484 4614 2567 4667 qul
2590 4618 2831 4657 molestos
2863 4625 2917 4657 se
2937 4613 3215 4667 aliquando

753 4684 944 4729 nostris
964 4687 1267 4738 praebuere,
1290 4683 1496 4738 quique,
1518 4689 1695 4737 utpote
1716 4687 2035 4728 mercatores
2056 4691 2145 4728 aut
2167 4685 2490 4739 stipendiarii
2507 4687 2696 4729 milites
2714 4693 2804 4730 aut
2820 4693 3029 4738 nautae,
3048 4697 3213 4728 mores
