3679 5414
754 453 827 509 50
1676 448 1932 509 Canon.
1973 447 2128 509 Soc.
2168 448 2309 522 Jsss.

748 596 934 677 quod
977 595 1346 674 egregium
1385 604 1538 657 erat
1588 604 1657 657 et
1709 595 1780 657 in
1830 594 2099 674 optimo
2141 594 2456 656 civitatis
2495 594 2652 657 loco
2693 595 2952 673 situm,
2987 606 3054 658 et
3093 594 3221 659 Ca·

748 703 967 783 pitulo
1006 701 1435 765 cathedralis
1474 701 1818 764 ecclesiae
1858 699 2250 777 subditum,
2295 699 2386 762 ad
2427 718 2632 763 usum
2673 702 3095 765 concionum
3133 720 3221 764 ac

746 808 1372 873 Sacramentorum
1426 808 1894 871 ministerium
1946 807 2402 870 obtinendum
2454 807 2574 886 agi
2625 808 2894 888 coepit,
2951 817 3022 871 et
3074 809 3214 871 alia

747 916 1022 993 domuS,
1056 934 1199 978 non
1228 914 1511 995 quidem
1542 914 1982 978 commodior
2012 913 2250 993 priore
2281 913 2372 976 ad
2401 923 2809 977 nostrorum
2835 914 3212 978 habitatio-

742 1041 937 1103 nem,
983 1023 1107 1085 sed
1151 1022 1240 1084 ad
1279 1023 1458 1085 bene
1502 1020 1915 1085 merendum
1967 1020 2054 1083 de
2097 1021 2441 1098 proximis
2491 1021 2975 1101 opportunior,
3028 1023 3214 1102 quod

745 1130 1005 1211 templo
1056 1129 1141 1192 D.
1199 1129 1492 1193 Antonii
1542 1136 1730 1191 esset
1779 1127 2041 1206 vicina,
2097 1136 2394 1207 accepta
2443 1137 2573 1205 est;
2627 1136 2696 1191 et
2745 1128 3044 1206 Pro-rex
3088 1146 3217 1192 sua

748 1237 1169 1300 auctoritate
1205 1243 1579 1315 utrumque
1618 1234 1825 1297 facile
1867 1232 2203 1313 reddidit,
2238 1251 2398 1297 cum
2438 1234 2703 1314 alioqui
2740 1234 3017 1299 difficile
3055 1236 3214 1299 fuis-

746 1354 854 1407 set
888 1343 927 1407 ¹.

872 1450 1005 1512 104.
1091 1448 1492 1528 Migrarunt
1521 1464 1695 1526 ergo
1727 1448 1857 1509 sub
1886 1457 2162 1528 tempus
2191 1446 2564 1511 Adventus
2594 1448 2666 1511 in
2694 1449 2880 1511 hanc
2902 1449 3209 1528 domum,

744 1567 813 1620 et
841 1556 1092 1618 Petrus
1119 1554 1589 1618 Ribadeneira
1632 1554 1703 1617 in
1742 1555 2006 1635 templo
2045 1553 2288 1618 Sancti
2328 1555 2619 1619 Antonii
2658 1573 2820 1618 cum
2863 1557 3214 1621 auditorio

745 1663 919 1726 satis
968 1650 1339 1742 frequenti,
1395 1662 1466 1724 in
1522 1661 1721 1724 sestis
1770 1670 2007 1723 autem
2055 1661 2409 1725 Natalitiis
2458 1663 2677 1725 multo
2730 1662 3207 1744 frequentiori,

743 1770 1207 1832 concionatus
1247 1777 1384 1845 est;
1439 1778 1508 1831 et
1561 1768 1888 1849 quamvis
1930 1785 2097 1830 suas
2138 1769 2477 1832 lectiones
2506 1788 2650 1833 non
2692 1770 3206 1848 intermitteret,

746 1894 907 1939 cum
937 1875 1423 1939 satisfactione
1453 1882 1521 1937 et
1548 1874 1783 1937 fructu
1812 1892 1896 1937 eo
1928 1892 2215 1938 munere
2242 1876 2655 1955 perfunctus
2685 1887 2826 1954 est,
2870 1887 2942 1940 et
2971 1876 3204 1940 Socie-

744 1985 908 2047 tatis
947 1984 1344 2047 institutum
1384 2000 1468 2045 ac
1508 1982 1958 2045 vocationem
1994 1983 2252 2062 populo
2293 1983 2709 2046 declaravit.
2756 1984 2937 2046 Nam
2976 1984 3207 2048 Patris

740 2091 988 2175 Jacobi
1024 2082 1312 2170 Laynez
1358 2098 1427 2152 et
1470 2088 1685 2152 etiam
1725 2089 1800 2151 P.
1849 2089 2267 2170 Hieronymi
2310 2090 2712 2169 conciones,
2770 2108 2932 2153 cum
2974 2092 3206 2171 potius

741 2197 1062 2277 Pro-regi
1091 2206 1160 2260 et
1189 2196 1340 2276 ejus
1369 2196 1609 2258 curiae
1640 2213 1852 2276 quam
1879 2198 2141 2276 populo
2181 2213 2338 2260 sese
2378 2197 2919 2261 accommodare
2957 2198 3205 2262 debue-

741 2305 881 2368 rint
913 2314 981 2368 et
1022 2304 1456 2383 interruptae
1499 2302 1811 2380 fuerunt,
1861 2311 1937 2365 ut
1977 2302 2242 2365 dictum
2282 2313 2419 2382 est,
2464 2312 2532 2366 et
2565 2305 3200 2385 extraordinariae,

740 2430 881 2474 non
905 2412 1003 2474 ita
1023 2411 1093 2473 in
1118 2411 1374 2489 vulgus
1397 2409 1694 2471 instituti
1716 2408 1943 2471 nostri
1965 2409 2148 2471 ratio
2171 2409 2594 2473 innotuerat.
2622 2410 2860 2490 Aliqui
2880 2412 3094 2475 etiam
3116 2432 3202 2475 ex

740 2518 1002 2581 nostris
1031 2526 1532 2599 praeterquam
1565 2517 1636 2578 in
1665 2516 2160 2597 xenodochiiS,
2198 2516 2270 2578 in
2301 2517 2552 2596 plateis
2580 2526 2648 2580 et
2678 2518 2836 2580 aliis
2876 2529 3203 2599 opportu—

738 2625 848 2687 nis
875 2624 1050 2687 locis
1079 2623 1610 2687 exhortationes
1642 2622 1998 2701 habendO,
2036 2623 2307 2703 aliquos
2345 2624 2578 2703 pisces
2617 2624 2690 2686 in
2731 2635 2952 2687 retem
2993 2643 3201 2689 evan-

738 2732 1043 2810 gelicam
1085 2731 1437 2794 adducere
1488 2730 1725 2792 conati
1772 2738 1968 2810 sunt;
2019 2747 2151 2793 nec
2191 2731 2342 2793 sine
2380 2731 2616 2795 fructu
2658 2733 2845 2800 hunc
2889 2734 3203 2796 laborem

742 2838 1126 2916 subierunt;
1156 2838 1340 2900 unde
1369 2838 1499 2901 sub
1529 2837 1695 2899 anni
1726 2835 1936 2899 finem
1958 2837 2240 2917 plurimi
2261 2838 2625 2918 utriusque
2649 2855 2862 2901 sexus
2885 2838 3204 2903 homines

739 2946 831 3008 ad
868 2954 1389 3009 sacramentum
1422 2942 1889 3006 confessionis
1918 2944 1989 3005 in
2020 2944 2266 3007 aedem
2288 2943 2376 3007 D.
2406 2944 2702 3007 Antonii
2723 2955 3200 3025 accesserunt;

739 3051 854 3114 ubi
907 3068 1068 3114 cum
1118 3051 1295 3113 alias
1345 3049 1754 3130 paucissimi
1804 3050 2075 3129 pastori
2124 3048 2442 3113 confiteri
2494 3051 2682 3115 soliti
2731 3061 2966 3115 essent
2993 3102 3007 3131 ,
3056 3051 3202 3133 jam

736 3159 1044 3239 quinque
1075 3157 1484 3220 sacerdotes
1513 3156 1739 3219 nostri
1769 3156 1946 3219 satis
1975 3156 2302 3236 occupati
2339 3159 2819 3238 compluribus
2853 3159 3098 3224 diebus
3126 3160 3199 3223 in

736 3264 1105 3329 audiendis
1156 3263 1718 3326 confessionibus
1765 3262 2059 3342 fuerint3
2112 3271 2181 3326 et
2226 3263 2364 3326 duo
2404 3275 2859 3346 mercatoreS,
2903 3285 3200 3348 quorum

736 3375 915 3435 alter
950 3371 1249 3450 insignis
1288 3379 1463 3449 erat,
1518 3386 1855 3448 magnam
1895 3370 2085 3432 vitae
2116 3371 2578 3435 mutationem
2629 3371 2989 3453 fecerunt;
3034 3392 3200 3438 nam

737 3497 896 3541 cum
936 3481 1173 3559 plures
1214 3494 1439 3541 annos
1489 3476 1954 3539 confessionis
1993 3486 2062 3539 et
2114 3478 2630 3541 communionis
2677 3492 3200 3545 sacramentum

736 3585 1305 3663 intermisissent,
1351 3601 1512 3646 cum
1552 3600 1815 3661 magno
1861 3583 2022 3647 odio
2063 3584 2324 3648 veteris
2372 3586 2564 3649 vitae
2603 3587 2737 3650 Dei
2783 3588 3073 3652 servitio
3122 3608 3197 3650 se

735 3692 991 3756 dedere
1028 3691 1214 3754 serio
1256 3699 1660 3770 coeperunt,
1703 3699 1771 3752 et
1823 3689 2001 3753 alios
2050 3691 2141 3754 ad
2190 3691 2420 3772 ipsum
2457 3693 2867 3770 invitarunt;
2912 3693 3193 3773 quidam

733 3799 948 3862 etiam
977 3798 1085 3861 vir
1117 3798 1406 3861 illustris
1435 3815 1561 3877 per
1591 3797 2108 3860 confessionem
2150 3798 2240 3860 ad
2278 3816 2531 3878 pacem
2568 3817 2728 3862 cum
2759 3800 3044 3880 capitali
3075 3801 3197 3863 ini·

733 3907 919 3970 mico
949 3904 1328 3968 ineundam
1366 3903 1712 3967 adductus
1741 3913 1868 3966 est.

862 4012 993 4074 105.
1081 4011 1157 4074 Ρ.
1190 4011 1667 4090 Hieronymus
1706 4009 2118 4074 Domenech
2155 4012 2349 4075 illam
2387 4014 3016 4092 congregationem
3055 4032 3196 4078 ma-

818 4252 834 4283 ¹
893 4251 1161 4303 Polancus,
1184 4261 1249 4293 ex
1270 4250 1670 4302 commissione,
1692 4251 1841 4294 Patri
1862 4250 2175 4307 Hieronymo
2195 4250 2490 4296 Domenech
2521 4252 2831 4297 panormum
2846 4286 2856 4306 ,
2879 4254 2940 4297 de
2970 4255 3032 4299 iis
3063 4264 3193 4308 quae

730 4321 1071 4375 monteregali
1089 4320 1406 4375 praestanda
1426 4327 1568 4372 sunt,
1596 4319 1645 4364 18
1664 4321 1916 4373 januarii.
1950 4320 2243 4365 cardinalis
2274 4321 2556 4366 Farnesius
2589 4323 2736 4367 Patri
2766 4323 2974 4377 Laynez
2996 4325 3056 4368 de
3079 4325 3198 4369 visi·

729 4392 902 4436 tandis
923 4391 1215 4436 cardinalis
1236 4391 1434 4434 nomine
1457 4396 1509 4434 et
1530 4394 1844 4437 auctoritate
1866 4392 2060 4437 duobus
2080 4393 2391 4447 praesertim
2412 4394 2537 4437 locis
2566 4395 2816 4438 dioecesis
2847 4395 3033 4440 Montis
3054 4407 3198 4451 rega-

728 4462 809 4515 lis,
830 4474 1001 4507 mense
1024 4464 1209 4518 Aprili.
1234 4462 1501 4514 Polancus.
1525 4474 1591 4506 ex
1607 4466 2011 4518 commissione,
2032 4464 2178 4510 Patri
2202 4464 2515 4520 Hieronymo
2537 4464 2861 4520 Domenech,
2885 4466 2946 4510 de
2971 4467 3196 4512 ministe-

727 4536 819 4579 riis
840 4535 1079 4579 Panormi
1102 4534 1403 4579 exercendis
1418 4567 1428 4586 ,
1452 4541 1502 4577 et
1525 4541 1581 4578 ut
1601 4547 1656 4578 se
1677 4536 1743 4580 ad
1763 4536 2169 4581 concionandum
2190 4537 2466 4590 accingant
2499 4534 2737 4590 Magistri
2761 4537 3006 4583 Nicolaus
3027 4539 3194 4584 Lano-

725 4616 837 4662 yut,
870 4605 1091 4650 Michael
1126 4606 1372 4656 Botellus,
1409 4605 1594 4649 Petrus
1627 4606 1973 4656 (Bressanus?)
2007 4613 2058 4651 et
2095 4607 2284 4650 Paulus
2317 4606 2606 4658 d‘Achillis,
2646 4608 2696 4650 13
2726 4607 3041 4661 Septembris
3070 4616 3122 4653 et
3143 4609 3196 4652 20

730 4676 1045 4721 Decembris.
