3679 5414
738 452 851 512 3⁴8
1654 452 1912 514 Canon.
1953 452 2110 513 Soc.
2147 454 2293 528 Jas.

733 592 1369 681 'Archiepiscopu5,
1402 600 1514 663 vir
1543 601 1944 681 sanctitate,
1978 599 2303 664 doctrina
2331 610 2402 665 et
2445 600 2917 664 concionandi
2945 601 3209 665 talento

743 706 1077 787 insigniS,
1111 707 1412 788 urgebat
1439 725 1600 771 eum
1629 718 1698 771 et
1728 708 2125 782 affirmabat
2153 708 2341 789 quod
2378 708 2693 771 civitatis
2737 706 3209 771 aedificationi

744 812 893 875 suis
922 814 1383 877 concionibus
1406 816 1773 878 consulere
1795 815 2112 894 deberet3
2142 824 2212 877 et
2233 815 2334 878 ita
2359 816 2432 878 in
2453 814 2634 879 festo
2656 813 2995 895 Corporis
3016 813 3206 879 Chri·

743 919 838 982 sti
868 920 1059 1001 apud
1087 919 1428 985 Sanctum
1454 920 1803 1004 Joannem
1830 931 1938 985 est
1967 923 2462 1002 concionatuS,
2497 931 2567 985 et
2606 922 3018 1003 promittere
3046 939 3208 988 eum

744 1027 1057 1107 oportuit
1086 1029 1158 1091 in
1186 1030 1533 1109 parochia
1555 1028 1643 1093 D.
1671 1029 1959 1093 Martini
1982 1047 2059 1092 se
2082 1030 2689 1108 concionaturum,
2716 1029 2907 1108 quod
2926 1038 2998 1092 et
3018 1029 3209 1109 fecit,

745 1134 932 1197 sicut
962 1135 1033 1197 in
1063 1135 1244 1199 festo
1276 1136 1365 1199 D.
1401 1135 1590 1200 Petri
1619 1136 1691 1200 in
1719 1137 2113 1202 cathedrali
2133 1137 2437 1200 ecclesia
2471 1134 2513 1196 ¹.

864 1241 1007 1305 376.
1095 1242 1433 1324 Magnam
1472 1263 1548 1308 se
1590 1244 1661 1307 in
1702 1245 1818 1307 illa
1850 1245 2022 1307 urbe
2059 1244 2523 1308 mutationem
2561 1243 2920 1307 invenisse
2966 1243 3213 1308 scribit

744 1365 837 1411 ex
866 1366 952 1411 eo
984 1359 1331 1431 tempore,
1365 1369 1506 1431 quo
1545 1351 1706 1415 inde
1749 1360 2178 1431 recesserat,
2225 1361 2371 1415 tam
2415 1352 2489 1414 in
2527 1350 2878 1431 frequenti
2916 1366 3048 1413 usu
3090 1349 3212 1414 Sa·

742 1467 1272 1521 eramentorum
1302 1458 1767 1522 confessionis
1797 1469 1867 1522 et
1910 1458 2426 1522 communionis
2455 1466 2525 1521 et
2553 1459 2626 1521 in
2654 1458 3010 1538 spirituali
3038 1459 3212 1521 mul-

746 1573 980 1644 torum
1008 1565 1330 1646 profectu
1361 1583 1445 1628 ac
1474 1565 1851 1629 devotione
1881 1575 1953 1630 et
1981 1566 2349 1646 permultis
2377 1565 2713 1644 operibus
2755 1564 3038 1645 pietatis
3058 1613 3073 1643 ,
3120 1564 3213 1629 ad

747 1687 928 1749 quae
980 1673 1222 1738 omnia
1271 1671 1663 1752 Collegium
1710 1672 2084 1736 Societatis
2134 1672 2431 1735 multum
2479 1673 2862 1736 contulisse
2912 1688 3039 1752 per
3076 1670 3216 1735 Dei

746 1778 1058 1857 gratiam
1086 1778 1410 1842 affirmat.
1444 1779 1533 1843 Et
1560 1781 1660 1843 ita
1688 1797 1775 1843 ea
1797 1779 2054 1842 civitas
2076 1796 2342 1858 magna
2364 1778 2858 1842 benevolentia
2887 1796 2972 1841 ac
3001 1778 3214 1841 devo-

749 1885 942 1949 tione
991 1885 1418 1950 Societatem
1468 1905 1553 1950 ac
1601 1887 2019 1950 nominatim
2067 1886 2144 1950 P.
2200 1887 2548 1950 Mironem
2588 1885 3214 1966 complectebatur;

747 2010 916 2055 nam
945 1991 1097 2073 ejus
1126 1994 1567 2057 sermonibus
1596 2003 1666 2057 et
1702 1995 2096 2058 ministerio
2135 1993 2609 2057 confessionis
2648 1992 2850 2056 multi
2889 1993 3214 2055 homines

748 2099 1070 2179 primarii
1115 2100 1325 2164 valde
1363 2099 1832 2181 profecerant.
1876 2100 2210 2164 Testatur
2249 2109 2487 2164 autem
2524 2099 2711 2163 idem
2751 2098 2826 2163 P.
2870 2099 3213 2179 Hierony·

751 2221 910 2269 mus
940 2207 1131 2271 nullo
1163 2208 1236 2271 in
1265 2208 1422 2271 loco
1451 2206 1825 2271 Societatis
1857 2217 2003 2271 tam
2040 2206 2480 2288 frequentem
2519 2207 2884 2270 hominum
2923 2223 3215 2270 concur-

748 2330 908 2375 sum
937 2314 1183 2377 diebus
1212 2314 1583 2397 dominicis
1612 2323 1682 2378 et
1720 2314 1917 2377 festis
1957 2332 2033 2377 se
2061 2314 2350 2393 vidisse,
2386 2313 2564 2378 adeo
2603 2322 2679 2376 ut
2707 2312 3095 2394 oportuerit
3124 2330 3215 2377 ex

752 2420 1054 2499 collegio
1080 2430 1324 2484 nostro
1340 2421 1431 2484 ad
1454 2421 1765 2484 vicinam
1787 2420 2184 2500 ecclesiam,
2212 2437 2393 2501 quae
2414 2421 2715 2501 amplior
2730 2429 2905 2496 erat,
2928 2428 3216 2482 nostros

751 2542 829 2587 se
860 2526 1206 2610 conferre,
1241 2536 1317 2590 ut
1348 2528 1864 2590 confluentibus
1892 2527 1982 2590 ad
2014 2528 2431 2590 concionem
2459 2526 2825 2607 utriusque
2855 2543 3069 2590 sexus
3090 2527 3209 2590 ho-

751 2631 1060 2695 minibus
1099 2632 1626 2712 satisfacerent;
1667 2643 1737 2697 et
1775 2634 2232 2697 nihilominus
2270 2633 2668 2714 augebatur
2706 2633 2795 2696 ad
2834 2633 3217 2697 conciones

751 2739 1070 2819 singulas
1100 2741 1501 2805 auditorum
1529 2742 1944 2822 frequentia.

870 2846 1012 2909 377.
1100 2847 1277 2911 Cum
1300 2847 1586 2928 Jubilaei
1614 2850 1851 2929 gratia
1881 2849 2256 2914 Valentiae
2286 2849 2805 2932 promulganda
2835 2857 3023 2911 esset
3059 2848 3213 2911 ulti-

752 2970 868 3016 ma
898 2953 1069 3017 Maii
1098 2955 1563 3036 hebdomada,
1596 2956 1786 3020 misit
1814 2955 1892 3019 P.
1938 2956 2168 3020 Miron
2206 2965 2352 3020 tres
2390 2974 2484 3020 ex
2521 2956 2785 3019 nostris
2824 2955 3204 3019 sacerdoti-

741 3061 880 3123 'bus
906 3062 977 3123 in
1001 3079 1364 3126 carcerem
1385 3064 1883 3143 gubernatoris
1907 3063 1997 3127 ad
2021 3065 2410 3128 audiendas
2433 3063 2916 3127 confessiones
2938 3079 3213 3142 eorum,

735 3163 870 3247 'qui
901 3168 1160 3233 ibidem
1189 3170 1705 3235 detinebantur.
1739 3169 1945 3235 Prius
1968 3181 2205 3235 tamen
2229 3172 2525 3253 ipsemet
2548 3171 2754 3234 simul
2779 3187 2940 3234 cum
2962 3170 3209 3249 guber·

752 3283 1002 3339 natore
1043 3286 1111 3340 et
1160 3294 1524 3341 assessore
1565 3288 1633 3342 et
1673 3279 2097 3358 quibusdam
2140 3278 2395 3359 juratis
2439 3288 2650 3359 atque
2682 3278 2823 3341 alia
2852 3277 3217 3344 hominum

750 3382 1197 3446 multitudine
1235 3384 1326 3447 ad
1363 3386 1668 3460 vinctos,
1714 3402 2018 3466 quorum
2055 3402 2320 3465 magna
2359 3394 2514 3448 erat
2563 3385 2802 3465 copia,
2849 3385 3222 3463 ingressus

750 3499 935 3570 erat;
979 3502 1049 3553 et
1088 3499 1288 3555 tanto
1328 3509 1489 3555 cum
1526 3492 1808 3556 fervore
1853 3493 1945 3556 ad
1980 3491 2498 3556 confessionem
2537 3500 2645 3554 est
2684 3490 3102 3554 adhortatus
3140 3497 3219 3554 ut

752 3596 1134 3660 durissima
1163 3598 1423 3679 alioqui
1455 3599 1816 3663 hominum
1848 3599 2088 3678 corda,
2130 3599 2250 3679 qui
2275 3599 2451 3662 nihil
2490 3598 2722 3662 minus
2752 3614 2964 3678 quam
3003 3597 3091 3661 de
3113 3595 3215 3678 ju-

751 3702 962 3766 bilaei
992 3705 1227 3784 gratia
1256 3706 1774 3785 cogitaverant,
1802 3707 1893 3769 ad
1914 3707 2273 3786 lacrymas
2296 3715 2365 3768 et
2389 3705 2900 3786 poenitentiam
2921 3721 3049 3784 per
3072 3702 3209 3767 Dei

752 3810 1048 3874 verbum
1079 3812 1530 3892 emolliverit;
1564 3811 1749 3875 unde
1779 3830 2025 3876 omnes
2056 3812 2146 3875 ad
2165 3810 2549 3892 Jubilaeum
2579 3810 3037 3874 obtinendum
3068 3810 3215 3876 alta

751 3934 931 3979 voce
962 3918 1478 3982 confessionem
1509 3919 1934 4000 petiverunt.
1967 3919 2056 3982 Et
2086 3919 2252 4000 quia
2284 3919 2357 3981 in
2386 3919 2504 3982 illo
2544 3934 2833 3982 carcere
2867 3916 3072 3997 Juxta
3101 3916 3213 3980 de-

751 4021 1082 4088 lictorum
1102 4025 1405 4088 formam
1428 4026 1651 4089 vincti
1673 4035 2119 4109 separantur,
2146 4034 2308 4107 post
2328 4026 2631 4107 primam
2653 4025 3221 4090 exhortationem

750 4137 898 4192 tres
949 4131 1127 4194 alias
1178 4132 1250 4194 in
1299 4132 1525 4196 tribus
1562 4133 1740 4196 locis
1787 4133 1929 4213 ubi,
1985 4133 2104 4212 qui
2146 4131 2661 4212 detinebantur,
2716 4133 3017 4212 primam
3075 4147 3222 4198 non

752 4235 1146 4308 audierant.
1179 4256 1499 4302 seorsum
1534 4239 1800 4318 habuit,
1835 4239 2087 4302 eodem
2126 4239 2496 4302 charitatis
2534 4239 2687 4301 zelo
2717 4247 2944 4302 totum
2982 4253 3222 4301 carce-

748 4360 908 4409 rem
930 4347 1400 4428 perlustrans;
1436 4354 1505 4408 et
1535 4363 1664 4409 sua
1702 4345 2198 4410 exhortatione
2234 4363 2363 4427 per
2392 4345 2528 4410 Dei
2564 4346 2876 4426 gratiam
2921 4344 3223 4408 obtinuit

836 4623 852 4655 ¹
912 4622 1147 4675 ignatius
1175 4621 1580 4678 Archiepiscopo
1607 4585 1910 4675 Valentino,
1943 4620 2134 4666 Sancto
2169 4621 2397 4667 'rhomae
2428 4633 2460 4666 a
2490 4622 2801 4676 villanova,
2833 4621 3059 4666 officiose
3081 4627 3135 4665 et
3156 4621 3222 4668 de

747 4691 977 4747 quadam
1001 4692 1264 4737 Pontificis
1284 4695 1449 4750 bulla,
1475 4697 1492 4739 1
1520 4693 1806 4738 Februarii.
