3679 5414
1656 460 1784 521 An.
1828 460 1969 520 1552
2927 459 3043 527 423

578 608 882 674 millibus
912 624 1291 671 aureorum
1312 607 1384 671 in
1405 607 1724 686 singulos
1746 624 1974 670 annos
2003 605 2395 685 accederet,
2429 606 2672 669 datum
2701 614 2808 668 est
2837 604 3039 667 Patri

580 715 857 795 Ignatio
887 715 1249 795 negotium
1267 724 1344 778 ut
1366 725 1435 779 et
1457 716 1694 795 capita
1725 713 2077 795 quaedam
2110 712 2486 776 adnotaret
2524 720 2670 775 tam
2699 711 3036 777 conditio·

579 842 771 902 num,
807 822 1057 904 quibus
1097 820 1396 901 juvenes
1425 821 1726 902 praediti
1754 838 1912 884 esse
1941 821 2321 900 debebant,
2364 836 2577 900 quam
2605 819 2821 882 etiam
2849 819 3042 882 modi

581 948 704 993 eos
736 930 1169 994 accersendi.
1203 929 1408 993 Initio
1439 938 1706 1004 autem,
1740 928 2068 1009 quamvis
2099 937 2380 991 centum
2409 936 2479 990 et
2508 926 2808 1007 amplius
2838 927 3034 997 scho-

581 1037 871 1101 lasticos
901 1056 984 1100 eo
1016 1037 1088 1101 in
1117 1036 1432 1116 Collegio
1472 1052 1688 1117 agere
1731 1035 2289 1114 constituissent,
2332 1033 2500 1099 dum
2536 1034 2768 1113 magis
2808 1034 3032 1098 firma-

580 1154 775 1209 retur
806 1162 1004 1225 opuS,
1038 1161 1261 1224 usque
1291 1143 1383 1207 ad
1413 1143 1707 1224 triginta
1727 1143 1845 1205 vel
1867 1140 2343 1223 quadraginta
2366 1149 2639 1206 tantum
2666 1159 2875 1222 posse
2898 1151 3036 1205 sta·

582 1254 709 1316 tim
733 1253 1023 1317 evocari
1052 1252 1508 1316 constitutum
1538 1261 1666 1316 est.

707 1359 801 1423 12.
889 1359 1317 1424 Germaniae
1344 1377 1625 1440 nomen,
1658 1369 1737 1424 ut
1766 1360 1934 1439 dixi,
1969 1359 2282 1439 Collegio
2321 1367 2427 1422 est
2464 1358 2784 1437 inditum3
2817 1356 3036 1419 Bohe·

580 1469 723 1531 mia
753 1476 1011 1547 tamen,
1044 1467 1367 1547 Polonia,
1401 1475 1470 1530 et
1497 1467 1852 1547 Ungaria‚
1888 1475 1956 1529 et
1987 1467 2168 1530 aliae
2196 1465 2596 1546 huJ'usmodi
2624 1464 3036 1545 septentrio-

581 1575 781 1637 nales
802 1574 1145 1653 nationeS,
1173 1592 1353 1654 quae
1368 1572 1767 1654 hujusmodi
1783 1574 2129 1653 operariis
2146 1573 2579 1653 indigebant,
2599 1572 2669 1635 in
2686 1572 2861 1635 locis
2875 1572 3034 1635 hae·

585 1682 726 1744 resi
756 1680 1063 1757 infectiS,
1095 1698 1225 1761 pro
1257 1680 1641 1744 Germania
1670 1681 2136 1744 habebantur.
2179 1679 2474 1761 Scrlpsit
2513 1697 2685 1759 ergo
2714 1678 2791 1744 P.
2834 1679 3040 1757 Igna·

583 1789 723 1851 tius
762 1796 911 1851 tum
945 1786 1272 1852 Patribus
1312 1786 1609 1852 Claudio
1648 1798 1720 1851 et
1762 1787 2082 1862 Canisio,
2121 1796 2269 1850 tum
2299 1786 2630 1851 Patribus
2660 1785 3038 1851 Leonardo

584 1905 652 1959 et
682 1893 1024 1974 Adrian0,
1059 1895 1179 1976 qui
1207 1894 1563 1973 Viennae,
1595 1894 2041 1974 Ingolstadii,
2086 1894 2421 1959 Coloniae
2458 1904 2527 1958 et
2554 1894 2856 1957 Lovanii
2885 1912 3039 1958 ver-

586 2003 948 2081 sabantur,
991 2011 1066 2065 ut
1102 2001 1399 2083 juvenes
1428 2002 1684 2065 harum
1712 2002 2079 2065 nationum
2105 2001 2407 2065 Romam
2435 2002 2814 2080 mitterent,
2848 2001 2969 2082 qui
2996 2020 3040 2064 a

586 2108 1065 2172 decimosexto
1105 2126 1325 2189 usque
1372 2109 1464 2172 ad
1502 2108 1929 2187 vigesimum
1965 2106 2354 2171 secundum
2404 2126 2667 2171 annum
2717 2116 3037 2187 agerent,

586 2225 654 2278 et
684 2217 745 2279 si
774 2215 989 2296 aliqui
1018 2215 1203 2279 ultra
1232 2233 1390 2278 eam
1420 2224 1726 2278 aetatem
1753 2215 2117 2295 progressi
2146 2224 2403 2295 essent,
2430 2224 2498 2278 et
2523 2224 2814 2296 propter
2844 2232 3042 2294 egre-

585 2323 744 2402 gias
796 2323 976 2386 alias
1025 2322 1243 2386 animi
1292 2322 1493 2385 dotes
1541 2320 1865 2386 mittendi
1913 2321 2357 2402 viderentur,
2412 2331 2480 2385 et
2532 2320 2798 2385 dociles
2848 2331 3044 2386 certe

585 2439 821 2494 essent
870 2439 939 2493 et
989 2429 1242 2509 quibus
1290 2429 1551 2493 tradita
1601 2430 1673 2492 in
1716 2422 2029 2492 moribus
2059 2438 2128 2492 et
2176 2429 2429 2492 litteris
2468 2430 2811 2494 institutio
2862 2429 3044 2493 bene

585 2537 892 2618 imprimi
928 2547 1203 2617 posset,
1245 2537 1364 2617 qui
1401 2554 1647 2600 omnes
1684 2535 1984 2600 honesta
2021 2535 2235 2615 facie,
2278 2554 2454 2599 sano
2493 2553 2795 2616 corpore
2838 2546 2907 2600 et
2949 2538 3044 2601 ad

587 2626 953 2709 ferendum
1003 2643 1215 2707 studii
1257 2643 1573 2707 laborem
1614 2644 1762 2725 apti
1800 2652 2067 2724 essent,
2115 2651 2184 2706 et
2225 2642 2510 2724 ingenio
2554 2653 2764 2726 atque
2808 2644 3048 2710 indole

588 2754 775 2818 bona
820 2752 1146 2832 praediti,
1194 2759 1270 2815 ut
1312 2752 1586 2832 sperari
1617 2752 1867 2815 merito
1894 2759 2135 2831 posset
2171 2749 2357 2830 quod
2400 2751 2472 2815 in
2499 2752 2725 2815 bonos
2754 2771 2838 2816 ac
2867 2761 3044 2816 stre·

586 2877 769 2923 nuos
806 2859 1173 2939 operarios
1210 2859 1461 2922 vineae
1500 2857 1789 2923 Domini
1827 2856 2131 2921 evadere
2169 2867 2491 2938 possent;
2526 2867 2592 2923 et
2621 2876 2758 2940 quo
2787 2859 3042 2930 instru-

586 2967 847 3030 ctiores
886 2967 958 3030 in
997 2966 1249 3029 litteris
1286 2965 1676 3045 venissent,
1722 2984 1806 3028 eo
1847 2964 2193 3028 maturius
2230 2965 2492 3029 remitti
2532 2966 2839 3046 possein
2871 2966 3047 3030 Ger—

585 3074 898 3137 maniam
924 3072 1370 3153 videbantur3
1403 3073 1561 3136 ideo
1589 3071 2079 3135 instructiores
2107 3071 2551 3151 praeferendi
2582 3083 2816 3153 erant;
2848 3074 3040 3136 nobi·

581 3180 800 3244 litatis
822 3180 1220 3243 habendam
1243 3178 1524 3259 quidem
1545 3195 1702 3241 esse
1729 3178 2098 3257 rationem,
2133 3196 2313 3258 quae
2340 3180 2635 3241 multum
2663 3180 3040 3243 auctorita·

584 3288 677 3351 tis
703 3287 776 3350 in
806 3287 942 3362 illis
970 3286 1373 3350 nationibus
1402 3286 1763 3362 conciliat,
1795 3285 1922 3349 sed
1958 3286 2020 3349 si
2057 3286 2257 3349 initio
2294 3286 2565 3349 nobiles
2602 3303 2863 3365 genere
2890 3304 3042 3351 non

585 3395 932 3474 venirent,
965 3403 1042 3458 ut
1072 3403 1262 3458 certe
1293 3394 1510 3457 animi
1541 3393 1869 3456 nobilitas
1896 3410 2040 3457 non
2079 3394 2388 3474 deesset;
2416 3403 2668 3474 postea
2697 3403 2934 3459 tamen
2962 3405 3044 3458 ut
3101 3431 3108 3439 ·

582 3518 845 3581 genere
874 3501 1145 3565 nobiles
1172 3499 1462 3564 veniant
1489 3499 1883 3563 curandum
1910 3517 2066 3563 esse
2086 3498 2128 3562 ¹.

706 3607 803 3673 13.
889 3607 1007 3672 Ad
1031 3606 1219 3689 quod
1249 3616 1486 3670 autem
1514 3607 1932 3670 tenebantur
1955 3615 2229 3670 tantum
2255 3606 2328 3670 id
2354 3617 2531 3671 erat:
2564 3616 2641 3671 ut
2671 3608 3044 3672 obedirent

582 3714 1160 3796 praeceptoribus
1182 3715 1330 3778 suis
1352 3724 1421 3777 et
1450 3713 1730 3794 collegii
1751 3712 2441 3777 administratoribus
2470 3714 2542 3777 in
2567 3714 2698 3794 his,
2733 3733 2914 3796 quae
2945 3716 3042 3780 ad

581 3839 817 3886 mores
859 3821 1141 3885 homine
1171 3821 1558 3885 christiano
1600 3819 1855 3901 dignos
1893 3830 1962 3884 et
2001 3821 2093 3884 ad
2130 3820 2529 3885 doctrinam
2562 3822 3032 3902 pertinebant.

581 3927 936 3994 Statutum
959 3939 1066 3993 est
1090 3929 1305 3993 etiam
1329 3937 1404 3991 ut
1425 3928 1526 3990 illi
1547 3936 1820 3991 tantum
1845 3926 1937 3990 ad
1956 3927 2090 3991 hoc
2115 3927 2507 4009 Collegium
2536 3930 2883 4011 venirent,
2915 3931 3042 4012 qui

581 4037 1139 4101 ecclesiasticum
1168 4035 1564 4099 institutum
1592 4035 1793 4116 sequi
1820 4043 1889 4098 et
1917 4036 2256 4115 temporis
2299 4053 2634 4100 successu
2671 4037 2761 4100 ad
2789 4055 3038 4102 sacros

581 4144 865 4208 ordines
891 4143 1297 4225 promoveri
1324 4143 1609 4206 vellent.
1643 4143 1730 4205 In·
1750 4142 2002 4205 horum
2036 4142 2346 4221 gratiam
2374 4144 2752 4224 praecipue
2781 4145 3036 4209 consti·

581 4250 711 4314 tuit
738 4250 814 4314 P.
847 4250 1165 4330 Ignatius
1202 4258 1279 4313 ut
1315 4266 1459 4313 non
1495 4250 1722 4313 solum
1768 4250 1986 4313 trium
2014 4249 2445 4330 linguarum,
2480 4251 2662 4316 sicut
2691 4252 3042 4316 hactenus

578 4357 847 4421 sactum
876 4367 1051 4434 erat,
1078 4357 1203 4421 sed
1232 4357 1446 4420 etiam
1474 4357 1871 4420 liberalium
1899 4357 2157 4420 artium
2193 4357 2603 4437 disciplinae
2635 4377 2720 4422 ac
2751 4359 3038 4423 demum

575 4465 1047 4528 scholasticae
1078 4465 1477 4545 theologiae
1509 4473 1577 4528 et
1616 4462 2025 4545 Scripturae
2055 4482 2306 4528 sacrae
2344 4466 2682 4529 lectiones
2712 4466 2783 4529 in
2812 4465 3038 4536 Colle·

657 4704 675 4735 ¹
732 4702 923 4758 Ignatii
942 4704 1147 4748 litteras
1166 4704 1233 4748 ad
1252 4704 1422 4757 Jainm
1441 4705 1594 4749 datas
1613 4706 1775 4750 habes
1795 4706 1847 4750 in
1870 4704 2059 4749 Carras
2073 4706 2140 4749 de
2157 4705 2268 4749 San
2289 4705 2526 4761 lgnacio,
2547 4714 2584 4751 t.
2605 4719 2678 4763 ιιι,
2695 4720 2781 4766 pp.
2795 4708 2850 4752 94
2865 4716 2919 4754 et
2932 4710 3037 4758 395.
