3679 5414
645 428 724 487 30
1572 425 1826 486 Cimon.
1868 425 2023 485 Soc.
2063 426 2204 499 Jsss.

651 583 808 653 pter
847 590 1086 636 rerum
1135 573 1628 652 temporalium
1677 572 2047 652 angustias
2086 572 2507 634 videbantur
2546 581 2615 634 et
2668 588 2913 633 omnes
2960 588 3121 633 cum

651 689 1027 760 parentum
1067 681 1437 742 voluntate
1494 678 1783 741 admissi
1821 678 2051 757 sunt),
2108 679 2180 740 in
2229 679 2440 741 rebus
2489 677 2970 757 spiritualibus
3018 678 3119 739 sic

650 786 982 864 instituit,
1016 795 1094 849 ut
1123 785 1220 847 illi
1249 802 1463 864 quam
1492 785 1798 847 maxime
1827 784 2249 864 proficerent
2279 793 2348 847 et
2381 784 2653 846 civitati
2694 782 3119 847 aedificatio-

650 894 764 955 nis
801 892 1179 973 plurimum
1225 891 1667 971 praeberent.
1715 891 2033 955 Fuerunt
2073 900 2312 954 autem
2352 891 2415 953 ei
2467 889 2784 970 adjuncti
2832 890 2971 953 duo
3008 890 3123 952 vel

651 1009 799 1063 tres
828 1017 919 1061 ex
948 999 1334 1076 veteraniS,
1369 1015 1674 1079 quorum
1702 1016 1918 1078 opera
1950 999 2022 1060 in
2052 997 2672 1061 administratione
2701 997 2952 1059 domus
2980 1005 3123 1059 ute·

653 1116 869 1170 retur.
906 1105 1246 1185 Quamvis
1275 1110 1512 1168 autem
1542 1106 1719 1168 haec
1749 1104 2002 1168 domus
2029 1104 2350 1185 sejuncta
2385 1114 2539 1168 erat
2567 1124 2608 1166 a
2643 1104 2991 1183 Collegi0,
3025 1104 3121 1165 ita

654 1222 893 1275 tamen
922 1221 1074 1275 erat
1112 1210 1487 1291 conjuncta
1528 1221 1603 1273 ut
1643 1210 1943 1291 Collegii
1981 1210 2244 1274 Rector
2284 1228 2371 1273 eo
2405 1228 2481 1273 se
2528 1210 2884 1288 conferre,
2928 1217 3005 1272 ut
3033 1210 3124 1271 ad

653 1328 928 1399 partem
963 1319 1183 1399 ipsius
1215 1317 1544 1396 Collegii,
1587 1326 1859 1397 posset;
1894 1334 2025 1380 nec
2060 1317 2370 1397 janitore
2410 1327 2532 1380 aut
2570 1318 2751 1379 ostio
2792 1317 3124 1379 distincto

656 1426 982 1489 utebatur
1016 1425 1055 1488 ¹.

775 1533 876 1594 57.
965 1531 1466 1596 Universitatis
1497 1532 1864 1611 negotium
1893 1531 2011 1595 diu
2042 1534 2481 1611 multumque
2514 1533 2648 1593 hoc
2688 1549 2876 1594 anno
2906 1533 3127 1612 agita-

654 1648 807 1702 tum
827 1647 958 1717 est,
986 1648 1055 1702 et
1085 1638 1370 1701 tandem
1395 1639 1468 1701 in
1492 1638 1786 1701 consilio
1808 1639 2110 1718 pleniori
2136 1637 2698 1702 Messanensium
2722 1638 2850 1701 fuit
2874 1638 3127 1701 consti·

661 1755 890 1809 tutum
919 1753 999 1808 ut
1026 1743 1294 1809 reditus
1324 1747 1630 1826 quinque
1655 1746 1948 1809 millium
1978 1755 2048 1809 et
2071 1747 2623 1826 quingentorum
2654 1756 3016 1809 scutorum
3039 1746 3131 1807 ad

658 1852 1161 1916 Universitatis
1209 1851 1618 1932 praedictae
1663 1852 2177 1915 institutionem
2226 1854 2777 1934 applicarentur.
2821 1852 3130 1914 Litterae

659 1958 1118 2039 Apostolicae
1174 1958 1442 2021 Romae
1498 1957 1903 2038 expeditae,
1951 1958 2236 2022 Rectori
2286 1959 2579 2039 Collegii
2628 1959 3132 2023 Universitatis

661 2074 882 2128 totam
910 2065 1464 2131 Universitatem
1494 2064 1990 2145 subjiciebant,
2034 2075 2101 2129 et
2131 2067 2234 2128 sic
2275 2067 2796 2146 possessionem
2836 2064 2986 2144 ejus
3023 2082 3129 2127 ce·

658 2172 761 2252 pit
792 2170 1142 2251 Societas,
1187 2190 1349 2234 cum
1388 2171 1685 2234 Pro-rex
1723 2171 1814 2234 ad
1858 2173 2384 2235 exsecutionem
2413 2190 2580 2235 suas
2619 2173 2833 2235 etiam
2861 2154 3132 2234 litteras

654 2279 1065 2341 addidisset.
1099 2278 1475 2357 Magnifice
1528 2296 1691 2343 cum
1734 2280 2199 2343 classicorum
2237 2289 2305 2343 et
2356 2279 2906 2342 bombardarum
2957 2295 3132 2341 sono

657 2395 730 2449 et
762 2402 1021 2464 magno
1061 2394 1409 2465 apparatu
1450 2386 1898 2449 Universitas
1936 2404 2065 2466 per
2102 2386 2352 2449 urbem
2389 2396 2495 2449 est
2542 2386 3023 2466 promulgata;
3067 2393 3136 2447 et

658 2491 998 2571 postridie
1020 2492 1360 2555 lectiones
1389 2494 1628 2573 legum
1657 2503 1725 2555 et
1756 2493 2146 2555 medicinae
2178 2502 2340 2556 sunt
2372 2493 2768 2555 inchoatae.
2803 2491 2942 2555 Sed
2972 2507 3134 2554 cum

654 2614 875 2676 aegre
926 2598 1189 2662 ferrent
1251 2598 1743 2663 Messanenses
1793 2609 1870 2663 ut
1919 2600 2359 2679 professores
2405 2598 2584 2678 juris
2626 2609 2693 2661 et
2744 2598 3136 2661 medicinae

658 2704 922 2768 nostris
971 2704 1506 2786 subjicerentur,
1555 2716 1624 2770 et
1668 2706 1743 2769 P.
1788 2705 2092 2786 Natalis,
2141 2705 2624 2770 consentiente
2671 2719 2738 2769 et
2790 2706 3133 2787 probante

660 2810 737 2874 P.
773 2811 1069 2890 Ignati0‚
1107 2812 1191 2875 de
1235 2813 1656 2893 separandis
1696 2814 2154 2877 facultatibus
2196 2815 2495 2894 egisset,
2530 2813 2627 2876 ita
2658 2823 2766 2892 ut,
2818 2831 2958 2896 uno
2990 2812 3135 2893 qui·

657 2918 822 2980 dem
853 2936 1177 2998 corpore,
1223 2918 1410 2999 quod
1456 2921 1849 2984 contineret
1879 2922 2343 3002 Theologiae,
2389 2919 2887 2999 Philosophiae
2918 2928 2986 2982 et
3016 2919 3136 2982 hu·

656 3025 1056 3087 maniorum
1094 3026 1486 3088 litterarum
1526 3027 1865 3090 lectiones
1909 3027 2246 3091 Societati
2288 3036 2574 3090 nostrae
2618 3028 2898 3106 relict0,
2945 3026 3137 3089 aliud

655 3149 919 3212 corpus
948 3151 1038 3195 ex
1067 3132 1400 3196 facultate
1440 3134 1809 3214 utriusque
1852 3134 2031 3214 Juris
2061 3154 2147 3198 ac
2194 3133 2584 3198 medicinae
2628 3151 2788 3196 cum
2833 3127 2963 3197 suo
3007 3133 3133 3196 Re-

661 3248 856 3301 ctore
887 3240 1453 3318 constitueretur,
1490 3249 1641 3303 tam
1669 3242 1896 3320 gratis
1928 3242 2189 3304 animis
2220 3242 2293 3304 id
2323 3241 2819 3304 Messanenses
2848 3258 3133 3321 accepe-

660 3356 856 3424 runt,
887 3356 965 3410 ut
995 3347 1119 3409 vix
1155 3347 1329 3409 satis
1358 3348 1492 3409 sibi
1523 3346 1932 3412 viderentur
1972 3367 2184 3428 posse
2228 3349 2726 3411 commendare
2763 3349 2898 3411 hoc
2939 3366 3133 3428 prae-

658 3452 831 3514 dicti
858 3453 933 3515 P.
968 3451 1242 3516 Natalis
1271 3454 1645 3517 inventum
1684 3464 1752 3518 et
1786 3472 1947 3518 eum
1986 3464 2378 3540 amatorem
2408 3464 2478 3518 et
2516 3465 2791 3535 patrem
2830 3454 3137 3517 civitatis

659 3559 1036 3621 vocabant.
1070 3559 1249 3623 Cum
1286 3569 1525 3624 tamen
1564 3561 1655 3624 ad
1694 3562 2244 3642 applicationem
2281 3561 2632 3624 redituum
2660 3561 2963 3640 ,ventum
3004 3569 3133 3638 est,

660 3665 853 3728 facta
881 3664 1085 3728 dictis
1109 3667 1392 3729 minime
1414 3668 1962 3749 responderunt;
1996 3686 2164 3731 nam
2188 3678 2493 3748 quatuor
2522 3668 2737 3730 millia
2760 3684 3137 3730 aureorum

659 3772 822 3834 aliis
849 3771 1300 3835 facultatibus
1331 3775 1823 3853 assignarunt;
1855 3774 2174 3854 Collegio
2205 3786 2444 3839 autem
2464 3784 2733 3852 nostr0,
2763 3791 2923 3836 cum
2946 3773 3137 3854 quin-

662 3878 895 3941 decim
920 3879 1264 3942 lectorum
1294 3897 1473 3942 onus
1515 3881 2050 3961 imposuissent,
2086 3891 2363 3945 tantum
2391 3882 2578 3944 mille
2609 3891 2677 3944 et
2716 3881 3140 3961 quingentos

662 4003 921 4049 aureos
948 3986 1163 4048 annui
1184 3986 1454 4049 reditus
1478 3987 1950 4067 applicabant,
1982 3997 2049 4050 et
2072 3988 2352 4067 quidem
2375 3989 2464 4050 ab
2488 3987 2900 4051 officialibus
2921 3988 3140 4068 ipsius

659 4093 973 4156 civitatis
1002 4093 1402 4172 solvendos,
1437 4103 1506 4155 et
1536 4110 1631 4156 ex
1675 4094 1966 4158 arbitrio
2008 4093 2320 4174 ejusdem
2349 4095 2659 4157 civitatis
2697 4104 2920 4158 totam
2956 4094 3139 4157 hanc

750 4297 766 4328 ¹
826 4295 1103 4351 Polancus,
1125 4306 1190 4338 ex
1210 4297 1611 4349 commissione,
1633 4298 1777 4342 Patri
1802 4297 2122 4354 Hieronymo
2154 4299 2359 4353 Natali,
2398 4300 2459 4343 de
2489 4299 2801 4345 Messanensi
2825 4298 3143 4353 probationis

668 4368 816 4412 domo
836 4368 1045 4421 ejusque
1066 4367 1257 4420 ordine,
1285 4374 1407 4422 etc„
1428 4369 1483 4412 25
1502 4368 1737 4421 januarii
1774 4376 1825 4413 et
1857 4369 1886 4412 8
1918 4368 2108 4424 Martii;
2145 4382 2208 4414 ne
2241 4382 2443 4425 pueros,
2466 4382 2642 4415 eorum
2671 4370 2974 4424 parentibus
2994 4380 3140 4422 repu-

667 4436 959 4492 gnantibus,
984 4437 1036 4480 in
1057 4437 1371 4483 Societatem
1402 4440 1644 4495 accipiat,
1681 4442 1867 4484 saltem
1900 4441 1962 4484 iis
1996 4442 2176 4494 primis
2211 4442 2359 4486 annis
2392 4443 2575 4497 quibus
2613 4441 2848 4484 Societas
2877 4440 2930 4483 in
2966 4439 3144 4483 Sicilia

668 4520 766 4552 non
785 4508 916 4551 satis
935 4514 1059 4552 nota
1081 4515 1174 4562 est,
1194 4509 1223 4552 8
1243 4509 1433 4565 Martii,
1472 4513 1533 4555 de
1570 4513 1892 4568 probationis
1926 4513 2090 4566 domo,
2122 4514 2177 4557 22
2207 4513 2399 4568 Martii3
2435 4526 2502 4558 an
2536 4520 2588 4557 et
2624 4517 2873 4567 quantum
2895 4511 3144 4566 temporis

667 4580 864 4635 possint
883 4581 1064 4624 novitii
1086 4582 1255 4625 studio
1269 4583 1565 4628 litterarum
1593 4585 1902 4637 incumbere,
1922 4592 1973 4629 et
1991 4585 2053 4628 de
2067 4587 2390 4639 probationis
2407 4587 2676 4631 duratione
2695 4590 2746 4627 et
2767 4584 2931 4638 modo,
2949 4585 2974 4626 4
2992 4583 3141 4627 Octo-

663 4652 790 4696 bris.
812 4651 954 4695 Idem
972 4651 1117 4696 Patri
1139 4653 1379 4698 Cornelio
1409 4655 1747 4710 VVischaven,
1772 4657 1831 4700 de
1855 4658 2167 4702 novitiorum
2189 4659 2454 4711 regimine,
2476 4665 2590 4710 etc„
2618 4657 2798 4700 eadem
2818 4656 2915 4698 die.
