3679 5414
1581 476 1709 535 AN.
1755 477 1894 536 1550
2870 478 2974 535 107

506 632 890 703 antequam
917 639 1010 684 ex
1038 639 1126 685 ea
1154 622 1329 686 urbe
1358 621 1752 702 recederet,
1787 623 2105 686 decrevit
2134 626 2324 685 clare
2365 624 2806 701 interrogare
2840 624 2969 686 Ar-

506 729 1039 810 chiepiscopum
1070 747 1161 793 an
1193 738 1565 793 contentus
1604 729 1819 809 foret,
1865 731 1926 792 si
1956 729 2273 793 Societas
2312 739 2556 793 nostra
2595 730 2822 793 Toleti
2853 731 2968 794 do·

504 855 696 900 mum
749 846 817 899 et
862 838 1086 900 victui
1123 838 1531 900 necessaria
1575 836 2009 917 admitteret,
2062 838 2120 899 si
2167 838 2323 917 quis
2373 838 2807 900 inveniretur
2851 824 2978 918 qui

504 963 593 1007 ea
645 944 949 1007 offerret.
1006 944 1140 1006 Hic
1194 945 1503 1007 substitit
1553 944 2187 1024 ArchiepiscopuS‚
2234 953 2302 1006 et
2353 945 2531 1015 dixit
2582 944 2846 1027 aliquid
2896 961 2971 1006 se

504 1054 1037 1132 praecogitasse
1075 1062 1143 1114 et
1180 1052 1380 1114 brevi
1410 1052 1501 1114 ad
1540 1050 1865 1114 effectum
1910 1069 1984 1114 se
2028 1051 2491 1114 deducturum
2535 1068 2859 1130 sperare,
2904 1061 2978 1113 et

504 1158 731 1221 donec
782 1159 1058 1221 videret
1107 1176 1199 1221 an
1250 1159 1646 1222 institutum
1674 1168 2016 1229 ,nostrum
2064 1176 2224 1222 cum
2263 1176 2347 1221 eo
2394 1160 2841 1237 conveniret,
2895 1176 2973 1221 se

504 1266 691 1328 nolle
720 1267 1172 1346 respondere.
1217 1267 1691 1330 Existimabat
1722 1266 1850 1329 Dr.
1887 1266 2147 1329 Torres
2187 1267 2496 1346 aliquam
2534 1264 2971 1329 reformatio-

505 1372 617 1435 nis
649 1373 881 1436 ideam
925 1382 1159 1436 mente
1196 1372 1833 1453 Archiepiscopum
1871 1381 2341 1452 pertractare,
2386 1382 2507 1436 aut
2540 1373 2755 1435 etiam
2784 1382 2971 1434 exte-

505 1480 654 1543 ri'us
685 1497 970 1556 curare,
1006 1487 1076 1542 et
1105 1480 1263 1542 ideo
1287 1480 1717 1560 suspendere
1742 1497 2164 1558 responsum
2184 1497 2197 1559 ;
2224 1480 2349 1542 sed
2379 1480 2450 1543 id
2473 1480 2707 1559 potius
2729 1480 2972 1542 verisi-

505 1587 670 1648 mile
700 1595 808 1648 est
838 1587 909 1648 in
940 1602 1161 1648 causa
1190 1586 1408 1649 fuisse
1439 1585 1828 1665 dilationiS,
1863 1587 2051 1666 quod
2080 1585 2167 1648 de
2200 1586 2506 1666 quodam
2541 1586 2825 1649 decreto
2856 1602 2974 1648 ex-

504 1692 834 1756 cludendi
891 1694 1175 1773 aliquod
1238 1710 1464 1772 genus
1512 1693 1876 1758 hominum
1934 1711 1978 1755 a
2038 1693 2574 1757 canonicatibus
2624 1694 2974 1756 ecclesiae

503 1801 889 1863 Toletanae
923 1801 1426 1879 meditabatur,
1461 1800 1648 1880 quod
1679 1810 1747 1863 et
1786 1810 2039 1880 postea
2083 1801 2511 1881 impetravit.

623 1907 765 1970 256.
856 1907 1261 1988 Antequam
1317 1907 1562 1970 Toleto
1620 1906 2080 1987 egrederetur
2135 1906 2211 1969 P.
2275 1907 2679 1986 TorrensiS,
2743 1908 2972 1988 Inqui-

504 2014 796 2076 sitorem
836 2016 1240 2078 haereticae
1283 2014 1663 2094 pravitatis
1702 2024 1807 2077 est
1838 2015 2240 2094 alloquutus
2283 2024 2353 2077 et
2381 2016 2610 2078 nostri
2649 2015 2970 2093 instituti,

506 2138 669 2184 cum
698 2138 961 2200 magna
994 2122 1217 2201 ipsius
1248 2120 1767 2197 aedificatione,
1795 2122 2310 2201 cognitionem,
2342 2100 2596 2206 litteris
2620 2122 2975 2203 Apostoli-

506 2229 614 2291 cis
645 2229 711 2291 ei
743 2229 1312 2304 communicatiS,
1355 2228 1569 2291 dedit.
1614 2229 1791 2292 Cum
1830 2228 2322 2292 Gubernatore
2360 2230 2572 2292 etiam
2613 2240 2681 2293 et
2719 2232 2976 2293 comite
3069 2288 3083 2303 ,Α

506 2333 595 2397 de
626 2335 1053 2398 Fuensalida
1084 2345 1152 2397 et
1184 2336 1343 2398 aliis
1365 2335 1716 2398 nobilibus
1746 2336 1833 2399 de
1863 2336 2073 2398 rebus
2094 2347 2381 2399 nostrae
2403 2336 2781 2401 Societatis
2804 2338 2971 2416 egit,

504 2458 686 2520 quos
726 2459 972 2504 omnes
1025 2443 1286 2522 optime
1325 2441 1416 2504 ad
1468 2443 1658 2505 illam
1710 2432 2001 2505 affectos
2045 2443 2346 2522 reliquit.
2396 2442 2607 2523 Apud
2646 2433 2975 2507 comitem

505 2550 947 2612 melitensem
977 2549 1247 2629 aliquot
1272 2548 1518 2612 diebus
1547 2548 1708 2629 fuit,
1743 2551 1864 2629 qui
1895 2560 2257 2630 tamquam
2282 2549 2656 2614 Societatis
2686 2561 2976 2615 nostrae

505 2655 871 2738 professus
900 2657 986 2720 de
1016 2656 1228 2719 rebus
1259 2657 1523 2720 nostris
1552 2657 1969 2737 loquebatur
2001 2666 2068 2720 et
2099 2658 2379 2736 agebat.
2753 2739 2756 2746 .

622 2763 763 2826 257.
854 2763 1087 2826 Rediit
1117 2763 1192 2826 P.
1230 2764 1603 2826 Torrensis
1634 2762 2163 2841 Salmanticam,
2197 2766 2313 2827 ubi
2343 2766 2671 2828 undecim
2699 2784 2789 2828 ex
2817 2783 2973 2828 nos·

502 2872 631 2934 tris
660 2880 885 2949 erant,
917 2880 986 2934 et
1017 2872 1313 2952 ipsemet
1345 2872 1480 2933 hoc
1512 2888 1698 2934 anno
1728 2881 2052 2951 patentes
2080 2873 2352 2935 litteras
2382 2872 2685 2952 accepit,
2722 2872 2977 2952 quibus

499 2977 652 3058 eJus
693 2978 993 3056 Collegii
1031 2977 1293 3040 Rector
1335 2978 1426 3040 ad
1467 2979 1850 3041 triennium
1889 2979 2287 3042 creabatur.
2339 2979 2440 3041 Ibi
2479 2980 2976 3042 intellexerunt

502 3086 974 3148 annexionem
1031 3101 1187 3147 esse
1253 3084 1518 3147 factam
1584 3083 1953 3163 cujusdam
2018 3086 2471 3166 Capellaniae
2538 3085 2968 3165 CauriensiS,

499 3209 681 3272 quae
710 3192 857 3254 fere
888 3193 1339 3270 octingentos
1368 3192 1666 3255 ducatos
1695 3194 1914 3255 annui
1943 3193 2211 3255 reditus
2240 3193 2555 3268 valebat,
2588 3202 2658 3254 et
2689 3192 2780 3254 ad
2815 3209 2973 3272 pos-

500 3299 895 3362 sessionem
945 3299 1370 3379 capiendam
1417 3300 1702 3362 nomine
1753 3299 2047 3378 Collegii
2102 3300 2671 3379 procuratorium
2722 3300 2975 3362 instru-

499 3414 814 3468 mentum
832 3404 1291 3468 confecerunt
1313 3414 1381 3468 et
1399 3405 1801 3468 Cardinalis
1824 3406 2164 3468 ministris
2189 3407 2550 3469 dederunt.
2572 3405 2713 3468 Res
2737 3415 2977 3469 tamen

499 3512 740 3575 litibus
769 3522 924 3575 erat
956 3513 1290 3591 obnoxia,
1318 3513 1503 3575 unde
1528 3529 1890 3592 nunquam
1913 3513 2092 3575 ullos
2116 3512 2263 3592 ejus
2287 3511 2558 3575 fructus
2583 3512 2977 3591 Collegium

497 3621 836 3700 percepit;
879 3629 947 3682 et
986 3620 1090 3682 rei
1133 3628 1428 3682 eventus
1467 3637 1718 3682 verum
1755 3636 1911 3682 esse
1935 3620 2255 3682 'ostendit
2302 3620 2488 3700 quod
2529 3617 2841 3701 Joannes
2887 3619 2975 3682 de

498 3727 742 3806 Vega,
787 3726 1068 3790 Siciliae
1102 3726 1418 3804 Pro-rex,
1468 3726 1662 3789 Patri
1691 3728 1979 3806 Laynez
2009 3727 2309 3805 dixerat,
2346 3727 2460 3789 cui
2489 3745 2651 3790 cum
2680 3726 2976 3790 referret

498 3835 789 3915 Laynez
812 3834 1260 3897 Cardinalem
1283 3833 1741 3897 Cauriensem
1762 3833 2157 3912 Collegium
2181 3832 2656 3897 Salmanticae
2675 3834 2975 3912 erigere,

500 3939 812 4003 subdidit
846 3940 983 4003 ille:
1017 3958 1161 4002 non
1190 3940 1435 4017 cred03
1469 3948 1565 4019 at,
1603 3941 1833 4020 inquit
1863 3940 2182 4020 Laynez,
2218 3958 2334 4003 res
2357 3940 2503 4021 jam
2533 3949 2744 4021 pacta
2773 3948 2881 4003 est
2909 3948 2978 4001 et

496 4048 882 4127 applicatio
926 4046 1278 4110 redituum
1320 4045 1543 4126 facta3
1577 4047 1772 4109 addit
1818 4048 1972 4110 ille:
2022 4047 2234 4110 etiam
2275 4048 2339 4110 si
2380 4047 2648 4111 factum
2677 4048 2798 4125 sit,
2833 4064 2977 4109 non

497 4154 735 4217 cred0.
771 4154 1286 4217 Perseverabat
1311 4154 1769 4217 nihilominus
1802 4154 2204 4217 Cardinalis
2243 4155 2315 4217 in
2355 4155 2592 4235 aliqua
2631 4154 2977 4234 pecuniae

495 4278 775 4323 summa
805 4261 896 4323 ad
929 4261 1429 4344 sustentandos
1448 4261 1629 4323 duos
1654 4263 1767 4323 vel
1790 4270 1937 4323 tres
1960 4279 2049 4323 ex
2071 4261 2358 4340 nostris,
2385 4268 2455 4323 et
2480 4261 2736 4341 agebat
2760 4262 2978 4325 etiam

496 4366 585 4429 de
624 4368 932 4447 quadam
974 4355 1410 4446 capellania,
1467 4366 1667 4448 cujus
1708 4368 1995 4430 domum
2035 4368 2543 4430 conductitiam
2583 4367 2976 4446 Collegium

498 4474 977 4549 inhabitabat,
1013 4473 1245 4536 eidem
1276 4474 1655 4536 obtinenda
1690 4471 1731 4533 ¹.

472 4649 477 4654 ·
581 4642 597 4672 ¹
659 4641 792 4684 Vide
815 4650 991 4685 annot.
1014 4642 1149 4685 infra
1170 4644 1265 4685 sub
1285 4653 1334 4684 n.
1355 4641 1451 4685 309.
1481 4641 1716 4696 Ignatius
1739 4641 1957 4685 Domino
1977 4641 2162 4684 Musson
2193 4641 2430 4693 (Μυῠοτὲ)
2459 4644 2810 4695 gratulatoria
2830 4644 2890 4686 de
2913 4643 2976 4686 iis

494 4723 631 4766 quae
652 4713 704 4755 in
724 4712 962 4756 favorem
986 4712 1266 4757 Societatis
1303 4713 1654 4756 salmanticae
1691 4713 1819 4767 agit,
1855 4724 2026 4757 mense
2062 4711 2368 4757 Februario.
2403 4713 2598 4756 Eodem
2635 4720 2865 4768 tempore
2889 4714 2978 4757 Po-
