3679 5414
715 453 827 513 364
1622 451 1876 513 Canon.
1918 450 2070 511 Soc,
2112 452 2253 526 jes.

722 607 1007 662 nostros
1036 608 1104 661 et
1134 617 1218 661 ea
1248 598 1676 661 existimatio
1705 608 1802 676 ut,
1838 599 1958 678 qui
1985 599 2159 678 ipsis
2179 615 2323 661 non
2346 597 2818 677 confiteretur,
2852 598 3188 678 quodam-

722 705 931 769 modo
962 723 1103 769 non
1133 722 1287 768 esse
1317 706 1683 769 confessus
1713 706 1846 769 sibi
1884 705 2266 769 videretur.
2313 705 2733 784 Collegiales
2761 713 2997 768 autem
3038 723 3181 768 non

722 813 1128 876 sacerdotes
1167 813 1294 875 sub
1325 811 1537 875 finem
1566 812 2519 893 quadragesimae-operibus
2549 812 2946 891 charitatiS,
2979 830 3175 892 prae-

720 920 965 983 sertim
989 919 1079 983 ad
1101 919 1641 982 subventionem
1663 936 2056 1000 pauperum
2077 927 2147 982 et
2168 919 2261 982 ad
2289 919 2726 982 infirmorum
2749 919 3185 982 curationem

718 1027 1096 1090 vacabant.
1122 1026 1302 1090 Cum
1324 1027 1537 1089 etiam
1559 1027 2036 1106 poenitentiae
2060 1027 2219 1106 plus
2249 1026 2423 1089 satis
2450 1025 2919 1105 indulgerent,
2954 1025 3030 1088 Ρ.
3057 1025 3186 1090 Ur-

719 1134 944 1197 banus
985 1133 1289 1214 injunxit
1326 1143 1402 1196 ut
1443 1133 1534 1197 ad
1561 1151 1648 1196 se
1689 1133 1969 1212 flagella
2025 1141 2093 1196 et
2143 1133 2380 1196 cilicia
2429 1131 2785 1196 deferrent
2815 1142 2885 1195 et
2915 1132 2975 1195 si
3006 1149 3187 1213 quae

719 1241 971 1304 similia
1003 1240 1113 1303 his
1142 1249 1410 1321 essent,
1458 1248 1526 1303 et
1568 1257 1908 1319 magnam
1935 1237 2337 1319 hujusmodi
2366 1257 2605 1303 rerum
2648 1240 2924 1319 copiam
2949 1237 3037 1301 ad
3068 1250 3185 1301 cu*

717 1347 1028 1411 biculum
1056 1348 1278 1427 ipsius
1307 1348 1614 1410 delatam
1643 1348 1951 1427 collegit;
1987 1355 2055 1409 et
2086 1347 2267 1410 inter
2298 1346 2581 1425 flagella
2607 1346 2956 1426 quaedam
2984 1354 3186 1409 erant

717 1465 865 1518 tam
905 1471 1165 1533 aspera
1205 1463 1283 1517 ut
1334 1453 1594 1518 inferre
1647 1462 2150 1517 nocumentum
2195 1454 2610 1533 corporibus
2649 1454 3070 1534 potuissent,
3124 1452 3186 1516 si

720 1562 1075 1642 prohibita
1104 1579 1249 1624 non
1278 1571 1534 1624 essent.

839 1668 978 1730 408.
1066 1668 1467 1749 Numquam
1506 1677 1654 1731 tam
1691 1669 1834 1732 late
1873 1668 2243 1731 missiones
2283 1684 2496 1748 quam
2534 1667 2668 1729 hoc
2714 1684 2899 1729 anno
2947 1675 3185 1747 patue-

718 1784 904 1838 runt.
939 1775 1199 1839 Missus
1234 1775 1365 1838 fuit
1397 1774 1472 1839 P.
1508 1776 1919 1855 Alphonsus
1949 1775 2195 1854 Teglio
2221 1772 2238 1804 ¹
2271 1792 2432 1837 cum
2463 1774 2682 1853 soci0,
2718 1773 2792 1836 P.
2828 1773 3182 1852 CorneliO,

721 1882 811 1946 ad
840 1883 1270 1962 Episcopum
1300 1881 1953 1962 Portalegrensem,
1986 1890 2055 1945 et
2096 1883 2168 1945 in
2206 1881 2455 1944 itinere
2495 1898 2657 1943 cum
2688 1880 2777 1943 ad
2817 1880 3175 1961 oppidum,

719 1989 1001 2052 nomine
1031 1989 1087 2052 F
1092 1989 1431 2070 igeidum,
1466 1989 1937 2069 pervenisset,
1978 1998 2047 2051 et
2076 1989 2360 2069 pluviae
2400 1989 2855 2051 vehementes
2885 1987 3017 2050 iter
3057 1988 3180 2050 im·

718 2097 1062 2176 peditent,
1095 2096 1442 2176 primores
1472 2094 1622 2176 eJus
1651 2096 1893 2176 oppidi
1931 2104 2214 2158 nostros
2247 2096 2321 2157 in
2358 2095 2691 2175 hospitali
2721 2083 3045 2158 adierunt
3071 2112 3176 2157 ro-

716 2212 1136 2282 garuntque,
1165 2202 1497 2282 quoniam
1521 2200 1715 2265 Deus
1738 2220 1985 2266 eorum
2004 2219 2365 2266 recessum
2388 2202 2727 2282 impedire
2750 2218 2875 2281 per
2905 2201 3187 2281 pluvias

720 2308 1103 2388 videretur,
1157 2317 1233 2371 ut
1283 2326 1359 2371 se
1402 2309 1755 2372 consolari
1797 2327 1925 2390 per
1967 2309 2569 2390 praedicationem
2613 2318 2681 2372 et
2718 2307 3186 2371 confessionis

722 2424 1246 2478 sacramentum
1275 2416 1558 2493 vellent3
1592 2434 1835 2479 omnes
1865 2434 1965 2495 se,
1998 2434 2127 2499 pro
2158 2415 2558 2479 devotionis
2587 2414 2862 2491 affectu,
2899 2432 3036 2495 quo
3058 2412 3178 2477 So·

722 2522 1050 2585 cietatem
1073 2523 1740 2603 complectebantur,
1768 2523 1930 2586 licet
1955 2523 2500 2603 quadragesima
2524 2523 2835 2585 nondum
2860 2521 3180 2584 advenis-

723 2636 859 2707 set,
902 2637 1197 2709 peccata
1248 2629 1694 2693 confessuros
1746 2648 1925 2694 esse.
1980 2629 2378 2712 Coeperunt
2415 2631 2641 2692 nostri
2689 2629 2927 2710 populi
2976 2625 3180 2707 hujus

724 2735 1199 2800 confessiones
1230 2737 1472 2800 audire
1504 2746 1571 2801 et
1599 2737 1847 2801 decem
1866 2739 1982 2800 vel
2005 2738 2332 2802 undecim
2352 2737 2602 2801 diebus
2624 2737 2770 2800 fere
2795 2753 3039 2799 omnes
3062 2754 3183 2798 au·
3280 2736 3285 2742 ’

675 2831 692 2848 ’
722 2843 1020 2906 dierunt.
1056 2844 1534 2908 Concionatus
1573 2855 1680 2908 est
1718 2846 1932 2908 etiam
1971 2845 2047 2908 P.
2091 2845 2501 2926 Alphonsus
2537 2844 2907 2924 aliquoties
2929 2892 2943 2921 ,
2996 2843 3180 2906 unde

720 2949 943 3030 maJor
968 2951 1057 3013 ad
1080 2951 1594 3014 confessionem
1617 2951 2121 3015 instituendam
2143 2952 2383 3015 fervor
2407 2951 2728 3015 accessit.
2757 2950 2945 3014 Inter
2969 2950 3145 3012 alios
3163 2996 3180 3028 ‚

721 3057 840 3137 qui
888 3057 1038 3137 ejus
1087 3058 1545 3121 concionibus
1594 3059 1802 3122 valde
1855 3059 2188 3122 commoti
2222 3058 2533 3133 fuerunt,
2578 3059 2787 3137 virgo
2828 3057 3175 3138 quaedam

718 3164 1059 3244 primaria
1089 3164 1238 3239 fuit,
1273 3182 1453 3245 quae
1483 3165 1690 3228 vanis
1720 3167 1999 3245 pompis
2027 3174 2097 3228 et
2126 3166 2494 3229 ornatibus
2517 3162 3043 3245 supramodum
3066 3163 3186 3227 de·

722 3272 890 3349 dita,
925 3288 1087 3334 cum
1115 3271 1264 3352 eJus
1293 3282 1495 3352 pater
1524 3273 1738 3335 vellet
1767 3290 1928 3335 eam
1947 3273 2193 3353 nuptui
2216 3271 2520 3353 tradere,
2546 3273 2810 3334 nullum
2836 3272 2954 3334 illa
2978 3288 3180 3351 spon·

721 3397 877 3442 sum
907 3397 983 3443 se
1013 3379 1306 3458 dignum
1335 3379 1835 3459 arbitrabatur3
1870 3380 1995 3443 sed
2023 3381 2128 3443 sic
2151 3381 2530 3443 illustravit
2553 3378 2704 3459 ejus
2725 3379 3055 3441 tenebras
3077 3375 3176 3439 di-

723 3486 893 3549 vina
921 3487 1046 3549 lux
1075 3497 1149 3549 ut
1178 3488 1371 3549 nulla
1400 3487 1886 3567 lacrymarum
1916 3488 2121 3568 copia
2153 3505 2281 3550 sua
2309 3497 2607 3569 peccata
2647 3486 2902 3549 deflere
2933 3503 3010 3548 se
3038 3483 3180 3547 suf-

722 3593 1037 3657 ficienter
1064 3612 1274 3673 posse
1297 3593 1669 3675 judicaret,
1696 3604 1786 3673 et,
1815 3595 2006 3657 omni
2030 3603 2285 3658 ornatu
2310 3593 2585 3675 abjecto
2609 3602 2678 3656 et
2698 3593 3066 3657 vilissimis
3085 3600 3180 3654 te·

724 3710 841 3763 cta
869 3700 1204 3779 vestibuS‚
1239 3718 1423 3764 vane
1455 3709 1860 3764 anteactam
1899 3702 2122 3765 vitam
2160 3701 2430 3765 tamdiu
2469 3702 2682 3781 luxit,
2727 3700 2952 3765 donec
2992 3716 3068 3762 se
3108 3699 3180 3761 in

725 3808 1234 3871 monasterium
1262 3808 1699 3887 monialium,
1733 3816 1808 3871 ut
1836 3808 1911 3871 in
1937 3809 2371 3888 poenitentia
2412 3807 2598 3888 quod
2634 3807 2983 3887 reliquum
3028 3813 3189 3868 erat-

725 3914 918 3977 vitae
948 3915 1288 3994 exigeret,
1323 3915 1639 3978 contulit.

844 4020 985 4082 409.
1071 4021 1254 4084 Hinc
1279 4021 1640 4101 progressi
1663 4022 1921 4101 nostri,
1949 4022 2361 4102 Alphonsus
2390 4022 2915 4100 eleemosynam
2944 4038 2986 4081 a
3017 4035 3179 4100 quo·

733 4128 897 4191 dam
926 4128 998 4190 in
1027 4128 1276 4192 itinere
1306 4139 1725 4192 occurrente
1753 4129 1913 4191 viro
1943 4129 2292 4191 honorato
2323 4127 2743 4208 postulavit,
2779 4143 2994 4207 quam
3024 4141 3194 4188 cum

727 4235 841 4298 ille
869 4235 1163 4298 libenter
1194 4234 1526 4314 dedisset,
1560 4235 1798 4299 socius
1828 4234 1980 4316 ejus
2020 4236 2479 4315 etsuperior,
2521 4233 2599 4296 P.
2642 4233 3040 4311 Cornelius,
3088 4230 3189 4294 di-

727 4343 831 4405 xit
872 4343 1352 4406 necessariam
1380 4343 1691 4406 nondum
1722 4343 1853 4406 sibi
1895 4345 2422 4424 eleemosynam
2458 4359 2645 4422 esse;
2680 4359 2921 4422 quare,
2965 4347 3040 4402 ut
3068 4338 3183 4401 do·

726 4451 927 4513 nanti
955 4449 1355 4513 restitueret
1387 4448 1708 4530 injunxit.
1743 4450 2159 4514 Admiratus
2187 4450 2397 4514 valde
2428 4451 2511 4530 iS,
2545 4450 2665 4513 cui
2687 4448 3012 4512 restituta
3040 4445 3189 4509 fue-

815 4691 831 4723 ¹
889 4690 1040 4733 Alias
1058 4690 1239 4734 scribit
1261 4691 1369 4745 ipse
1388 4689 1598 4734 Polanci
1618 4691 1864 4735 librarius
1893 4690 1935 4734 T
1934 4691 2083 4735 ellel.
