3679 5414
728 445 832 503 102
1633 443 1889 504 Canon,
1930 444 2109 507 Soc..
2130 444 2268 518 Jsss.

728 591 954 653 tiones
984 591 1098 653 ille
1127 589 1336 652 facile
1366 598 1801 670 superasset,
1836 598 1905 652 et
1933 588 2184 667 frater,
2229 591 2553 668 exemplo
2592 588 3075 667 Collegialium
3120 601 3189 651 et

727 697 966 760 verbis
995 697 1373 775 emollituS,
1409 695 1560 776 ejus
1587 696 2029 776 propositum
2060 695 2594 776 comprobasset
2622 704 2691 758 et
2714 696 2800 758 de
2824 695 3032 771 rebus
3055 697 3188 776 spi-

729 804 1099 867 ritualibus
1130 820 1344 882 agere
1374 812 1442 866 et
1471 804 1544 865 in
1573 805 1675 867 eis
1704 803 2022 866 exerceri
2053 803 2446 881 statuisset,
2482 803 2648 883 quia
2684 803 3059 866 timebatur
3100 822 3203 867 ne·

728 921 954 974 mater
983 911 1136 991 ipsa
1167 909 1519 973 Gandiam
1547 910 1844 988 veniret,
1878 910 2178 973 Romam
2208 910 2538 972 dimissus
2566 920 2696 973 est.

847 1017 987 1080 244.
1072 1017 1391 1081 Marchio
1421 1018 1508 1080 de
1535 999 1890 1098 Lombay,
1925 1026 2086 1097 post
2112 1017 2339 1098 patris
2377 1016 2801 1094 discessum,
2836 1018 3200 1097 quoddam·

725 1125 1141 1204 Collegium,
1177 1126 1363 1205 quod
1393 1124 1894 1204 Conceptionis
1932 1124 2279 1187 Dominae
2319 1124 2623 1187 Nostrae
2662 1124 3212 1188 invocationem·

728 1233 993 1311 habuit,
1029 1242 1097 1295 et
1125 1231 1531 1294 inchoatum
1556 1229 1704 1310 jam
1733 1241 1908 1308 erat,
1943 1231 2268 1308 absolvit;
2301 1232 2374 1293 in
2414 1249 2552 1311 quo
2602 1231 2918 1310 theologi
2958 1230 3049 1294 ad
3091 1232 3188 1294 in·

732 1348 1166 1402 crementum
1197 1347 1266 1402 et
1294 1339 1908 1416 conservationem
1948 1338 2447 1402 Universitatis
2480 1339 2876 1418 excipiendi
2907 1346 3111 1401 erant
3144 1337 3184 1401 ¹.

849 1445 991 1511 245.
1081 1446 1291 1509 Circa
1321 1447 1714 1508 litterarum
1744 1445 2327 1508 exercitationem
2357 1446 2598 1509 fervor
2626 1463 2767 1508 non
2795 1448 3098 1524 exiguus
3120 1447 3198 1509 in

732 1553 1184 1616 scholasticis
1215 1554 1528 1615 omnium
1558 1551 1975 1615 facultatum
2004 1552 2156 1615 suit.
2193 1551 2513 1615 Additus·
2540 1551 2961 1631 est'linguae
2992 1568 3204 1632 grae·

730 1678 857 1722 cae
888 1662 1112 1724 lector
1143 1662 1213 1723 in
1244 1659 1635 1723 studiorum
1666 1660 2129 1722 renovatione
2161 1660 2232 1722 in
2260 1659 2440 1723 festo
2470 1660 2659 1722 Divi·
2678 1659 2944 1738 Lucae,
2981 1677 3191 1723 cursu

730 1784 860 1847 pro
894 1785 1089 1830 more
1122 1768 1476 1846 inchoat0,
1511 1767 1631 1829 ubi
1663 1768 1892 1829 oratio
1921 1768 2143 1829 latina
2172 1777 2318 1829 tam
2347 1768 2643 1846 pulchra
2675 1776 2780 1829 est
2810 1767 3079 1843 habita,
3116 1775 3192 1830 ut

730 1892 891 1936 eam
921 1875 1242 1937 Marchio
1273 1873 1359 1937 de
1381 1874 1702 1953 Lombay
1742 1874 1933 1953 typis
1977 1873 2235 1937 excudi
2278 1875 2608 1937 voluerit.
2650 1874 2841 1936 Idem
2881 1873 3191 1937 interfuit

733 1981 1203 2060 positionibus
1243 1979 1556 2044 omnium
1605 1979 2022 2043 facultatum
2072 1997 2199 2059 per
2249 1981 2558 2043 triduum
2608 1981 2982 2060 disputatis
3033 1998 3193 2043 cum

731 2088 1152 2151 Rectoribus
1201 2099 1270 2151 et
1319 2088 1700 2168 primariae
1743 2088 2087 2150 ecclesiae
2137 2089 2446 2167 capitulo
2503 2106 2589 2150 ac
2640 2089 2798 2150 aliis
2841 2088 3205 2151 nobilibus.

701 2197 934 2258 ‘viris
969 2194 1315 2258 Sustinuit
1345 2196 1618 2273 logicas
1647 2195 2140 2257 conclusiones
2164 2194 2252 2256 D.
2278 2194 2769 2257 Ferdinandus
2792 2196 2879 2257 de
2903 2195 3193 2274 Borgia,

732 2303 958 2366 Ducis
986 2302 1194 2382 filiuS,
1230 2312 1299 2365 et
1328 2312 1474 2365 tam
1504 2303 1780 2364 externi
1809 2319 2022 2382 quam
2054 2302 2423 2365 domestici
2454 2303 2742 2381 egregie
2782 2311 2945 2364 sunt
2986 2319 3194 2382 argu·

732 2411 1046 2488 mentati,
1082 2407 1214 2472 nec
1245 2411 1476 2472 minus
1505 2409 1681 2471 bene
1712 2409 1850 2471 illis
1881 2419 1987 2472 est
2015 2426 2459 2488 responsum3
2490 2418 2560 2471 et
2588 2427 2750 2471 cum
2781 2410 3195 2472 concionem

732 2517 1098 2594 habuisset
1136 2516 1213 2579 Ρ.
1257 2517 1579 2595 Baptista
1618 2526 1687 2579 et
1726 2516 2189 2579 scholasticos
2238 2517 2563 2579 hortatus
2612 2527 2800 2579 esset
2849 2525 2958 2594 ut,
3005 2527 3191 2596 post-

724 2640 942 2702 quam
974 2608 1260 2702 i'ngenia
1291 2623 1886 2702 disputationibus
1916 2624 2431 2700 exercuissent,
2474 2640 2737 2685 novam
2776 2623 3184 2701 disputatio-

728 2748 888 2793 nem
919 2748 1085 2792 cum
1125 2732 1490 2794 voluntate
1528 2732 1820 2811 propria
1864 2731 2300 2805 inchoarent,
2343 2739 2411 2792 et
2454 2732 2619 2810 quia
2659 2731 2731 2805 in
2769 2732 3195 2793 malevolam

730 2839 1042 2900 animam
1072 2856 1213 2900 non
1245 2838 1560 2901 introibit
1601 2839 1981 2918 sapientia,
2026 2848 2101 2900 ut
2141 2839 2614 2900 conscientias
2653 2854 2779 2917 per
2816 2836 3193 2915 confessio-

723 2962 886 3007 nem
916 2954 1309 3024 purgarent
1349 2945 1865 3022 admonuisset,
1910 2945 2056 3007 fere
2098 2962 2341 3007 omnes
2382 2945 2792 3006 scholastici
2831 2943 3201 3007 Universi·

717 3053 898 3120 ,tatis
927 3062 1090 3114 sunt
1120 3051 1446 3114 confessi.

843 3158 984 3220 246.
1074 3158 1472 3221 Dominicis
1516 3176 1599 3222 ac
1644 3158 1846 3222 festis
1895 3158 2164 3237 diebus,
2220 3158 2639 3237 praesertim
2692 3159 3193 3223 accedentibus

722 3265 924 3328 festis
953 3265 1338 3345 Natalitiis‚
1376 3285 1537 3329 cum
1561 3266 1852 3347 jubilaei
1882 3267 2148 3345 gratia,
2192 3283 2372 3345 quae
2414 3267 2699 3328 obtenta
2730 3265 2989 3345 fuerat,
3033 3284 3191 3346 pro.-

725 3374 1184 3453 mulgaretur,
1232 3375 1433 3436 multi
1470 3374 1855 3436 admodum
1895 3372 1985 3435 ad
2036 3372 2504 3435 confessionis
2556 3383 2624 3435 et
2673 3372 3193 3438 communionis

725 3477 1190 3551 Sacramenta
1222 3491 1697 3557 accesserunt;
1740 3491 1808 3543 et
1849 3468 2317 3542 admiratione
2363 3479 2493 3542 fuit
2533 3480 2749 3558 digna
2791 3481 3190 3543 sollicitudo

722 3604 862 3665 qua
915 3603 1263 3665 pauperes
1306 3598 1375 3650 et
1413 3587 1668 3650 divites
1708 3605 1784 3649 se
1823 3587 1913 3649 ad
1959 3588 2141 3649 hanc
2184 3586 2692 3666 indulgentiam
2734 3587 3192 3650 obtinendam

722 3702 1264 3773 compararunt;
1305 3712 1435 3756 nec
1478 3695 1763 3773 mirum,
1812 3712 1974 3756 cum
2014 3693 2102 3756 ad
2144 3694 2428 3773 pietatis
2467 3711 2684 3773 opera
2723 3696 3024 3774 populus
3074 3694 3195 3756 ille

724 3799 934 3862 valde
985 3816 1381 3879 propensus
1431 3810 1650 3879 esset,
1695 3800 1860 3863 dum
1899 3803 2105 3880 quale
2156 3811 2368 3879 caput
2407 3802 2583 3862 tales
2625 3810 2692 3864 et
2724 3800 2986 3864 subditi
3022 3801 3185 3863 sint.

721 3908 921 3970 Licet
956 3917 1192 3970 autem
1221 3906 1478 3971 fratres
1506 3909 1732 3971 nostri
1776 3909 1849 3971 in
1886 3909 2250 3971 litterariis
2292 3908 2921 3971 exercitationibus
2968 3909 3191 3989 quoti-

721 4015 835 4077 die
867 4014 1061 4099 domi
1091 4023 1160 4077 et
1190 4015 1712 4095 decimoquinto
1745 4032 2025 4096 quoque
2065 4014 2178 4077 die
2218 4015 2497 4094 publice
2540 4015 2612 4076 in
2651 4015 2917 4077 scholis
2957 4015 3190 4095 dispu-

724 4120 941 4184 tando
972 4121 1498 4201 distinerentur,
1531 4123 1667 4185 hoc
1699 4131 1934 4185 tamen
1965 4131 2309 4202 tempore,
2354 4124 2475 4201 qui
2514 4122 2922 4185 sacerdotes
2961 4133 3184 4201 erant,

724 4229 1074 4308 proximis
1107 4246 1321 4291 suam.
1339 4247 1628 4309 operam
1670 4229 2025 4308 denegare
2067 4247 2211 4292 non
2247 4239 2649 4309 potuerunt.
2682 4229 2761 4292 In
2799 4229 3194 4293 invisendis

727 4336 945 4398 etiam
976 4337 1512 4415 aegrotantibus
1547 4346 1614 4399 et
1639 4335 1976 4416 juvandis
2008 4338 2115 4415 iis,
2149 4337 2269 4416 qui
2301 4339 2511 4427 morti
2540 4338 2916 4417 propinqui
2961 4348 3184 4416 erant,

729 4442 974 4504 utilem
1013 4460 1304 4522 operam
1342 4454 1727 4519 navarunt;
1772 4455 1842 4507 et
1894 4446 1965 4507 in
2006 4445 2339 4523 hospitali
2380 4446 2744 4523 copiosam
2794 4444 3190 4507 habuerunt

810 4610 826 4641 ¹
885 4609 1134 4663 Ignatius,
1162 4609 1349 4653 Carolo
1369 4610 1430 4653 de
1453 4610 1645 4664 Bon-gia
1659 4643 1669 4663 ,
1690 4610 1975 4654 Marchionl
1995 4612 2057 4654 de
2078 4610 2327 4667 Lombay,
2353 4612 2403 4653 13
2422 4611 2557 4663 junii
2579 4611 2703 4663 (Eas
2718 4612 2879 4656 habes
2904 4614 2953 4655 ln
2974 4619 3113 4655 tomo
3134 4622 3191 4667 ιι,

728 4692 851 4734 pag.
872 4680 967 4734 227,
992 4681 1186 4725 cartas
1207 4681 1273 4724 de
1295 4681 1404 4724 San
1425 4681 1686 4735 Ignacum
1705 4682 1837 4725 idem
1859 4682 2038 4734 eidem,
2058 4684 2077 4724 1
2101 4681 2425 4726 Novembris„
