3679 5414
676 429 684 436 -
743 478 855 539 738
1664 472 1922 534 Canon.
1948 475 2120 534 Soc.
2162 474 2302 547 JES.

858 622 1001 687 686.
1087 620 1225 687 Sed
1255 631 1324 685 et
1348 620 1634 703 janitor,
1668 621 1788 701 qui
1816 622 1945 685 sub
1981 622 2159 685 hora
2188 621 2467 702 prandii
2511 629 2580 684 et
2609 638 2873 684 coenae
2904 622 3217 685 eleemo·

740 748 961 812 synas
1001 730 1430 810 pauperibus
1478 728 1863 808 distribuit,
1918 746 2137 792 unum
2188 747 2279 791 ex
2327 728 2757 808 pauperibus
2802 729 3213 793 institutum

739 839 975 915 habet,
1009 837 1127 918 qui
1160 836 1328 901 dum
1357 836 1509 916 ipse
1539 837 2066 915 eleemosynam
2097 835 2233 898 illis
2262 822 2503 914 parat,
2541 853 2785 898 omnes
2818 835 2994 899 alios
3022 836 3201 900 chri-

741 947 1051 1010 stianam
1084 944 1483 1007 doctrinam
1506 943 1746 1022 docet;
1778 943 1929 1022 ipse
1958 950 2205 1022 postea
2230 942 2626 1022 egredienS,
2652 942 2974 1032 eamdem
2996 944 3204 1007 simul

740 1070 902 1116 cum
945 1052 1119 1132 ipsis
1157 1051 1390 1114 denuo
1442 1050 1727 1130 repetit;
1774 1058 1844 1112 et
1885 1049 1983 1112 ita
2022 1065 2287 1128 magna
2324 1067 2494 1130 pars
2533 1050 2671 1114 diei
2718 1066 2802 1113 ac
2852 1051 3084 1114 noctis
3128 1051 3201 1114 in

739 1159 1139 1240 huJusmodi
1189 1158 1514 1222 doctrina
1567 1166 1635 1220 et
1683 1156 2123 1219 orationibus
2173 1174 2257 1219 ac
2307 1157 2635 1220 laudibus
2684 1156 2819 1220 Dei
2859 1158 3215 1238 expende--

740 1269 973 1331 batur.

857 1373 1001 1437 687.
1088 1373 1242 1436 Hoc
1273 1389 1483 1449 ann0,
1516 1379 1592 1434 ut
1623 1379 1772 1434 tam
1800 1370 2174 1434 domestici
2204 1388 2417 1452 quam
2446 1373 2720 1436 externi
2749 1389 3012 1452 magno
3043 1390 3211 1437 cum

737 1499 953 1545 sensu
1001 1480 1442 1556 fatebantur,
1494 1494 1611 1540 res
1657 1476 2031 1541 Societatis
2068 1495 2210 1541 non
2252 1479 2482 1541 solum
2529 1478 2728 1541 Goae
2778 1479 2903 1543 sed
2940 1488 3088 1543 tota
3130 1481 3207 1542 in

739 1588 940 1653 India
980 1587 1210 1666 magis
1245 1585 1498 1648 florere
1535 1602 1748 1665 quam
1789 1602 2103 1665 unquam
2152 1593 2362 1648 antea
2413 1594 2828 1666 coeperunt,
2871 1603 3002 1649 nec
3051 1585 3220 1666 ejus

740 1704 1016 1759 tantum
1069 1695 1211 1756 late
1266 1692 1496 1772 patuit
1552 1692 1782 1755 bonus
1839 1691 2016 1755 odor
2072 1700 2195 1755 aut
2251 1691 2523 1755 fructus
2580 1702 2744 1756 ante
2801 1693 2871 1755 id
2927 1702 3213 1773 tempus

742 1818 1056 1882 unquam
1089 1801 1160 1863 in
1196 1800 1332 1862 illis
1361 1799 1791 1878 regionibus.
1828 1798 2211 1862 Crescebat
2234 1798 2482 1862 eodem
2512 1800 2722 1862 modo
2755 1809 2824 1862 et
2852 1800 3206 1864 existima·

741 1909 839 1972 tio
870 1917 939 1970 et
969 1924 1169 1970 amor
1197 1906 1562 1969 hominum
1593 1921 1765 1984 erga
1811 1905 2034 1983 illam,
2078 1905 2170 1968 ad
2208 1905 2397 1984 quod
2434 1922 2868 1986 magnopere
2910 1905 3206 1970 contulit

739 2015 1091 2078 adventus
1133 2014 1209 2076 P.
1253 2012 1628 2092 GaspariS,
1659 2011 1802 2092 'qui
1856 2011 2096 2074 statim
2144 2021 2304 2091 post
2354 2010 2740 2076 adventum
2787 2030 2992 2076 suum
3042 2031 3204 2076 cum

741 2121 1211 2186 tintinnabulo
1241 2136 1503 2200 pueros
1533 2135 1935 2183 convocare
1967 2119 2117 2198 ipse
2148 2118 2379 2198 coepit
2416 2127 2485 2181 et
2516 2119 2654 2181 alia
2685 2118 3085 2199 huJ’usmodi
3113 2120 3214 2184 add

742 2229 1105 2293 civitatem
1155 2226 1637 2304 excitandam,
1695 2243 1908 2306 quae,
1963 2234 2039 2288 ut
2087 2224 2366 2304 Ninive,
2420 2224 2727 2305 quadam
2777 2227 3219 2291 excitatione

643 2343 648 2348 '
739 2337 1043 2401 ferventi
1074 2334 1455 2413 indigebat.
1491 2331 1668 2396 Cum
1708 2341 1947 2395 autem
1985 2350 2076 2395 ex
2119 2331 2309 2394 fama
2348 2332 2445 2395 illi
2483 2335 2741 2413 populo
2781 2342 2991 2396 notus
3019 2344 3207 2398 esset

739 2442 817 2506 P.
852 2442 1169 2521 Gaspar,
1215 2446 1600 2519 coeperunt
1651 2438 1741 2500 ad
1790 2455 1952 2501 eum
1991 2437 2418 2501 audiendum
2457 2439 2842 2517 confluere3
2886 2440 3001 2503 ille
3029 2457 3219 2503 vero

741 2551 920 2613 duas
951 2557 1019 2611 et
1047 2557 1194 2610 tres
1239 2545 1623 2608 conciones
1663 2544 2042 2624 aliquando
2085 2545 2333 2608 eodem
2370 2544 2482 2608 die
2504 2545 2876 2622 habendo,
2912 2547 3004 2609 ad
3026 2545 3207 2626 jubi-

739 2657 994 2733 laeum,
1029 2671 1071 2716 a
1101 2651 1175 2716 P.
1210 2651 1491 2733 Ignatio
1523 2651 2001 2732 impetratum,
2037 2652 2492 2715 obtinendum
2523 2652 2842 2717 homines
2871 2654 3205 2717 hortaba-

739 2775 875 2828 tur.
918 2760 1249 2825 Addebat
1290 2767 1359 2822 et
1399 2758 1953 2839 supplicationes
1996 2767 2066 2821 et
2104 2758 2615 2838 poenitentium
2655 2761 2766 2822 vel
2797 2760 3093 2841 flagellis
3118 2760 3220 2824 ‘se

740 2868 1189 2933 caedentium
1228 2884 1467 2945 usum,
1513 2873 1589 2928 ut
1630 2865 1972 2944 diximus;
2026 2865 2272 2928 diebus
2324 2873 2559 2929 autem
2596 2867 2880 2930 veneris
2916 2866 3001 2930 de
3039 2868 3217 2931 Pas-

740 2979 938 3040 sione
969 2974 1257 3039 Domini
1288 2972 1749 3053 praedicabat
1778 2973 2004 3035 tribus
2034 2980 2102 3035 et
2147 2982 2452 3052 quatuor
2495 2973 2855 3036 hominum
2899 2974 3204 3038 millibus

737 3082 1254 3165 praesentibuS‚
1299 3089 1368 3142 et
1410 3080 1512 3142 sic
1564 3079 1780 3141 animi
1832 3077 2125 3142 accendi
2176 3088 2244 3141 et
2275 3081 2712 3142 commoveri
2749 3080 3207 3144 vehementer

738 3199 1156 3272 coeperunt,
1201 3198 1268 3251 et
1307 3202 1610 3264 magnus
1651 3185 1868 3248 ardor
1908 3186 2000 3248 ad
2038 3186 2544 3265 poenitentiam
2583 3195 2652 3249 et
2692 3186 2989 3250 affectus
3026 3204 3202 3267 erga

641 3324 647 3332 *
739 3298 1137 3376 Collegium
1167 3294 1416 3371 crevit,
1449 3309 1670 3371 usque
1701 3291 1880 3354 adeo
1911 3301 1986 3354 ut
2015 3310 2106 3354 ex
2135 3291 2423 3369 Bazain,
2468 3292 2672 3372 Caul,
2715 3302 2784 3355 et
2824 3293 3217 3358 Chananor·

739 3405 941 3485 (sic),
972 3403 1276 3479 Caulan,
1310 3411 1380 3462 et
1409 3399 1548 3461 Dio
1580 3407 1650 3461 et
1679 3399 1839 3462 aliis
1880 3399 2055 3461 locis
2093 3398 2184 3461 ad
2218 3398 2601 3478 jubilaeum
2647 3399 2844 3462 Goae
2892 3401 3201 3464 obtinen-

738 3512 937 3589 dum,
972 3520 1042 3573 et
1070 3509 1146 3571 P.
1194 3507 1591 3586 Gasparem
1633 3505 2090 3585 audiendum,
2134 3513 2204 3568 et
2244 3506 2329 3568 de
2375 3508 2686 3585 peccatis
2728 3507 3209 3570 confitendum·

736 3617 1193 3680 confluerent.
1749 3596 1750 3599 ¹

854 3722 995 3786 688.
1084 3721 1316 3784 Tanta
1360 3720 1757 3784 confluebat
1795 3719 2197 3782 auditorum
2247 3721 2619 3783 multitudo
2670 3730 2777 3799 ut,
2826 3738 2989 3785 cum
3034 3729 3213 3783 tem--

732 3832 927 3912 plum
967 3837 1289 3891 nostrum
1331 3827 1523 3889 illam
1566 3843 1707 3889 non
1748 3833 2066 3905 caperet,
2110 3834 2526 3905 suggestum
2564 3825 2637 3888 in
2676 3844 2845 3889 area
2896 3828 3204 3906 quadam

734 3938 920 4000 intra
950 3937 1264 3998 claustra
1303 3932 1603 4011 Collegii
1644 3932 1943 3995 educere
1983 3941 2371 4010 oporteret,
2415 3950 2503 3994 ne
2542 3932 2614 3995 in
2651 3934 2953 3997 ecclesia
2992 3933 3209 3997 suffo*

734 4051 1088 4107 carentur.
1126 4040 1305 4104 Cum
1334 4039 1642 4119 quadam
1672 4047 1881 4101 nocte
1912 4039 2034 4101 uni
2079 4056 2169 4101 ex
2206 4038 2442 4118 pueris
2482 4040 2824 4119 orphanis
2868 4039 3207 4120 injunxis-

734 4160 842 4214 set
885 4159 961 4213 ut
1007 4149 1093 4211 de
1131 4146 1472 4210 Passione
1510 4144 1800 4207 Domini
1842 4145 2078 4225 aliqua
2123 4146 2560 4209 auditoribus
2600 4147 2898 4227 diceret,
2948 4147 3066 4227 qui
3108 4148 3199 4209 ad

732 4258 869 4320 tria
922 4255 1139 4319 millia
1195 4250 1580 4316 ascendere
1635 4251 2081 4331 videbantur,
2134 4271 2334 4333 puer,
2379 4253 2466 4315 de
2511 4255 2817 4334 quodam
2857 4253 3212 4333 mysterio

732 4362 1096 4428 Passionis
1127 4376 1371 4439 agenS,
1401 4359 1635 4437 coepit
1665 4359 1981 4439 seipsum
2010 4359 2239 4438 alapis
2262 4369 2653 4439 percutere;
2682 4360 2752 4423 id
2784 4369 3020 4423 autem
3051 4369 3198 4423 tan·

732 4480 976 4552 topere
1007 4469 1368 4545 utriusque
1398 4482 1612 4527 sexus
1642 4464 1964 4531 homines
1995 4465 2379 4528 commovit
2410 4476 2479 4529 et
2519 4466 2607 4528 ad
2651 4469 3013 4548 planctum
3054 4476 3213 4533 tam

732 4578 1069 4641 acerbum
1118 4572 1487 4652 excitavit,
1543 4582 1619 4636 ut
1660 4590 1774 4636 res
1817 4589 2083 4651 magna
2126 4590 2419 4652 prorsus
2470 4573 2938 4637 admiratione
2983 4574 3201 4654 digna

733 4684 965 4748 fuerit.
