3679 5414
1647 474 1775 533 Ax.
1821 475 1954 532 1551
2929 471 3038 531 327

695 618 836 682 331.
925 620 1104 684 Cum
1152 613 1389 685 autem
1437 621 1672 685 Abula
1726 621 1797 683 in
1853 620 2212 684 redeundo
2261 618 2633 699 transiret,
2682 620 3039 683 abulensis

575 725 972 807 Episcopus
1011 745 1348 808 magnum
1386 746 1560 808 erga
1609 728 2037 792 Societatem
2087 727 2418 791 affectum
2456 745 2628 808 prae
2667 744 2741 790 se
2776 726 3036 805 ferenS,

576 833 786 896 simul
808 851 971 897 cum
998 835 1157 898 aliis
1186 828 1541 917 primariis
1563 836 1740 899 viris
1760 835 1836 898 P.
1866 830 2315 911 Torrensem,
2343 834 2456 897 cui
2486 832 2859 913 adjunctus
2888 843 3041 896 erat

577 957 818 1003 comes
845 936 938 1004 P.
955 942 1014 1004 F
1017 942 1447 1005 erdinandus
1475 935 1807 1021 Alvarez‚
1835 943 2186 1022 urgebant
2214 951 2292 1004 ut
2322 940 2539 1022 aliqui
2565 940 2652 1004 de
2683 940 3042 1004 Societate

578 1047 670 1110 ad
698 1047 985 1112 domum
1013 1049 1289 1113 Abulae
1333 1050 1806 1113 inchoandam
1845 1045 2310 1124 mitterentur,
2359 1049 2610 1128 quibus
2648 1057 2727 1117 etv
2755 1048 3041 1110 domum

578 1163 647 1217 et
676 1156 816 1218 alia
845 1157 1253 1219 necessaria
1282 1175 1358 1220 se
1388 1150 1889 1237 prospecturos
1916 1157 2373 1236 recipiebant.
2401 1156 2594 1218 Idem
2623 1155 3038 1235 EpiscopuS,

580 1262 702 1342 qui
730 1280 1023 1342 praeses
1051 1273 1204 1325 erat
1235 1262 1529 1327 Consilii
1556 1264 1670 1325 vel
1699 1260 2003 1326 Senatus
2034 1262 2530 1341 Granatensis,
2574 1262 2900 1325 hortatus
2937 1270 3045 1323 est

580 1369 867 1431 eosdem
905 1362 997 1433 ad
1047 1370 1315 1451 aliquot
1354 1388 1444 1432 ex
1486 1369 1749 1432 nostris
1789 1369 2187 1433 Granatam
2231 1368 2853 1448 transmittendos;
2901 1386 3043 1432 ma-

579 1472 798 1554 gnam
829 1476 1016 1539 enim
1044 1476 1141 1539 ibi
1171 1494 1474 1540 messem
1502 1477 1917 1540 inventuros
1953 1475 2352 1556 jndicabat,
2394 1485 2492 1554 et,
2536 1477 2601 1538 si
2639 1494 2723 1539 eo
2767 1493 2842 1539 se
2883 1493 3042 1538 con-

580 1581 866 1661 ferrent,
894 1601 1173 1647 omnem
1198 1601 1400 1647 suam
1432 1602 1722 1664 operam
1754 1601 1839 1647 ac
1871 1584 2194 1646 favorem
2224 1583 2710 1663 pollicebatur.
2746 1582 3045 1645 Torren-

581 1688 681 1751 sis
712 1698 947 1765 autem
976 1691 1154 1753 haec
1185 1708 1261 1754 se
1291 1708 1451 1753 cum
1490 1690 1921 1754 Provinciali
1958 1691 2381 1753 collaturum
2419 1689 2662 1753 dicens
2700 1690 2790 1752 ab
2829 1690 2933 1753 eis
2970 1707 3047 1752 se

581 1798 945 1877 expedivit
979 1796 1019 1862 ¹.
1720 1795 1724 1798 ’
2665 1814 2668 1818 ’

698 1898 841 1968 332.
927 1905 1007 1968 In
1035 1905 1285 1969 itinere
1315 1907 1530 1969 etiam
1559 1906 1630 1968 in
1661 1905 2151 1968 Marchionem
2178 1904 2266 1968 de
2296 1904 2578 1969 Villena
2608 1903 2885 1982 incidit,
2932 1905 3051 1983 qui

583 2011 669 2075 de
699 2013 909 2075 rebus
937 2011 1316 2076 Societatis
1346 2012 1713 2076 informari
1754 2013 2117 2093 cupiebat,
2162 2022 2231 2075 et
2261 2013 2360 2076 ita
2405 2031 2446 2076 a
2484 2011 2561 2074 P.
2606 2010 2943 2074 Torrensi
2986 2011 3051 2073 ei

585 2119 1030 2182 satisfactum
1062 2129 1202 2196 est,
1250 2129 1327 2182 ut
1357 2119 1650 2182 affectus
1680 2138 1892 2199 quam
1923 2121 2233 2183 maxime
2265 2136 2439 2199 erga
2479 2118 2909 2182 Societatem
2947 2120 3050 2180 re·

584 2226 793 2288 lictus
821 2225 1054 2288 fuerit.
1083 2226 1272 2289 Inter
1301 2243 1602 2305 magnos
1625 2224 2012 2307 Hispaniae
2042 2243 2378 2307 proceres
2407 2225 2522 2288 hic
2553 2225 2873 2288 Marchio
2896 2242 3053 2287 cen-

587 2333 896 2396 sebatur.
931 2332 1440 2397 Salmanticam
1469 2334 1780 2410 rediens,
1815 2333 2223 2414 aliquandiu
2256 2333 2351 2397 ibi
2391 2332 2469 2395 Ρ.
2504 2333 2765 2396 Torres
2804 2332 3052 2395 substi-

585 2440 690 2502 tit.
725 2438 884 2503 Non
914 2441 1237 2504 omittam
1267 2439 1647 2521 quamdam
1676 2459 1766 2503 ex
1795 2441 2204 2504 domesticis
2233 2439 2880 2517 exercitationibuS,
2914 2456 3055 2520 qua

588 2546 683 2608 ibi
714 2547 804 2610 ad
835 2542 1383 2626 abnegationem
1420 2548 1750 2627 propriae
1796 2548 2190 2610 voluntatis
2220 2557 2289 2610 et
2330 2547 2726 2627 profectum
2768 2546 3058 2627 spiritus

589 2653 989 2718 utebantur.
1045 2654 1203 2718 Uno
1245 2653 1358 2717 die
1396 2654 1547 2734 uni,
1604 2654 1742 2717 alio
1794 2654 1943 2734 alii,
2000 2654 2321 2717 solebant
2360 2653 2448 2717 ab
2489 2654 2811 2717 omnibus
2849 2671 3054 2735 quae·

591 2778 892 2842 cumque
922 2762 994 2824 in
1032 2762 1185 2842 ipso
1226 2762 1690 2842 displicebant
1729 2772 1799 2825 et
1839 2762 2331 2825 emendatione
2370 2761 2689 2841 indigere
2726 2761 3055 2824 videban-

589 2876 725 2948 tur,
761 2869 852 2931 ad
883 2868 1105 2949 ipsius
1133 2869 1529 2949 profectum
1572 2879 1641 2932 et
1685 2870 1988 2933 aliorum
2030 2869 2599 2932 aedificationem
2640 2885 3054 2948 exposcere;

589 2993 770 3055 quas
800 2976 914 3039 ille
946 2977 1085 3054 (cui
1112 2975 1390 3056 publice
1421 2976 1861 3054 dicebantur)
1892 2975 2397 3039 sindicationes
2426 2976 2808 3054 scribebat,
2853 2985 2922 3038 et
2960 2976 3056 3039 di·

524 3076 528 3078 ’
586 3081 891 3160 ligenter
918 3083 1221 3163 legebat,
1249 3092 1326 3146 ut
1356 3082 1918 3146 emendationem
1951 3092 2256 3146 curaret.
2284 3083 2363 3146 In
2392 3081 2505 3145 die
2535 3092 2772 3145 autem
2801 3083 2866 3145 ei
2887 3081 3057 3145 San·

589 3200 705 3251 cto
735 3188 1085 3269 dedicat0,
1117 3190 1234 3269 qui
1257 3190 1511 3269 cuique
1533 3207 1620 3252 eo
1650 3207 1892 3253 mense
1914 3199 2275 3270 protector
2297 3198 2614 3267 venerat,
2643 3189 3061 3252 concionari

587 3295 662 3357 in
688 3295 1067 3359 refectorio
1100 3297 1394 3360 solebat.
1428 3296 1823 3360 Dominicis
1855 3297 2103 3360 diebus
2131 3297 2224 3361 ad
2266 3295 2705 3377 spiritualem
2745 3296 3056 3359 collatio-

584 3420 750 3466 nem
780 3403 1202 3467 accedentes
1229 3403 1489 3467 fratres
1519 3405 1605 3467 de
1638 3404 1970 3467 remediis
2010 3404 2101 3468 ad
2147 3404 2517 3485 passiones
2557 3402 2946 3466 vincendas
2989 3414 3056 3466 et

588 3510 838 3574 mediis
867 3511 959 3575 ad
989 3512 1294 3574 virtutes
1323 3511 1796 3592 acquirendas
1827 3512 2157 3591 agebant.
2210 3561 2211 3566 1

709 3616 851 3680 333.
940 3617 1119 3681 Cum
1145 3618 1222 3681 Ρ.
1258 3617 1488 3680 Miron
1516 3617 1951 3681 Salmantica
1980 3636 2232 3681 versus
2260 3617 2769 3699 Portugalliam
2805 3618 3058 3681 transi-

588 3733 720 3801 ret,
753 3742 1050 3804 puerum
1083 3724 1457 3805 quemdam
1488 3724 1580 3787 ibi
1612 3725 1891 3804 reliquit
1921 3724 2294 3788 duodecim
2323 3743 2550 3788 annos
2579 3742 2739 3788 cum
2768 3724 3058 3788 dimidio

588 3839 858 3910 natum,
886 3848 1095 3912 quem
1122 3831 1497 3894 Valentiae
1528 3830 1598 3893 in
1629 3829 2059 3894 Societatem
2089 3831 2471 3895 admiserat
2493 3841 2562 3894 et
2590 3833 2662 3895 in
2689 3831 3059 3911 Portugal-

587 3937 760 4000 liam
790 3938 1206 4018 deducebat;
1240 3947 1309 4001 et
1338 3938 1502 4018 quia
1534 3937 1720 4000 oculi
1749 3937 2042 4001 alterius
2073 3939 2320 4002 morbo
2351 3939 2742 4018 laborabat,
2782 3939 2877 4002 ibi
2904 3939 3057 4002 reli·

587 4053 748 4107 ctus
786 4053 924 4124 est,
974 4044 1311 4108 Nicolaus
1339 4044 1653 4108 Gracida
1681 4045 1997 4124 nomine,
2031 4044 2103 4107 in
2133 4046 2372 4109 latinis
2408 4044 2660 4109 litteris
2698 4065 2783 4109 ac
2828 4047 3058 4109 rheto-

586 4284 722 4337 Jullo
749 4285 824 4330 111
847 4286 1040 4339 sactae,
1066 4292 1172 4330 tum
1192 4286 1483 4340 gratiarum
1503 4296 1595 4329 seu
1616 4284 2010 4340 privilegiorum
2042 4287 2108 4329 ab
2138 4286 2248 4340 ipso
2280 4286 2416 4338 Julio
2436 4286 2510 4330 111
2532 4286 2782 4332 societati
2803 4298 3067 4331 concesso-

587 4369 717 4401 rum.
750 4358 831 4401 Ea
862 4359 1210 4402 comitabatur
1241 4359 1396 4411 longa
1433 4356 1643 4401 Polanci
1679 4358 1927 4411 epistola,
1962 4358 2014 4401 in
2048 4369 2149 4413 qua
2184 4359 2515 4412 Apostolicas
2548 4360 2754 4403 litteras
2785 4370 3060 4413 earumque

588 4441 736 4472 usum
759 4431 868 4473 fuse
892 4431 1141 4483 declarat,
1170 4431 1187 4473 1
1209 4428 1461 4481 januarii.

674 4502 690 4533 ¹
751 4501 987 4555 Ignatius
1007 4501 1303 4544 scholarum
1325 4499 1590 4554 praefecto
1618 4499 2059 4552 (Maestrescuela)
2090 4500 2142 4543 in
2173 4500 2463 4545 cathedrali
2485 4502 2705 4546 ecclesia
2726 4502 2975 4546 Abulensi
2996 4515 3059 4547 ne

589 4573 722 4614 bono
743 4574 822 4615 sui
842 4573 1046 4626 nepotis
1080 4571 1336 4627 Alphonsi
1373 4571 1434 4614 de
1470 4570 1651 4615 Henao
1687 4572 1945 4616 desiderio
1980 4571 2346 4625 impedimenta
2381 4580 2568 4628 ponat,
2592 4575 2643 4617 19
2670 4573 3067 4629 Maii5ejusdem

590 4642 781 4696 Ignatii
801 4649 1044 4698 patentes
1063 4643 1293 4697 litterae,
1316 4642 1499 4697 quibus
1522 4644 1842 4697 Alphonsum
1865 4644 1925 4686 de
1949 4643 2129 4687 Henao
2150 4643 2442 4688 scholarem
2459 4645 2736 4691 societatis
2760 4657 2870 4689 esse
2892 4647 3067 4690 decla—

589 4720 694 4767 rat,
716 4715 898 4758 eadem
919 4714 1017 4758 dle.
