3679 5414
1553 497 1677 552 ΑΝ.
1725 493 1864 551 1552
2026 524 2030 530 -
2824 491 2935 550 733

461 638 767 706 nominis
787 637 925 701 Dei
952 639 1125 702 nihil
1148 640 1699 719 aggrediebatur
1722 650 1871 703 tam
1893 639 2192 716 difficile,
2219 638 2407 718 quod
2430 654 2578 700 non
2606 638 2698 700 ad
2719 638 2929 703 finem
3011 721 3023 736 ·

462 746 883 827 perduceret
921 746 1041 810 illa
1087 746 1223 809 fide
1270 764 1484 827 quam
1531 745 1884 810 Dominus
1932 746 1995 809 ei
2035 744 2407 809 indiderat.
2459 744 2657 825 Quae
2705 748 2778 809 in
2826 747 2931 809 iti-

455 870 654 933 ·nere,
679 853 847 916 dum
876 854 948 917 in
977 853 1247 917 Indiam
1276 855 1560 934 rediret,
1595 854 1659 917 ei
1689 854 2125 932 acciderunt,
2159 870 2251 916 ex
2279 861 2482 933 parte
2512 871 2701 917 anno
2730 871 2931 935 supe-

461 961 634 1023 riori
661 961 852 1024 dicta
881 969 1065 1040 sunt;
1091 961 1217 1025 sed
1247 961 1417 1025 illud
1445 962 1532 1026 de
1562 962 1820 1042 oppido
1845 961 2048 1025 Ciaul
2082 958 2099 991 ¹
2131 969 2409 1024 tantum
2437 960 2720 1040 addam,
2745 962 2933 1042 quod

452 1083 622 1129 cum
651 1067 744 1130 ibi
774 1068 1202 1131 arundinum
1228 1068 1435 1132 ludus
1464 1068 1812 1149 equestris
1842 1077 1912 1130 et
1941 1067 2241 1147 agitatio
2274 1076 2645 1130 taurorum
2682 1068 2933 1131 eadem

453 1174 573 1236 die
603 1183 1170 1255 exspectaretur,
1204 1175 1292 1237 ab
1322 1175 1646 1238 omnibus
1674 1173 1785 1237 his
1824 1174 2108 1237 lusitani
2138 1174 2560 1237 destiterunt
2589 1183 2658 1237 et
2686 1190 2933 1238 eorum

462 1281 619 1344 loco
647 1291 1066 1362 suggestum
1110 1282 1208 1345 illi
1253 1282 1324 1345 in
1367 1299 1618 1363 campo
1663 1282 2214 1359 constituerunt,
2257 1282 2379 1345 ubi
2421 1299 2585 1346 cum
2622 1283 2934 1346 maxima

459 1389 703 1468 populi
732 1388 1203 1452 commotione
1231 1398 1302 1451 et
1330 1388 1607 1452 fletibus
1645 1389 2111 1452 concionatus
2140 1396 2280 1466 est,
2314 1389 2436 1468 qui
2465 1397 2625 1468 post
2657 1388 2931 1451 concio·

455 1511 622 1557 ‘nem
661 1495 1014 1574 urgebant
1057 1495 1515 1559 vehementer
1563 1503 1640 1558 ut
1683 1496 1778 1559 ibi
1821 1496 2199 1574 collegium
2236 1493 2615 1586 Societatis
2661 1496 2932 1559 institui
3004 1509 3013 1517 ·

458 1602 706 1682 vellet,
740 1610 810 1664 et
838 1596 1174 1665 Vicarius
1202 1602 1559 1682 Episcopi,
1594 1601 1684 1665 ad
1714 1600 1865 1682 ejus
1894 1602 2113 1682 pedes
2142 1619 2219 1665 se
2247 1600 2660 1688 projiciens,
2694 1612 2932 1681 postu-

455 1707 637 1771 lavit
666 1708 754 1771 ab
785 1726 869 1771 eo
898 1718 975 1772 ut
1005 1706 1292 1771 domum
1321 1706 1411 1771 D.
1457 1707 1878 1772 Sebastiano
1919 1725 2203 1772 sacram
2246 1708 2680 1787 admitteret;
2715 1725 2932 1790 popu·

461 1814 570 1877 lus
621 1823 858 1879 autem
908 1815 1283 1896 pecuniam
1332 1814 1546 1878 dabat
1596 1815 1687 1877 ad
1736 1815 2024 1878 domum
2083 1814 2497 1894 erigendam
2554 1815 2815 1879 nostris
2864 1824 2934 1878 et

458 1921 866 1985 necessaria
897 1921 1318 2001 quibusdam
1357 1921 1658 2000 alendiS,
1702 1922 1929 1985 donec
1973 1921 2367 2000 Collegium
2411 1922 2558 1985 suis
2601 1923 2936 2003 expensis

461 2028 838 2109 erigerent.
886 2028 1006 2092 Ille
1049 2047 1212 2092 cum
1255 2045 1518 2108 magna
1557 2029 1951 2092 humilitate
1989 2046 2065 2092 se
2104 2030 2506 2109 excusavit,
2540 2045 2616 2092 se
2646 2046 2936 2093 servum

452 2152 617 2197 esse
660 2133 1038 2198 Societatis
1078 2135 1353 2214 dicens,
1400 2145 1470 2199 et
1509 2136 1628 2216 qui
1665 2136 1838 2198 nihil
1883 2152 1969 2199 ea
2012 2136 2085 2198 in
2126 2146 2330 2216 parte
2372 2145 2739 2216 praestare
2779 2154 2935 2216 pos-

459 2251 591 2305 set.
644 2241 878 2305 Senex
928 2242 1216 2323 quidam
1267 2243 1636 2321 sacerdOS,
1686 2260 1851 2306 cum
1900 2242 2286 2306 secundam
2339 2241 2655 2323 ejusdem
2701 2241 2937 2306 Patris

459 2348 1063 2426 praedicationem
1100 2349 1447 2429 audisset,
1491 2349 1583 2413 ad
1626 2349 1778 2430 eJus
1820 2366 1898 2412 se
1941 2349 2158 2430 pedes
2196 2347 2568 2429 abjiciens,
2602 2359 2750 2413 tam
2773 2350 2935 2413 ube·

460 2471 576 2518 res
605 2473 694 2518 ex
726 2456 1197 2519 commotione
1227 2456 1443 2519 animi
1470 2456 1831 2536 lacrymas
1856 2455 2225 2535 fundebat,
2250 2465 2326 2518 ut
2362 2473 2723 2539 nunquam
2767 2457 2931 2536 quid

455 2562 671 2626 vellet
699 2564 1058 2644 explicare
1088 2564 1415 2644 potuerit.
1459 2563 1637 2627 Cum
1675 2581 1815 2626 uno
1841 2572 2117 2627 tantum
2159 2563 2272 2627 die
2302 2563 2531 2628 Ciauli
2576 2555 2819 2644 fuerit,
2863 2573 2933 2628 et

450 2685 745 2734 sacrum
792 2670 1290 2751 celebraverit,
1342 2678 1411 2734 et
1458 2670 1634 2734 duas
1676 2668 1826 2751 jam
1876 2670 2104 2735 dictas
2153 2670 2533 2735 conciones
2583 2670 2930 2753 habuerit,

452 2778 856 2840 custodiam
896 2778 1111 2842 etiam
1148 2779 1505 2859 publicam
1543 2779 1787 2842 invisit
1829 2787 2162 2857 vocatuS,
2209 2788 2279 2842 et
2320 2779 2536 2842 etiam
2581 2779 2934 2859 hospitale

454 2891 529 2945 et
557 2883 738 2946 alios
767 2893 1223 2964 aegrotantes
1253 2903 1379 2966 per
1408 2886 1685 2963 urbem,
1714 2895 1785 2949 et
1807 2885 1990 2948 inter
2021 2886 2295 2966 aliquos
2319 2885 2686 2949 discordes
2718 2886 2935 2949 etiam

463 2989 853 3054 amicitiam
882 2994 1308 3072 composuit,
1342 3005 1414 3058 et
1442 3001 1519 3058 ut
1546 2994 1770 3057 multa
1809 3001 2106 3073 peccata
2134 2993 2576 3057 evitarentur
2608 3010 2772 3056 cum
2800 2992 2939 3055 Dei

465 3098 702 3175 gratia
733 3107 984 3162 auctor
1012 3099 1174 3180 fuit3
1208 3110 1278 3163 et
1306 3102 1467 3164 inde
1500 3100 1761 3180 Goam,
1793 3114 1876 3168 ut
1903 3100 2243 3180 diximuS,
2271 3101 2489 3164 venit.

587 3204 731 3266 677.
817 3204 1204 3287 Postquam
1235 3208 1932 3271 administrationem
1962 3208 2114 3289 ejus
2150 3206 2450 3287 Collegii
2490 3207 2721 3288 coepit
2767 3225 2937 3270 exer

455 3326 658 3391 cere,
713 3313 1031 3376 decrevit
1080 3313 1424 3392 imprimis
1484 3314 1837 3393 spirituali
1885 3322 2292 3377 nostrorum
2347 3313 2697 3395 profectui
2764 3312 2937 3377 dare

459 3435 788 3498 operam,
832 3429 901 3482 et
939 3418 1326 3482 maximam
1364 3418 1667 3484 fratrum
1708 3428 1986 3499 partem
2022 3419 2114 3482 ad
2151 3421 2547 3501 spiritualia
2591 3421 2937 3484 exercitia

463 3532 533 3586 et
569 3525 942 3604 generales
986 3525 1467 3589 confessiones
1508 3525 1738 3588 denuo
1776 3524 2144 3589 faciendas
2185 3526 2513 3607 adduxit,
2554 3535 2624 3591 et
2668 3528 2740 3591 in
2781 3528 2936 3610 ipso

457 3630 576 3694 die
604 3630 1069 3696 Ascensionis
1098 3630 1417 3711 Domini,
1466 3650 1629 3696 cum
1665 3633 1875 3696 tertia
1915 3641 2076 3713 post
2105 3633 2413 3697 mediam
2440 3645 2726 3699 noctem
2757 3636 2935 3699 hora

465 3756 710 3802 omnes
752 3740 1228 3802 surrexissent
1276 3747 1345 3802 et
1384 3740 1458 3802 in
1501 3740 1841 3803 sacellum
1888 3740 2418 3819 convenissent,
2472 3741 2559 3805 de
2601 3751 2936 3805 votorum

456 3846 819 3910 oblatione
861 3846 1041 3909 duas
1068 3828 1284 3910 horas
1323 3864 1484 3910 cum
1524 3848 1839 3928 ipsorum
1887 3864 2163 3910 summa
2204 3849 2688 3912 consolatione
2720 3850 2937 3912 disse·

465 3953 640 4032 ruit;
673 3962 744 4017 et
770 3953 867 4015 ita
899 3970 1146 4016 omnes
1173 3955 1290 4016 vel
1317 3963 1755 4017 renovarunt
1784 3971 1914 4017 sua
1944 3961 2146 4030 vota,
2182 3954 2296 4018 vel
2324 3954 2442 4034 qui
2473 3955 2573 4019 ad
2597 3956 2668 4020 id
2697 3957 2934 4037 parati

463 4069 701 4139 erant,
735 4060 1140 4123 emiserunt.
1182 4058 1488 4123 Demum
1524 4078 1650 4140 per
1688 4078 1816 4124 sex
1854 4062 1969 4124 vel
2010 4070 2280 4142 septem
2320 4079 2632 4141 menseS,
2667 4080 2758 4126 ex
2796 4081 2936 4144 quo

460 4166 1055 4245 gubernationem
1083 4165 1378 4246 Collegii
1415 4167 1758 4247 suscepit,
1800 4185 1944 4230 non
1982 4167 2175 4231 aliud
2217 4168 2528 4232 studium
2558 4169 2938 4249 collegiali-

463 4271 597 4337 bus
636 4274 957 4354 permisit
1006 4290 1219 4354 quam
1261 4274 1688 4353 cognitionis
1727 4274 1839 4337 sui
1880 4285 1949 4338 et
1993 4274 2559 4339 mortificationis
2602 4278 2935 4357 propriae

463 4380 887 4461 voluntatiS,
921 4380 1012 4444 ad
1041 4381 1228 4461 quod
1259 4380 1410 4462 ipse
1449 4382 1717 4445 crebris
1762 4398 1889 4444 eos
1927 4382 2542 4447 exhortationibus
2574 4385 2938 4448 animabat

459 4495 536 4549 et
564 4487 987 4566 instruebat;
1020 4497 1090 4550 et
1117 4487 1298 4551 duas
1336 4489 1827 4552 meditationes
1868 4487 2180 4569 quotidie
2225 4488 2310 4552 de
2359 4490 2716 4570 mysteriis
2744 4492 2937 4554 vitae

550 4727 567 4758 ⁴
628 4727 779 4772 Alias
798 4729 908 4782 ipse
931 4728 1186 4773 Polaticus
1208 4729 1397 4773 chiano!
1416 4735 1469 4773 et
1485 4730 1643 4773 etlam
1665 4727 1821 4778 Cant:
1839 4728 2159 4772 recentiores
2182 4727 2373 4777 Chiam,
2394 4735 2483 4773 aut
2505 4730 2664 4774 etiam
2688 4730 2865 4774 chael.
