3679 5414
655 458 728 517 56
1570 454 1824 516 Cimon.
1867 454 2024 514 Soc.
2065 456 2206 529 Jsss.

660 606 797 667 lem
849 600 1363 666 confessionem
1410 602 1712 681 faciens,
1749 600 1899 681 jam
1948 602 2247 683 singulis
2284 600 2642 666 mensibus
2690 601 3008 665 confiteri
3056 609 3124 664 et

659 709 1186 774 communicare
1238 709 1500 789 coepit,
1545 717 1613 772 et
1652 710 1904 772 crebro
1942 709 2078 773 Dei
2123 711 2420 774 verbum
2460 709 2737 788 audire,
2778 718 2848 771 et
2885 708 2989 772 sic
3039 709 3124 771 de

665 817 923 880 divinis
944 816 1156 879 rebus
1178 816 1368 897 loqui
1390 825 1460 879 et
1482 824 1681 879 tanto
1707 834 1871 880 cum
1892 834 2126 895 sensu,
2152 824 2228 880 ut
2252 835 2547 898 prorsus
2569 816 2866 880 mutatio
2890 816 3121 879 dexte-

665 942 788 988 rae
818 924 1099 987 Excelsi
1128 923 1285 986 visa
1312 923 1463 986 fuit.

791 1031 926 1095 121.
1013 1030 1511 1112 Orphanorum
1540 1032 1738 1094 locus
1768 1040 1877 1095 est
1898 1031 2293 1113 Bononiae,
2320 1050 2531 1113 quem
2557 1033 2781 1096 nostri
2805 1030 3127 1095 omnibus

666 1138 738 1200 in
760 1139 969 1202 rebus
987 1138 1241 1219 juvare
1263 1138 1703 1217 studuerunt,
1733 1147 1801 1202 et
1823 1148 1899 1202 ut
1921 1139 1994 1203 in
2016 1140 2496 1220 spiritualibus
2513 1141 2726 1204 rebus
2764 1140 2829 1203 ei
2857 1139 3123 1219 prospi-

667 1253 936 1323 cerent,
968 1244 1413 1308 sacerdotem
1448 1244 1823 1324 quemdam
1861 1262 2126 1325 magna
2162 1246 2421 1310 virtute
2458 1246 2857 1327 praeditum
2893 1253 2962 1308 et
2999 1243 3130 1318 sibi

668 1351 977 1414 amicitia
1006 1350 1460 1430 conjunctum
1488 1351 1562 1414 in
1600 1351 2113 1415 confessarium
2155 1353 2527 1431 dederunt,
2556 1352 2677 1433 qui
2713 1370 2797 1415 eo
2838 1367 3128 1414 munere

667 1474 829 1519 cum
859 1474 1121 1537 magna
1150 1458 1640 1521 aedificatione
1669 1468 1739 1521 et
1767 1457 2005 1522 fructu
2031 1459 2315 1522 functus
2344 1469 2472 1522 est.

795 1562 927 1626 122.
1017 1562 1195 1627 Cum
1222 1565 1509 1644 quidam
1539 1583 1629 1627 ex
1657 1565 1922 1628 nostris
1951 1565 2469 1644 sacerdotibuS,
2503 1565 2941 1645 probationis
2968 1582 3128 1644 gra·

670 1670 802 1748 tia,
850 1671 923 1733 in
970 1671 1305 1751 hospitali
1353 1672 1768 1736 bononiensi
1811 1674 2108 1735 multum
2148 1672 2653 1735 consolationis
2697 1681 2766 1736 et
2809 1672 3131 1735 utilitatis

669 1777 1097 1857 pauperibus
1119 1795 1249 1840 nec
1273 1778 1505 1848 minus
1528 1778 2038 1843 aedificationis
2052 1779 2324 1842 civitati
2348 1781 2731 1857 attulisset3
2755 1787 3131 1859 postquam

670 1884 832 1946 inde
861 1885 1185 1963 recessit,
1221 1884 1485 1964 aliquot
1515 1885 1685 1967 viri,
1721 1895 1789 1949 et
1826 1886 2041 1949 etiam
2071 1886 2427 1965 muliereS,
2462 1886 2807 1965 sanguine
2835 1886 3127 1963 nobileS,

672 1990 944 2054 incitati
1001 2011 1043 2054 a
1102 1993 1364 2056 nostris
1427 1992 2062 2073 congregationem
2126 1993 2507 2073 quamdam
2565 1993 2747 2056 inter
2806 2010 2882 2056 se
2930 1992 3132 2072 ligati

673 2099 1219 2179 constituerunt,
1282 2108 1359 2163 ut
1420 2100 1720 2179 singulis
1785 2100 2248 2162 hebdomadis
2305 2100 2521 2180 aliqui
2560 2118 2650 2163 ex
2699 2100 2872 2181 ipsis
2919 2118 3131 2163 xeno-

676 2206 929 2269 dochia
978 2206 1387 2286 visitarent,
1444 2225 1529 2269 ac
1580 2206 1876 2269 infirmis
1927 2206 2480 2269 consolationem
2521 2215 2590 2269 et
2637 2206 2980 2270 auxilium
3016 2207 3129 2269 ad-

676 2312 962 2378 ferrent.

799 2420 932 2483 123.
1020 2419 1401 2483 Dominica
1431 2420 1615 2484 infra
1654 2429 1988 2484 octavam
2028 2419 2365 2501 Corporis
2402 2418 2666 2484 Christi
2699 2420 3138 2502 presbyteris

673 2544 759 2589 ac
789 2526 1233 2590 scholasticis
1263 2526 1339 2590 P.
1376 2528 1804 2591 Franciscus
1832 2527 2145 2591 Palmius
2174 2526 2261 2590 de
2290 2527 2637 2607 dignitate
2659 2527 2866 2607 hujus
2888 2526 3136 2591 Sacra-

673 2633 890 2695 menti
919 2641 989 2696 et
1018 2635 1104 2697 de
1135 2635 1436 2698 utilitate
1467 2636 1760 2699 crebrae
1791 2634 2213 2715 sumptionis
2243 2634 2393 2716 ejus
2418 2635 2717 2698 latinam
2745 2635 3137 2698 orationem

673 2757 935 2820 magno
970 2760 1133 2806 cum
1180 2744 1513 2808 auditorii
1550 2746 1896 2825 applausu
1933 2753 2002 2806 et
2043 2743 2528 2806 satisfactione
2566 2743 2842 2822 habuit,
2884 2751 2954 2806 et
2982 2760 3136 2823 pro-

673 2848 979 2912 cessioni
1003 2850 1251 2913 eodem
1274 2851 1384 2914 die
1407 2852 1638 2915 factae
1661 2853 1848 2915 ultra
1869 2870 1998 2916 sex
2020 2852 2385 2916 hominum
2405 2850 2623 2912 millia
2645 2849 3131 2913 interfuerunt.

672 2954 848 3019 Cum
902 2967 1139 3020 autem
1188 2959 1414 3022 nostri
1450 2960 1634 3022 hanc
1679 2959 2119 3023 induxissent
2158 2960 2230 3021 in
2271 2975 2478 3021 suum
2524 2958 2862 3038 templum
2907 2956 3139 3019 Divae

672 3063 936 3127 Luciae
988 3065 1598 3144 consuetudinem,
1654 3077 1729 3130 ut
1779 3067 2026 3147 primis
2077 3065 2446 3130 dominicis
2494 3063 2829 3144 quusque
2879 3063 3140 3127 mensis

673 3173 1038 3251 processio
1069 3173 1141 3234 in
1161 3172 1507 3236 honorem
1532 3173 1740 3253 hujus
1763 3173 2207 3238 Sacramenti
2236 3172 2465 3250 fieret,
2504 3189 2752 3234 omnes
2783 3171 2929 3234 sere
2960 3172 3139 3234 aliae

675 3278 1157 3343 Bononienses
1186 3280 1571 3360 parochiae
1603 3282 1928 3344 eamdem
1967 3279 2549 3345 consuetudinem
2589 3289 2754 3341 sunt
2798 3279 3135 3356 imitatae,

676 3393 746 3448 et
775 3395 1095 3449 rectores
1127 3404 1372 3450 earum
1401 3386 1886 3467 diligentiores
1923 3387 1997 3450 in
2036 3387 2168 3450 Dei
2216 3388 2410 3450 cultu
2449 3386 2734 3465 redditi,
2778 3396 2846 3449 et
2883 3386 3141 3449 subditi

678 3493 895 3554 etiam
931 3493 1140 3555 solito
1182 3493 1618 3573 frequentius
1663 3512 1830 3557 suas
1874 3495 2214 3557 ecclesias
2262 3494 2578 3573 visitant,
2627 3504 2696 3557 et
2734 3493 3140 3573 vespertina

678 3599 940 3678 officia,
974 3600 1161 3679 quod
1189 3601 1385 3680 prius
1415 3619 1557 3664 non
1585 3602 1825 3680 fiebat,
1861 3599 2258 3681 decantari,
2291 3612 2360 3665 et
2399 3601 2786 3665 christiana
2819 3599 3141 3662 doctrina

680 3707 1023 3787 explicari
1053 3708 1305 3787 coepit.
1342 3708 1602 3772 Ornari
1630 3709 1846 3772 etiam
1875 3710 2136 3789 templa
2166 3710 2396 3788 magis
2426 3717 2495 3771 et
2524 3707 2942 3788 pretiosiora
2967 3722 3142 3766 vasa

680 3814 864 3893 fieri,
898 3812 970 3876 in
999 3813 1251 3894 quibus
1290 3824 1613 3878 sanctum
1653 3814 2195 3879 Sacramentum
2222 3815 2750 3891 reconderetur,
2783 3822 2853 3874 et
2879 3813 3142 3892 lampa·

682 3922 840 4000 deS,
875 3937 1056 4001 quae
1087 3938 1332 3984 coram
1361 3922 1515 4002 ipso
1544 3930 1887 4002 perpetuo
1928 3920 2289 3999 arderent,
2341 3901 2593 3984 confici
2629 3927 3044 4000 coeperunt,
3076 3928 3146 3983 et

683 4046 845 4091 cum
876 4026 1186 4091 defertur
1218 4029 1309 4090 ad
1347 4029 1663 4092 infirmos
1694 4027 2197 4092 Sanctisimum
2227 4026 2798 4106 Sacramentum,
2835 4027 3146 4090 maximo

682 4153 848 4199 cum
885 4135 1154 4197 honore
1194 4145 1264 4198 et
1302 4134 1538 4198 multis
1577 4153 1739 4198 cum
1788 4135 2014 4198 cereis
2065 4134 2385 4197 accensis
2422 4133 2917 4197 comitantibus
2940 4132 3149 4213 (quod

683 4244 883 4323 prius
913 4242 1197 4305 minime
1227 4242 1457 4320 fiebat)
1482 4242 1822 4305 defertur:
1852 4250 2310 4321 aegrotantes
2332 4242 2546 4304 etiam
2568 4249 2853 4319 praeter
2881 4257 3150 4303 morem

687 4358 966 4414 mature
1011 4359 1081 4412 et
1119 4348 1582 4412 consessionis
1622 4359 1690 4413 et
1729 4349 2202 4413 eucharistiae
2241 4348 2779 4413 Sacramentum
2829 4347 2960 4410 sibi
2999 4346 3152 4410 dari

690 4465 956 4536 petunt.

821 4562 955 4626 124.
1042 4564 1151 4627 Ex
1196 4564 1333 4627 illis
1370 4565 1967 4643 adolescentibus,
2013 4566 2132 4647 qui
2167 4566 2241 4628 in
2277 4565 2523 4628 schola
2561 4563 2799 4627 vicina
2842 4562 3153 4625 institue-

690 4670 973 4749 bantur,
1010 4671 1223 4750 aliqui
1275 4671 1365 4733 ad
1415 4670 1789 4735 Societatis
1838 4684 2126 4737 nostrae
2165 4671 2561 4735 institutum
2599 4688 2861 4750 magno
2900 4669 3157 4733 affectu
