3679 5414
1635 461 1761 519 AN.
1809 461 1940 519 1551
2908 462 3018 521 285

548 606 847 685 seips05,
880 603 1244 684 videlicet,
1277 605 1460 668 sicut
1489 604 1813 669 Christus
1844 605 2089 668 dilexit
2117 622 2280 684 nos;
2306 614 2382 668 ut
2410 604 2701 685 pulchre
2724 607 3013 686 exponit

551 712 639 776 D.
681 711 1019 793 CyrilluS,
1068 712 1247 775 libro
1293 714 1352 775 9.
1397 713 1469 775 in
1504 712 1885 795 Joannem,
1928 729 2082 792 cap.
2116 712 2216 775 23.
2262 711 2610 776 Doctores
2649 711 2907 776 docent
2944 723 3044 802 et⁴

549 827 742 882 recte
780 819 1201 882 charitatem
1237 836 1394 883 esse
1432 819 1863 895 ordinatam,
1906 827 1976 882 et
2011 819 2241 898 primo
2281 819 2592 900 incipere
2630 838 2672 882 a
2695 818 2874 900 Deo,
2908 837 3010 883 se-

548 925 781 989 cundo
814 944 857 988 a
886 928 1145 1007 seipse,
1180 936 1352 1006 ete.;
1394 925 1521 989 sed
1560 927 1715 1007 ipsa
1753 935 2013 990 natura
2053 927 2421 990 charitatis
2463 927 2536 989 in
2572 945 2650 990 se
2692 928 3011 991 conside-

549 1042 707 1096 rata
759 1034 977 1097 alium
1021 1033 1372 1112 ordinem,
1416 1034 1720 1112 scilicet,
1758 1032 1908 1113 jam
1950 1033 2214 1097 dictum
2263 1043 2526 1097 servat.
2578 1033 2777 1098 Haec
2820 1052 3012 1098 nova

547 1142 717 1224 Jesu
745 1139 1065 1204 Societas
1094 1140 1327 1232 studet
1354 1159 1497 1204 non
1527 1142 1755 1204 solum
1785 1140 2143 1204 communi
2172 1141 2380 1204 modo
2418 1143 2596 1223 bene
2625 1143 2900 1222 vivere,
2934 1151 3011 1205 ut

551 1265 795 1312 omnes
823 1248 1195 1311 christiani
1225 1256 1572 1327 tenentur,
1605 1266 1738 1311 nec
1768 1257 2044 1311 tantum
2072 1248 2445 1312 excellenti
2474 1249 2708 1328 mode,
2742 1258 2818 1312 ut
2855 1250 3009 1312 reli-

548 1356 768 1435 giosi,
801 1354 928 1417 sed
957 1354 1346 1418 secundum
1376 1353 1562 1418 istud
1590 1373 1858 1418 novum
1895 1354 2159 1419 Christi
2190 1355 2633 1435 mandatum,
2667 1357 3009 1419 excellen-

549 1462 825 1525 tissimo
855 1461 1085 1540 modo,
1129 1462 1304 1524 nihil
1333 1462 1694 1525 dilectioni
1741 1462 2045 1525 fratrum
2083 1471 2545 1543 anteponere,
2593 1464 2705 1526 sui
2744 1465 3011 1527 nullum

547 1569 810 1633 habere
839 1577 1262 1649 respectum,
1297 1570 1606 1649 seipsum
1634 1570 2051 1660 exinanire,
2071 1569 2354 1633 demum
2395 1587 2471 1632 se
2499 1578 2724 1633 totum
2755 1570 2846 1634 ad
2876 1569 3011 1634 Dei

548 1676 890 1739 honorem
939 1676 1562 1757 proximorumque
1605 1678 1905 1740 salutem
1947 1675 2338 1756 effundere,
2385 1678 2609 1741 vitam
2647 1679 3013 1759 propriam

547 1801 678 1863 pro
736 1785 962 1847 salute
1018 1785 1414 1847 animarum
1467 1793 1949 1862 contemnere,
2004 1801 2286 1848 omnem
2337 1785 2640 1865 denique
2696 1786 3009 1849 laborem

548 1899 758 1971 atque
791 1907 999 1954 omne
1028 1869 1420 1971 periculum
1450 1891 1686 1954 subire
1715 1908 1847 1971 pro
1888 1890 2169 1955 Christo
2208 1900 2277 1954 et
2316 1891 2714 1955 animarum
2753 1894 3004 1956 salute.

551 1997 796 2060 Novus
824 2015 997 2061 sane
1027 2006 1097 2060 et
1124 1996 1483 2061 inauditus
1526 2006 1632 2061 est
1675 1998 1789 2061 hic
1830 1998 2226 2061 dilectionis
2255 1998 2539 2078 moduS,
2573 2017 2782 2078 quem
2812 1999 3006 2063 Chri·

547 2113 700 2168 stus
729 2103 1098 2184 DominuS,
1132 2105 1560 2168 transiturus
1589 2123 1678 2168 ex
1706 2104 1844 2168 hoc
1872 2105 2134 2168 mundo
2166 2105 2257 2168 ad
2284 2105 2591 2185 Patrem,
2625 2107 2774 2169 suis
2804 2106 3005 2170 disci·

543 2212 728 2291 pulis
769 2212 1316 2275 commendavit.
1358 2211 1555 2275 Haec
1595 2220 1845 2275 sancta
1894 2210 2216 2275 Societas
2264 2228 2529 2276 novum
2576 2213 2764 2276 istud
2812 2213 3008 2276 Chri-

546 2320 641 2382 sti
668 2319 1083 2382 mandatum
1109 2336 1238 2399 pro
1267 2318 1726 2383 fundamento
1755 2337 1845 2382 ac
1873 2318 2111 2382 radice
2140 2320 2382 2398 habet;
2422 2337 2553 2383 nec
2584 2320 2676 2383 ad
2704 2320 3008 2400 particu-

547 2427 695 2489 lare
726 2426 1011 2506 aliquod
1041 2426 1411 2489 charitatis
1440 2425 1743 2489 officium
1783 2443 1908 2490 seu
1933 2426 2403 2489 obedientiam
2427 2444 2505 2489 se
2534 2427 3005 2507 adstringunt,

543 2534 665 2614 qui
693 2534 780 2597 de
811 2534 944 2597 hac
975 2532 1329 2597 Societate
1359 2544 1546 2612 sunt,
1581 2533 1763 2597 sicut
1784 2533 1967 2597 aliae
1990 2534 2372 2613 religiones
2399 2534 2741 2614 fecerunt,
2770 2534 2896 2598 sed
2920 2534 3012 2597 ad

547 2659 633 2704 ea
661 2641 898 2704 omnia
928 2641 1021 2704 ad
1051 2658 1232 2723 quae
1254 2640 1641 2720 mittentur,
1670 2658 1851 2723 quae
1881 2649 2222 2722 tanquam
2242 2641 2475 2721 magis
2498 2640 2591 2704 ad
2614 2641 3011 2704 animarum

547 2749 848 2812 salutem
870 2748 1067 2811 utilia
1089 2765 1246 2811 sese
1271 2746 1626 2812 offerrent.
1658 2748 1813 2811 Hoc
1841 2765 2013 2811 sane
2043 2756 2190 2811 tam
2212 2749 2570 2812 excellens
2592 2758 2662 2812 et
2684 2757 3011 2812 sanctum

546 2864 677 2934 est,
709 2865 787 2919 ut
817 2872 1096 2919 omnem
1130 2856 1562 2919 intellectum
1598 2872 1939 2937 superare
1967 2855 2320 2936 videatur..
2349 2855 2509 2918 Non
2552 2872 2724 2935 ergo
2754 2856 3011 2919 mirum

548 2973 685 3044 est,
727 2963 789 3026 si
818 2962 994 3026 haec
1027 2971 1274 3025 sancta
1303 2961 1623 3026 Societas
1651 2980 1693 3025 a
1722 2963 1972 3043 paucis
2002 2971 2502 3041 cognoscatur,
2535 2981 2719 3042 quae
2757 2964 3010 3026 merito

552 3088 724 3133 sane
762 3079 1064 3133 vocatur
1102 3068 1423 3132 Societas
1458 3070 1649 3152 Jesu,
1692 3087 1859 3148 non,
1892 3078 1969 3132 ut
2008 3069 2297 3149 quidam
2335 3069 2605 3145 dicunt,
2654 3068 2843 3148 quod
2879 3087 3009 3132 nos

549 3178 769 3241 simus
798 3195 889 3240 ex
916 3175 1268 3240 Societate
1297 3177 1589 3256 diaboli,
1624 3176 1749 3239 sed
1777 3177 1944 3255 quia
1982 3176 2486 3252 excellentiori,
2512 3176 2744 3240 rimmo
2784 3178 3008 3239 excel·

544 3284 935 3348 lentissimo
965 3284 1198 3363 mod0,
1224 3284 1545 3363 sequitur
1566 3282 1952 3347 Dominum
1978 3282 2221 3365 Jesum
2250 3282 2538 3364 ejusque
2562 3282 2819 3346 Beatos
2845 3300 3007 3364 apo·

549 3392 790 3454 stolos.
819 3391 972 3470 Ego
989 3407 1250 3464 omnes
1271 3407 1517 3453 eorum
1538 3391 1788 3469 bullaS,
1815 3390 2355 3452 constitutiones
2377 3398 2447 3453 et
2469 3390 2811 3454 exercitia
2842 3390 3005 3469 legi,

550 3498 967 3562 confirmata
1030 3506 1099 3561 et
1155 3497 1550 3577 approbata
1604 3513 1731 3577 per
1781 3497 2199 3560 modernum
2255 3495 2666 3560 Pontificem
2721 3495 3010 3578 ejusque

547 3605 1194 3685 praedecessorem.
1228 3603 1307 3667 In
1337 3603 1581 3667 habitu
1620 3612 2009 3684 sequuntur
2046 3620 2319 3667 morem
2362 3604 2640 3684 piorum
2683 3603 3007 3667 sacerdo·

551 3721 700 3776 tum
728 3711 1040 3792 regionis
1068 3710 1186 3774 ubi
1217 3711 1510 3791 degunt;
1546 3710 1618 3774 in
1651 3711 1826 3773 cibis
1859 3718 1929 3773 et
1958 3709 2301 3776 similibus
2329 3712 2522 3773 nulla
2552 3719 2841 3773 utuntur
2871 3711 3006 3774 sin-

548 3819 952 3898 gularitate;
1002 3835 1148 3882 non
1186 3826 1478 3881 cantant
1515 3818 1590 3881 in
1631 3817 1940 3898 templis3
1981 3835 2227 3881 eorum
2264 3818 2605 3881 exercitia
2643 3818 2813 3899 legi,
2866 3834 3008 3881 non

547 3943 850 4007 magnas
877 3926 1346 4007 poenitentias
1375 3925 1737 3989 continent
1765 3934 1834 3988 et
1877 3925 2154 4004 similia,
2196 3925 2324 3989 sed
2361 3926 2598 3989 omnia
2641 3943 3007 4006 propemo-

547 4035 715 4098 dum
743 4044 907 4098 sunt
936 4034 1337 4097 communia
1367 4042 1436 4097 et
1463 4033 1624 4096 inde
1662 4033 2057 4114 perducunt
2095 4033 2187 4096 ad
2224 4033 2560 4096 maxima.
2604 4032 2809 4097 Nova
2851 4051 3005 4113 pro-

547 4141 733 4205 fecto
757 4152 826 4205 et
848 4141 1164 4205 inaudita
1186 4141 1775 4220 sanctissimaque
1796 4148 1961 4202 sunt
1982 4139 2162 4204 haec
2178 4188 2193 4219 ,
2229 4141 2411 4203 sicut
2433 4149 2503 4203 et
2526 4158 2792 4203 novum
2813 4139 3007 4204 Chri-

548 4248 639 4313 sti
680 4249 1113 4312 mandatum.
1167 4245 1327 4311 Non
1368 4248 1557 4329 quod
1593 4248 1912 4312 habitum
1961 4256 2032 4310 et
2068 4247 2231 4326 alia,
2286 4265 2466 4328 quae
2516 4247 3009 4327 religiosorum

547 4364 733 4436 sunt,
786 4355 1392 4436 reprehendamus
1441 4356 1514 4418 in
1551 4356 1676 4432 eis,
1731 4356 1983 4436 quibus
2031 4356 2209 4418 haec
2246 4355 2653 4418 necessaria
2703 4364 2772 4418 et
2809 4354 3007 4418 utilia

547 4472 731 4543 sunt,
766 4472 899 4526 etc.
935 4462 1140 4542 Quod
1170 4463 1261 4527 ad
1289 4472 1459 4526 vota
1486 4462 1694 4543 hujus
1723 4480 1957 4526 novae
1986 4470 2417 4543 sanctaeque
2445 4460 2822 4525 Societatis
2850 4462 3004 4525 atti·

543 4579 688 4649 net,
725 4579 989 4634 vovent
1017 4571 1089 4633 in
1119 4571 1363 4651 primis
1391 4570 1529 4634 tria
1557 4578 1732 4634 vota
1762 4569 2257 4634 substantialia
2279 4586 2476 4633 more
2506 4569 2823 4632 omnium
2852 4570 3004 4633 reli-

543 4678 932 4758 giosorum,
966 4678 1092 4741 sed
1129 4678 1339 4758 longe
1378 4677 1802 4759 perfectiori,
1838 4679 2052 4742 immo
2090 4676 2604 4759 perfectissimo
2643 4677 2887 4755 modo,
2931 4686 3006 4740 ut
