3679 5414
1642 463 1770 522 Aa.
1816 462 1957 522 1552
2919 464 3028 524 437

549 620 738 673 esset
768 609 1281 689 incommoduS‚
1325 627 1666 673 numerus
1708 620 1950 673 tamen
2000 608 2509 689 discipulorum
2559 610 2925 673 crescebat
2952 611 3026 674 in

550 716 702 780 dies
731 726 799 781 et
830 718 923 781 ad
951 726 1237 781 centum
1266 726 1336 781 et
1373 717 1890 798 quinquaginta
1930 726 1999 780 et
2036 718 2274 797 plures
2313 717 2671 797 pervenit;
2726 734 3028 798 quorum

549 834 885 905 parentes
914 833 1287 905 tantopere
1309 833 1598 905 propter
1626 824 2140 888 institutionem
2161 823 2465 887 filiorum
2488 824 2750 887 nostris
2775 824 3025 888 afficie-

551 933 833 1011 bantur,
868 941 944 995 ut
972 941 1258 996 nostros
1289 941 1747 995 occurrentes
1787 932 1859 994 in
1888 931 2026 994 viis
2053 930 2354 1011 publicis
2384 948 2543 993 cum
2568 948 2833 1010 magna
2862 949 3024 995 con·

552 1040 1029 1119 gratulatione
1079 1040 1490 1119 exciperent
1532 1056 1618 1101 ac
1667 1037 1921 1101 filiolos
1960 1055 2128 1101 suos
2167 1046 2443 1101 tantum
2487 1039 2576 1101 ab
2617 1039 2701 1101 iis
2734 1038 3020 1117 distare,

554 1164 733 1228 quos
782 1147 982 1211 initio
1034 1147 1298 1210 nostris
1355 1146 1883 1225 commiserant,
1938 1153 2283 1226 quantum
2332 1163 2375 1208 a
2432 1145 2743 1208 tenebris
2796 1147 3028 1208 lucem

553 1252 783 1333 ipsam
834 1254 1300 1317 testabantur.
1357 1253 1559 1316 Multi
1607 1253 1825 1316 etiam
1874 1270 1965 1316 ex
2002 1253 2113 1315 his
2156 1253 2566 1333 parentibus
2594 1252 2879 1316 scholas
2907 1271 3024 1316 no·

554 1370 741 1425 stras
782 1362 1107 1441 adibant,
1155 1362 1647 1425 observandae
1687 1360 2000 1424 methodi
2046 1361 2315 1440 gratia,
2358 1378 2496 1440 qua
2535 1361 2608 1423 in
2644 1360 2805 1423 filiis
2835 1362 3023 1425 insti·

554 1470 837 1533 tuendis
896 1469 1126 1532 nostri
1173 1469 1553 1532 utebantur
1605 1468 1721 1545 (ea
1773 1476 2011 1531 autem
2057 1467 2362 1531 Romani
2418 1468 2713 1547 Collegii
2770 1468 3026 1533 formu-

554 1579 695 1640 lam
723 1577 934 1657 plane
965 1575 1441 1654 imitabatur),
1476 1592 1657 1656 quae
1697 1575 1877 1638 adeo
1916 1575 2053 1638 illis
2092 1575 2450 1655 placebat,
2500 1593 2662 1637 curn
2703 1593 3026 1656 praeser-

555 1684 681 1747 tim
737 1682 1376 1764 disputatiunculas
1433 1700 1679 1746 eorum
1735 1682 2091 1761 viderent,
2145 1692 2223 1745 ut
2279 1683 2568 1746 easdem
2617 1681 2807 1746 domi
2857 1702 3030 1748 suae

553 1791 771 1855 etiarn
798 1791 1043 1854 iterari
1071 1810 1115 1854 a
1154 1789 1315 1853 filiis
1352 1791 1637 1854 vellent.
1681 1789 1770 1852 Et
1809 1806 1972 1852 cum
2009 1789 2530 1853 vendimiarum
2560 1800 2877 1871 tempore
2907 1808 3028 1870 pa·

553 1908 790 1963 rentes
819 1917 909 1961 ex
946 1899 1120 1962 urbe
1158 1896 1614 1977 recedebant,
1668 1907 1737 1960 et
1787 1898 2145 1976 integram
2193 1896 2535 1960 familiam
2588 1898 2680 1960 ad
2732 1899 3027 1979 praedia

557 2006 909 2069 adducere
939 2006 1294 2084 solebant,
1339 2004 1519 2068 filios
1558 2013 1798 2068 tamen
1841 2004 2098 2067 vicinis
2142 2005 2709 2084 committebant,
2753 2024 2842 2068 ne
2887 2006 3030 2069 diu-

558 2111 699 2175 tius
723 2130 766 2175 a
789 2112 1041 2175 studiis
1090 2130 1176 2174 ac
1218 2111 1423 2175 bonis
1463 2111 1780 2174 moribus
1835 2110 2193 2174 discendis
2242 2112 2486 2175 feriari
2526 2123 2951 2192 cogerentur
2986 2112 3028 2172 ¹.

677 2218 778 2282 46.
867 2219 944 2283 In
983 2227 1128 2282 tres
1167 2221 1435 2282 classes
1475 2219 1763 2281 scholae
1807 2218 2184 2282 distinctae
2229 2217 2543 2297 fuerunt;
2590 2228 2660 2282 et
2704 2221 3034 2300 quamvis

561 2327 901 2405 magister
975 2325 1386 2388 Edmundus
1445 2326 1538 2389 ad
1597 2326 1852 2388 altiora
1902 2325 2223 2388 docenda
2274 2326 2533 2389 missus
2591 2336 2808 2406 esset,
2869 2328 3035 2408 quia

560 2433 1067 2511 grammatices
1096 2432 1577 2496 fundamentis
1608 2450 1855 2495 omnes
1893 2432 2486 2511 destituebantur,
2530 2435 2604 2496 in
2649 2435 2843 2497 illam
2873 2452 3036 2498 eum

561 2539 965 2603 incumbere
997 2540 1305 2620 oportuit
1336 2548 1403 2602 et
1435 2540 1613 2602 citra
1637 2540 2072 2603 rhetoricam
2093 2540 2498 2603 subsistere.
2529 2540 2773 2604 Nostri
2797 2551 3034 2605 autem

562 2647 853 2726 fratreS,
888 2647 1216 2727 occupati
1255 2654 1715 2710 externorum
1745 2646 1998 2714 studiis
2041 2647 2547 2727 promovendis
2589 2657 2657 2712 et
2694 2648 2805 2712 his
2834 2666 3035 2730 prae-

566 2755 973 2836 ceptoribus
1015 2753 1386 2835 juvandiS,
1442 2753 1633 2818 domi
1684 2755 2140 2828 nihilominus
2191 2773 2358 2819 suas
2407 2756 2750 2820 lectiones
2799 2777 2842 2821 a
2890 2776 3035 2821 ma-

563 2864 788 2942 gistro
819 2862 1191 2925 Edmundo
1223 2862 1626 2925 audiebant.
1661 2862 1933 2941 Quarta
1962 2863 2208 2925 schola
2240 2863 2406 2926 addi
2436 2864 2565 2926 sub
2597 2863 2808 2927 finem
2829 2863 3037 2945 hujus

565 2969 733 3032 anni
761 2970 1029 3048 debuit,
1067 2978 1141 3031 ut
1171 2977 1240 3031 et
1278 2986 1573 3033 numero
1604 2979 1671 3031 et
1703 2969 1973 3049 dispari
2012 2970 2360 3048 profectui
2401 2971 2834 3034 studentium
2874 2990 3035 3034 con·

568 3078 939 3139 suleretur.

682 3181 782 3245 47.
871 3182 1176 3245 Fructus
1207 3191 1444 3244 autem
1474 3182 1873 3246 studiorum
1902 3183 1975 3245 in
2005 3183 2321 3246 externis
2351 3184 2538 3263 quod
2568 3185 3039 3264 poenitendus

562 3307 706 3352 non
760 3289 970 3352 fuerit
1027 3298 1360 3368 parentes
1409 3307 1622 3368 saepe
1678 3289 2152 3369 testabantur,
2211 3291 2329 3370 qui
2379 3300 2526 3353 toto
2578 3291 2860 3354 biennio
2912 3301 3033 3354 aut

563 3396 866 3458 triennio
905 3413 1073 3458 suos
1100 3395 1281 3458 filios
1312 3395 1544 3459 minus
1575 3397 1646 3458 in
1675 3396 1927 3459 litteris
1968 3396 2356 3475 profecisse
2387 3414 2599 3478 quam
2639 3398 2750 3461 his
2789 3399 3035 3477 paucis

561 3503 942 3581 mensibuS,
977 3503 1230 3583 quibus
1269 3502 1360 3564 ad
1391 3502 1676 3565 scholas
1705 3511 1989 3566 nostras
2019 3516 2388 3580 venerant,
2416 3505 2841 3567 fatebantur.
2871 3505 3033 3584 Qui—

561 3610 694 3673 bus
724 3619 962 3673 autem
992 3627 1226 3673 mores
1255 3610 1629 3689 compositi
1654 3610 1724 3672 in
1741 3609 2145 3690 juventute,
2173 3612 2435 3691 alioqui
2462 3613 2637 3675 satis
2666 3612 3039 3691 effrenata,

562 3717 970 3781 arridebant
1027 3736 1112 3780 ac
1162 3717 1681 3797 probabantur,
1738 3718 1808 3780 hi
1861 3729 2266 3781 nostrorum
2323 3719 2837 3783 institutionem
2889 3738 3033 3783 non

561 3833 891 3904 poterant
920 3843 1063 3887 non
1093 3825 1616 3888 commendare.

682 3931 781 3994 48.
869 3931 1028 3995 Non
1057 3941 1296 3994 tamen
1326 3932 1619 3994 deerant
1653 3932 1899 4011 aliqui,
1945 3934 2068 4012 qui
2106 3933 2296 4013 apud
2334 3932 2727 4013 Collegium
2764 3953 3035 3998 novum

562 4057 693 4102 nec
731 4039 1004 4102 litteras
1041 4057 1172 4101 nec
1215 4039 1628 4101 methodum
1676 4039 2147 4102 instituendae
2191 4038 2584 4120 juventutis
2626 4043 3031 4121 probarent;

561 4147 679 4224 qui
710 4147 953 4209 varias
983 4144 1392 4224 tragoedias
1423 4146 1821 4209 excitantes
1856 4147 2088 4226 ipsum
2118 4149 2335 4210 etiam
2364 4148 2765 4227 Vicarium,
2800 4148 3031 4213 Socie*

561 4252 691 4314 tati
729 4252 993 4332 alioqui
1022 4253 1563 4332 aequissimum,
1607 4261 1859 4315 contra
1895 4265 2178 4317 nostros
2217 4255 2578 4318 concitare
2614 4256 3031 4336 nite1·entur;

562 4370 994 4440 quapropter
1038 4360 1275 4422 visum
1318 4369 1424 4423 est
1468 4360 1801 4441 expedire
1853 4369 1928 4423 ut
1982 4361 2267 4441 aliquod
2311 4364 2670 4446 specimen
2711 4365 3034 4428 veritatis

642 4563 657 4594 ¹
718 4562 995 4616 Polancus‚
1020 4575 1086 4606 ex
1107 4577 1266 4617 com.‚
1291 4565 1557 4608 Evcrardo
1590 4564 1941 4616 Morem-iano,
1975 4577 2035 4606 nc
2073 4566 2239 4618 quoad
2273 4567 2524 4609 exercitia
2556 4568 2851 4611 litterarum
2882 4571 3035 4623 plura

560 4634 867 4686 promittant
890 4645 1043 4686 quam
1065 4636 1214 4678 facile
1238 4636 1445 4690 exsequi
1467 4636 1681 4690 possint,
1703 4635 1790 4678 sed
1813 4636 2089 4679 humilibus
2109 4637 2279 4689 potius
2300 4638 2528 4681 contenti
2552 4638 2615 4680 ad
2633 4639 2832 4693 majora
2853 4641 2903 4683 in
2923 4641 3033 4684 dies

561 4704 815 4758 paulatim
838 4707 1151 4750 contendant
1171 4741 1179 4757 ‚
1202 4708 1255 4752 25
1276 4708 1428 4760 Junii.
