3679 5414
1548 473 1675 530 ΑΝ.
1720 473 1860 530 1550
2467 505 2473 510 ·
2832 477 2940 534 129

455 637 620 682 cem
647 620 833 682 inter
865 619 1228 698 moniales,
1271 637 1454 699 quae
1492 636 1705 699 super
1736 628 2018 682 centum
2057 628 2126 682 et
2166 620 2420 698 viginti
2458 631 2661 684 erant
2691 631 2758 683 et
2788 639 2930 685 ma·

454 728 630 805 gnis
667 725 1222 789 dissensionibus
1253 726 1372 789 diu
1401 727 1938 805 laboraverant,
1974 726 2352 790 conciliare
2396 729 2728 792 studeret.
2763 729 2930 792 Adi-

453 835 568 896 vit
598 834 1111 896 monasterium
1151 833 1264 895 ille
1305 842 1373 896 et
1412 834 1624 896 unica
1663 833 2155 898 exhortatione
2196 834 2470 912 habita,
2513 835 2615 898 sic
2659 847 2931 900 mentes

454 941 880 1004 monialium
909 939 1311 1020 penetravit
1340 940 1659 1019 gladium
1686 941 1887 1004 verbi
1909 941 2044 1004 Dei
2071 950 2177 1019 ut,
2206 942 2578 1021 incipiente
2605 943 2933 1006 Abbatis·

453 1066 580 1125 sa,
616 1064 863 1110 omnes
890 1065 968 1109 se
1004 1054 1536 1127 prosternerent
1577 1055 1647 1109 et
1675 1048 1961 1110 veniam
1999 1048 2087 1110 ab
2133 1048 2437 1110 invicem
2475 1059 2827 1129 peterent;
2862 1063 2927 1113 et

454 1155 558 1218 ad
588 1172 926 1234 magnam
954 1154 1326 1217 charitatis
1366 1154 1697 1217 unionem
1727 1155 2061 1217 reductae
2100 1165 2285 1217 sunt.
2320 1155 2474 1217 Hoc
2513 1167 2581 1219 et
2622 1157 2761 1219 alia
2789 1158 2929 1237 pie·

453 1264 635 1325 tatis
669 1279 908 1342 opera,
944 1279 1126 1342 quae
1155 1260 1428 1324 Doctor
1450 1261 1824 1324 Torrensis
1848 1262 1942 1323 ibi
1961 1262 2335 1342 praestitit,
2362 1271 2731 1342 tantopere
2761 1265 2932 1325 mul-

452 1383 704 1433 torum
732 1370 1011 1431 animos
1042 1377 1608 1448 commoverunt,
1643 1377 1720 1431 ut
1741 1386 1827 1431 ea
1858 1368 1930 1430 in
1955 1370 2125 1431 urbe
2151 1369 2317 1449 quid
2340 1369 2565 1432 simile
2589 1370 2938 1433 accidisse

451 1478 790 1539 homines
810 1493 957 1538 non
985 1475 1487 1554 meminissent;
1520 1484 1589 1539 et
1619 1476 1893 1556 aliquos
1923 1476 2009 1538 de
2038 1475 2390 1539 Societate
2420 1485 2658 1555 petere
2690 1494 2934 1557 coepe-

450 1594 656 1662 runt,
689 1584 974 1646 domum
995 1593 1068 1646 et
1097 1582 1334 1645 omnia
1363 1584 1770 1645 necessaria
1801 1581 2184 1645 offerendO.

587 1691 730 1752 313.
817 1690 896 1753 In
952 1689 1128 1752 locis
1184 1688 1659 1751 Salmanticae
1714 1689 1971 1751 vicinis
2021 1690 2483 1753 christianam
2539 1691 2936 1754 doctrinam

452 1814 727 1877 pueros
755 1796 979 1859 nostri
1006 1796 1385 1874 docebant,
1421 1803 1490 1858 et
1517 1795 1797 1876 populis
1827 1795 2451 1859 concionabantur.
2489 1796 2668 1860 Cum
2698 1807 2931 1862 autem

453 1905 580 1966 vir
609 1904 900 1983 quidam
938 1921 1236 1966 uxorem
1270 1903 1648 1982 gravidam
1697 1921 1788 1966 ex
1838 1903 2184 1983 adulterio
2222 1904 2621 1984 reperisset,
2666 1915 2735 1968 et
2772 1923 2930 1969 eam

452 2010 968 2074 interfecturus
995 2019 1214 2090 esset,
1247 2011 1533 2091 quidam
1563 2030 1652 2074 ex
1680 2012 1943 2074 nostris
1973 2013 2374 2075 admonitus
2402 2012 2758 2076 hominem
2788 2014 2933 2076 adi·

453 2120 591 2196 vit,
626 2128 696 2180 et
725 2118 828 2180 sic
857 2117 1301 2181 sermonibus
1327 2118 1543 2197 fregit
1571 2135 1657 2180 ac
1688 2119 2030 2181 emollivit
2070 2128 2147 2182 ut
2186 2120 2472 2183 veniam
2501 2122 2705 2184 uxori
2729 2121 2930 2184 dede-

448 2227 577 2304 rit;
611 2236 682 2287 et
711 2235 858 2288 tam
881 2226 1030 2305 ipse
1052 2244 1267 2306 quam
1287 2227 1428 2305 illa,
1455 2237 1615 2307 post
1638 2227 2156 2291 confessionem
2184 2239 2571 2308 peractam,
2598 2227 2688 2292 ad
2710 2228 2934 2291 vitam

450 2331 762 2412 pacifice
813 2343 883 2395 et
932 2332 1142 2394 simul
1189 2333 1540 2412 agendam
1580 2343 2089 2397 convenerunt.
2135 2334 2341 2397 Alius
2380 2336 2662 2416 quidam
2693 2335 2931 2416 depre-

449 2440 764 2502 hensam
794 2456 958 2501 cum
988 2438 1308 2501 adultero
1338 2456 1635 2502 uxorem
1664 2441 2066 2520 accusavit;
2109 2450 2178 2503 et
2218 2459 2381 2504 cum
2418 2443 2743 2522 capitalis
2781 2459 2934 2505 sen-

452 2547 685 2610 tentia
717 2546 856 2607 illis
885 2546 1310 2622 immineret,
1346 2547 1534 2627 quod
1563 2547 1676 2609 vir
1705 2547 1992 2626 quidam
2030 2548 2410 2626 primarius
2439 2558 2506 2611 et
2538 2550 2939 2628 complures

451 2652 784 2732 religiosi
813 2670 959 2716 non
989 2652 1369 2734 impetrare
1398 2661 1797 2734 potuerant,
1835 2653 2021 2717 idem
2044 2652 2194 2734 J‘am
2223 2654 2455 2719 dictus
2482 2654 2691 2719 Pater
2721 2656 2810 2719 ab
2836 2654 2931 2719 of·

452 2761 667 2823 senso
696 2760 955 2826 marito
984 2760 1421 2840 impetravit,
1456 2769 1534 2823 ut
1555 2810 1570 2838 ,
1605 2761 1906 2840 scilicet,
1948 2771 2094 2824 tam
2134 2762 2455 2825 adultero
2486 2781 2699 2842 quam
2729 2766 2934 2827 uxori

453 2868 754 2931 veniam
794 2867 1026 2945 daret;
1072 2877 1142 2929 et
1190 2875 1267 2929 ut
1318 2866 1820 2930 confiterentur
1863 2878 2010 2931 tam
2053 2869 2350 2933 maritus
2390 2887 2603 2950 quam
2641 2888 2822 2933 uxor
2852 2886 2937 2933 eo

455 2976 599 3049 die,
636 2991 781 3054 quo
810 2974 931 3035 ina
961 2973 1049 3036 ad
1081 2957 1680 3038 cohabitationem
1710 2975 2238 3057 admittebatur,
2274 2976 2528 3040 effecit.

581 3079 727 3143 314.
817 3079 974 3143 Hoc
1004 3098 1192 3144 anno
1223 3099 1385 3144 cum
1412 3080 1487 3144 P.
1523 3081 2076 3164 Christophorus
2107 3083 2194 3146 de
2224 3084 2602 3162 Mendoza,
2641 3084 2759 3164 qui
2796 3082 2931 3146 Ro-

456 3206 659 3252 mam
709 3197 1035 3267 venerat,
1089 3189 1162 3251 in
1208 3189 1631 3268 Hispaniam
1673 3190 2032 3269 rediisset,
2077 3190 2150 3253 in
2189 3191 2551 3254 civitatem
2588 3190 2820 3253 Xerez
2858 3207 2934 3253 se

456 3296 786 3373 contulit,
822 3295 939 3358 ubi
966 3295 1235 3358 invenit
1264 3294 1340 3358 P.
1375 3294 1772 3376 Gasparem
1800 3297 2058 3376 LopeZ,
2096 3298 2167 3360 in
2198 3298 2487 3360 civitate
2522 3298 2737 3359 etiam
2766 3308 2931 3359 tunc

455 3402 872 3481 theologiae
894 3420 1180 3465 cursum
1202 3403 1750 3482 praelegentem,
1779 3403 1899 3483 qui
1923 3404 2268 3484 optimum
2290 3421 2703 3466 successum
2725 3402 2931 3466 habe-

459 3528 541 3572 re
564 3510 702 3588 ipsi
726 3508 1134 3587 videbatur,
1170 3517 1330 3572 cum
1359 3508 1448 3572 D.
1492 3509 1807 3573 Thomae
1838 3527 1923 3572 ac
1954 3510 2504 3574 Bonaventurae
2536 3511 2936 3573 doctrinam

459 3633 632 3678 cum
663 3614 1143 3679 Conciliorum
1172 3623 1241 3679 et
1270 3616 1597 3680 canonici
1622 3615 1804 3697 juris
1832 3617 2228 3681 eruditione
2258 3616 2763 3697 conjunxisset.
2794 3618 2935 3681 Ali·

459 3740 647 3801 quos
676 3723 893 3784 etiam
922 3722 1304 3803 discipulos
1325 3722 1424 3784 -ad
1454 3723 1592 3786 hoc
1623 3723 1856 3802 ipsum
1893 3723 2387 3804 disponentem
2416 3725 2701 3805 reperit.
2750 3723 2934 3805 Age·

461 3829 592 3890 bat
619 3837 859 3890 autem
886 3828 962 3891 P.
998 3826 1554 3908 Christophorus
1582 3829 1790 3893 simul
1813 3848 1975 3892 cum
1997 3830 2150 3910 ipso
2173 3830 2260 3892 de
2285 3830 2600 3910 Collegio
2625 3832 2837 3895 immo
2868 3842 2937 3895 et

460 3935 556 3996 de
587 3934 1070 3998 Universitate
1098 3934 1171 3997 in
1198 3952 1284 3998 ea
1307 3936 1600 3999 civitate
1623 3935 2077 4015 instituenda,
2105 3945 2174 4000 et
2199 3955 2359 4000 cum
2381 3939 2653 4001 litteras
2677 3958 2720 4001 a
2742 3938 2941 4017 Rege

461 4041 853 4109 Bohemiae
884 4050 953 4104 et
992 4040 1143 4122 ejus
1181 4059 1404 4106 uxore
1443 4043 1700 4122 Maria,
1748 4043 1986 4107 Caroli
2022 4043 2477 4124 Imperatoris
2514 4044 2655 4107 filia
2687 4046 2942 4125 (penes

461 4166 652 4228 quos
677 4158 834 4211 erat
854 4157 1023 4212 tunc
1045 4148 1432 4229 Hispaniae
1454 4150 1925 4229 gubernatio),
1947 4151 2038 4214 ad
2061 4161 2386 4215 senatum
2411 4152 2724 4215 civitatis
2746 4153 2940 4216 tulis·

460 4263 654 4335 sent,
685 4256 945 4318 civitas
971 4256 1338 4337 respondit
1366 4265 1443 4319 ut
1472 4257 1545 4319 in
1572 4257 1854 4320 nornine
1878 4256 2165 4321 Domini
2193 4256 2518 4322 Societas
2540 4276 2625 4322 eo
2649 4260 2937 4323 accede-

464 4370 608 4440 ret,
657 4362 950 4426 libenter
997 4380 1074 4425 se
1124 4363 1318 4426 illam
1367 4372 1826 4443 excepturam
1869 4364 2301 4444 significans
2358 4366 2558 4429 Multi
2610 4368 2824 4430 etiam
2866 4369 2938 4431 id

464 4467 815 4547 optabant
852 4478 922 4532 et
959 4486 1123 4532 cum
1171 4470 1448 4550 aliquos
1493 4471 1761 4533 reditus
1800 4471 2324 4535 ecclesiasticos
2370 4473 2466 4535 ibi
2504 4473 2581 4536 P.
2627 4460 2936 4539 Christo-

465 4576 743 4655 phorus
769 4574 1094 4656 haberet,
1128 4586 1197 4640 et
1225 4577 1483 4640 civitas
1524 4577 1784 4657 aliquid
1827 4578 2045 4640 etiam
2082 4577 2431 4659 Magistro
2473 4580 2780 4661 Gaspari
2818 4584 2936 4645 tri-

466 4682 724 4743 bueret
755 4682 821 4744 in
851 4683 1173 4762 singulos
1202 4701 1450 4760 annos,
1484 4684 1725 4747 statim
1754 4684 1999 4747 venire
2023 4702 2231 4764 posse
2254 4687 2560 4767 aliquem
2588 4689 2674 4752 de
2704 4688 2938 4753 Socie-

2585 4821 2620 4875 9
