3679 5414
700 434 812 493 456
1615 435 1870 496 Cimon.
1920 435 2074 496 Soc,
2115 437 2255 511 Jas.

825 579 927 648 96.
1014 580 1083 644 Is
1124 597 1386 660 magna
1425 598 1587 644 cum
1627 582 1996 645 alacritate
2041 583 2482 646 obedientiae
2519 585 2792 648 litteras
2833 588 3177 666 suscepit,-

704 689 830 750 sed
860 689 1094 767 amici,
1126 689 1245 768 qui
1275 688 1425 769 ejus
1447 707 1665 770 opera
1688 688 1925 769 Juvari
1957 691 2299 769 solebant,
2336 692 2661 771 suspiriis
2681 702 2749 755 et
2769 693 3182 771 planctibus.

706 795 891 857 hanc
941 796 1346 859 missionem
1395 796 1529 859 sibi
1578 797 2112 860 acerbissimam
2145 815 2302 861 esse
2346 799 2939 862 demonstrarunt.
2984 800 3165 879 Quia

705 912 942 966 tamen
972 903 1106 966 Dei
1136 903 1329 966 servi
1357 913 1560 966 erant
1582 914 1651 967 et
1675 901 1750 965 P.
1777 902 2126 984 Sylvestri
2154 907 2313 969 loco
2335 906 2456 969 alii
2479 924 2570 969 ex
2599 908 2862 969 nostris
2890 923 3178 971 succes-f

706 1011 854 1072 suri
895 1011 1515 1091 exspectabantur,
1562 1012 2124 1075 consolationem
2167 1013 2454 1076 tandem
2492 1023 2940 1093 acceperunt.
2977 1013 3178 1077 Ante-

704 1127 941 1181 tamen
965 1136 1179 1199 quam
1200 1118 1773 1198 proficisceretur
1796 1119 1948 1196 (fuit
1971 1132 2207 1183 autem
2222 1120 2570 1201 profectio
2585 1120 2722 1182 28.⁸
2737 1119 3180 1201 Septembris.

703 1242 865 1288 cum
896 1226 1161 1289 viatico
1192 1234 1261 1288 et
1300 1226 1499 1305 equis
1539 1225 1876 1306 Episcopi
1915 1228 2364 1306 mutinensiS,
2408 1245 2540 1290 nec
2579 1228 2766 1291 enim
2805 1229 3004 1290 aliter
3041 1245 3182 1291 eos.

703 1350 961 1412 passus
990 1343 1098 1396 est
1127 1333 1399 1396 Mutina
1429 1334 1819 1413 recedere),
1853 1345 2139 1398 nostros
2171 1335 2363 1398 domi
2391 1352 2563 1398 suae
2607 1336 2818 1398 rebus
2846 1352 3176 1398 necessa-ff

703 1440 829 1503 riis
882 1441 1265 1503 instructos
1312 1449 1380 1502 et
1429 1439 1506 1502 P.
1551 1439 1935 1504 Caesarem
1983 1459 2113 1504 suo
2163 1443 2320 1504 loco
2373 1443 2909 1505 concionantem
2957 1452 3026 1505 et
3074 1442 3165 1505 ab

705 1548 1058 1628 Episcopo
1100 1548 1432 1610 dilectum
1470 1548 1781 1628 reliquit3
1827 1548 1966 1611 26.εὶ
2005 1550 2219 1612 etiam
2257 1549 2690 1630 Septembris
2727 1550 3010 1612 scholae
3046 1567 3162 1612 no-

707 1663 900 1717 strae
931 1663 1224 1735 apertae
1251 1655 1568 1734 fuerunt;
1601 1673 1783 1735 quae
1814 1656 2052 1719 omnia
2091 1673 2352 1736 magna
2390 1657 2873 1720 consolatione
2902 1655 2977 1719 P.
3015 1654 3163 1736 Syl-

705 1770 1019 1824 vestrum
1063 1780 1513 1825 recessurum
1542 1761 1961 1842 affecerunt,
1997 1764 2175 1826 adeo
2213 1773 2290 1826 ut
2333 1774 2500 1827 tunc
2544 1765 2676 1826 sibi
2713 1764 3182 1827 libentissime

706 1870 1096 1932 moriturus
1126 1869 1508 1935 videretur.

822 1976 923 2037 97.
1010 1976 1271 2039 Habita
1315 1976 1444 2040 fuit
1497 1977 1695 2040 initio
1747 1978 2144 2040 studiorum
2192 1980 2416 2041 latina
2464 1980 2694 2042 oratio
2738 1998 2781 2041 a
2823 1978 3181 2058 Magistro-

706 2082 1093 2146 Francisco
1143 2082 1472 2164 Scipione
1515 2084 1587 2146 in
1628 2085 1890 2163 templo
1941 2094 2211 2163 nostr0,
2253 2102 2393 2163 qua
2432 2103 2631 2148 mens
2673 2085 3048 2149 Societatis
3095 2085 3169 2148 in

705 2188 1158 2254 admittendis
1188 2189 1589 2270 hujusmodi
1614 2190 1952 2270 Collegiis
1979 2200 2048 2253 et
2079 2192 2260 2254 ratio
2286 2192 2756 2255 instituendae
2778 2192 3182 2273 juventutis.

704 2299 1214 2378 explicabatur,
1249 2299 1480 2362 studia
1510 2299 1727 2361 etiam
1756 2299 2255 2362 humaniorum
2292 2300 2689 2363 litterarum
2729 2309 2797 2363 et
2836 2302 3169 2379 ingenua-

702 2422 859 2467 rum
889 2406 1149 2468 artium
1177 2406 1859 2468 commendabantur
1900 2415 1968 2468 et
2012 2405 2102 2468 ad
2143 2423 2267 2468 eas
2307 2407 2801 2486 percipiendas
2834 2407 3176 2487 Juventus

700 2511 1148 2576 incitabatur.
1183 2513 1454 2576 Aderat
1483 2513 1911 2593 EpiscopuS,
1947 2522 2014 2576 et
2044 2515 2330 2593 plurimi
2369 2516 2725 2593 canonici,
2772 2533 2858 2577 ac
2900 2516 3185 2579 nobiles.

699 2627 768 2681 et
807 2620 925 2681 alii
965 2620 1193 2697 civeS,
1236 2628 1305 2682 et
1345 2629 1716 2700 tantopere
1761 2621 1990 2683 oratio
2041 2622 2306 2701 placuit
2340 2631 2419 2684 ut
2457 2622 2726 2685 doleret
2773 2624 3184 2704 Episcopus.

697 2726 885 2805 quod
945 2735 1175 2789 totum
1230 2728 1568 2807 populum
1624 2732 2072 2808 praesentem
2129 2740 2374 2792 orator
2420 2748 2567 2793 non
2615 2731 2997 2794 habuisset.
3049 2730 3181 2796 Sic·

695 2833 915 2895 etiam
944 2834 1218 2896 civibus
1254 2834 1553 2914 placuit,
1595 2844 1670 2897 ut
1711 2837 2060 2912 nonnulli,
2110 2837 2230 2915 qui
2267 2847 2552 2900 nostros
2590 2837 2750 2900 odio
2788 2855 3161 2919 proseque-

694 2939 974 3019 bantur,
1029 2939 1240 3003 amici
1289 2957 1446 3004 esse
1492 2950 1561 3004 et
1598 2952 2005 3005 nostrorum
2047 2944 2298 3006 studiis
2337 2944 2581 3006 favere
2620 2945 3040 3025 inciperent;
3093 2955 3176 3010 et

694 3047 981 3126 quidam
1010 3064 1258 3109 eorum
1286 3065 1428 3111 non
1461 3049 1741 3112 infimae
1769 3059 1981 3112 notae
2012 3050 2189 3112 adeo
2220 3050 2355 3113 hac
2395 3052 2670 3114 ratione
2701 3052 2829 3114 fuit
2858 3070 3161 3116 commo-

691 3163 805 3216 tus
847 3163 923 3217 ut
962 3171 1133 3233 prae
1178 3155 1441 3233 gaudio
1480 3155 1710 3219 flendo
1761 3158 2002 3235 palam
2052 3157 2317 3220 diceret
2363 3158 2710 3222 Mutinam
2757 3169 3163 3224 nostrorum

692 3261 1199 3323 consuetudine
1229 3271 1297 3324 et
1327 3261 1580 3325 studiis
1609 3263 1899 3342 dignam
1931 3282 2073 3326 non
2117 3281 2302 3342 esse,
2353 3265 2540 3345 quod
2583 3266 2814 3329 locum
2859 3285 3160 3330 commo-

691 3366 962 3430 diorem
999 3363 1264 3431 nostris
1301 3386 1444 3431 non
1494 3369 1887 3448 praeberet.
1944 3369 2289 3448 Quamvis
2331 3371 2518 3433 enim
2569 3372 2628 3433 is
2665 3373 2863 3435 locus
2899 3374 3178 3437 nostris

690 3492 834 3537 non
877 3475 1312 3555 displiceret,
1356 3476 1508 3556 ejus
1550 3485 1789 3539 tamen
1837 3477 2203 3540 humilitas
2253 3479 2352 3540 illi
2395 3487 2462 3541 et
2502 3479 2658 3541 aliis
2697 3498 2839 3542 non
2888 3481 3160 3544 satisfa-

689 3580 940 3645 ciebat.
2466 3663 2472 3668 ,

812 3687 912 3751 98.
1000 3687 1421 3753 Scholastici
1450 3691 1521 3752 in
1552 3701 1858 3771 quatuor
1888 3693 2155 3755 classes
2185 3694 2538 3757 distributi
2567 3693 2871 3774 fuerunt,
2908 3707 2978 3757 et
3007 3696 3174 3759 toti-t

696 3795 853 3858 dem
905 3806 1406 3876 praeceptores
1456 3797 1593 3859 illis
1642 3799 1986 3878 praefecti
2023 3809 2101 3863 ut
2145 3802 2385 3880 captui
2423 3801 2923 3881 discipulorum
2961 3803 3174 3865 vario

691 3902 1032 3964 lectiones
1063 3911 1133 3964 et
1162 3904 1712 3967 exercitationes
1743 3905 2149 3969 scholarum
2181 3908 2843 3971 accomodarentur.
2881 3908 2972 3971 Et
3017 3918 3165 3974 tam

691 4008 766 4070 in
797 4010 1424 4089 compositionibus
1452 4028 1664 4091 quam
1696 4013 1768 4074 in
1810 4014 2369 4092 pronunciandis
2413 4016 2851 4078 orationibus
2892 4025 2959 4078 et
3005 4016 3176 4079 aliis.

694 4116 1321 4179 exercitationibus
1350 4134 1492 4180 non
1522 4118 1901 4183 mediocris
1929 4120 2289 4201 profectus
2315 4122 2901 4186 scholasticorum
2927 4140 3162 4186 cerne-

694 4389 1034 4433 christianam
1056 4391 1348 4436 doctrinam
1385 4394 1603 4437 doceant
1618 4427 1628 4447 ,
1666 4395 1714 4438 1⁴
1748 4395 1895 4449 Maii;
1932 4396 2187 4440 Polancus
2202 4431 2212 4450 ,
2249 4409 2315 4440 ex
2349 4408 2510 4450 com„
2543 4397 2818 4454 Sylvestro
2851 4397 3085 4443 Landiuo
3107 4406 3165 4444 ut

692 4461 916 4503 solerter
938 4472 1051 4504 cum
1072 4461 1329 4516 Episcopo
1350 4464 1620 4508 mutinensi
1645 4474 1770 4520 agat
1791 4479 2007 4521 eumque
2028 4469 2212 4512 doceat
2234 4467 2577 4522 Collegiorum
2594 4470 2875 4513 utilitatem
2897 4482 2994 4513 uon
3015 4473 3081 4514 ab
3103 4483 3174 4515 eo»

695 4531 841 4574 unice
866 4543 959 4575 nec
981 4533 1254 4587 praecipue
1276 4535 1498 4588 pendere
1520 4536 1653 4589 quod
1674 4538 1725 4581 in
1747 4537 1822 4580 eis
1842 4540 2017 4592 plures
2037 4539 2140 4582 siut
2157 4541 2469 4593 sacerdotes;
2492 4541 2768 4594 plurimum
2787 4543 2921 4586 enim
2945 4543 3010 4586 ad
3031 4553 3176 4586 com-.

698 4612 848 4645 mune
870 4606 1054 4647 bonum
1075 4607 1342 4650 conferunt
1363 4608 1521 4651 etiam
1540 4609 1862 4663 scholastici,
1887 4612 1985 4654 etsi
2007 4612 2307 4655 sacerdotes
2322 4625 2420 4656 non
2442 4613 2546 4656 sint
2560 4645 2571 4666 ,
2592 4613 2712 4656 dum
2733 4615 2938 4658 litteras
2960 4615 3174 4670 docent„

698 4672 990 4719 doctrinam
1011 4675 1348 4721 christianam
1367 4680 1653 4734 explicant,
1677 4682 2044 4726 concionantur
2060 4715 2071 4737 ,
2094 4689 2193 4728 etc.
2207 4717 2219 4739 ,
2243 4685 2295 4727 1⁴
2313 4684 2451 4729 Maii.
