3679 5414
673 421 785 479 440
1603 421 1859 479 CflRox.
1901 418 2054 479 Soc·
2097 419 2238 493 Jsss.

678 567 827 630 mui
857 567 1132 630 Vicarii
1162 567 1553 645 serviebat;
1586 574 1656 629 et
1686 568 1899 647 paulo
1944 575 2106 647 post
2149 566 2524 630 ecclesiam
2564 566 2778 629 etiam
2818 565 2908 628 ad
2938 583 3152 631 usum

678 673 1305 738 sacramentorum
1335 674 1818 752 obtinuerunt,
1864 691 2044 754 quae
2084 682 2320 736 tamen
2361 691 2521 736 cum
2560 674 2649 736 ab
2689 672 3161 737 habitationis

677 783 838 845 loco
869 781 1166 844 distaret
1194 790 1263 844 et
1294 798 1546 861 parum
1577 781 2029 844 commodum
2059 789 2245 843 esset
2267 780 2711 844 scholasticis
2741 780 2832 843 ad
2854 781 3049 844 illam
3070 798 3148 844 se

679 906 1052 952 sacrorum
1081 889 1318 968 gratia
1350 888 1697 967 conferre,
1731 889 1805 951 in
1835 889 1990 968 ipso
2020 888 2285 967 palatio
2317 888 2656 951 sacellum
2688 889 2759 950 in
2789 889 2952 951 aula
2981 906 3147 969 qua·

680 994 846 1059 dam
875 995 1006 1059 fuit
1038 996 1563 1074 concinnatum,
1599 994 1690 1058 ad
1719 994 1907 1074 quod
1936 995 2152 1059 etiam
2181 995 2331 1075 ipse
2360 995 2695 1058 Vicarius
2732 994 3148 1058 Sacramen-

679 1112 915 1165 torum
944 1102 1563 1183 percipiendorum
1590 1101 1826 1180 gratia
1855 1101 2187 1165 veniebat
2219 1100 2259 1165 ¹.

798 1209 901 1273 54.
989 1210 1151 1273 Non
1189 1209 1452 1272 latebat
1492 1210 1690 1272 cives
1719 1209 1910 1289 quod
1948 1210 2175 1272 nostri
2214 1210 2434 1273 multa
2473 1209 2926 1273 incommoda
2963 1219 3034 1273 et
3079 1212 3152 1274 in

679 1316 1121 1380 habitatione
1153 1327 1221 1379 et
1249 1317 1323 1379 in
1352 1316 1563 1379 rebus
1594 1315 1685 1379 ad
1713 1316 1984 1380 victum
2013 1326 2083 1379 et
2119 1318 2458 1380 vestitum
2494 1318 2918 1380 necessariis
2959 1327 3150 1398 pate-

680 1434 925 1488 rentur
958 1425 1159 1504 (quas
1187 1425 1375 1486 enim
1420 1432 1658 1487 vestes
1703 1422 1932 1486 Roma
1972 1425 2045 1487 in
2084 1434 2353 1488 aestate
2384 1425 2722 1503 tulerant,
2755 1425 3024 1488 eisdem
3052 1426 3150 1488 hi-

679 1533 901 1595 berno
931 1543 1249 1612 tempore
1277 1531 1550 1595 Perusii
1580 1532 1705 1595 sed
1736 1532 1972 1611 magis
2002 1533 2264 1595 attritis
2293 1533 2396 1596 uti
2425 1534 2843 1612 oportebat);
2870 1533 2996 1596 sed
3017 1534 3153 1597 hoc

681 1640 912 1719 ipsum
944 1639 1131 1719 apud
1163 1656 1287 1702 eos
1316 1639 1880 1702 aedificationem
1904 1656 1990 1702 ac
2013 1638 2391 1703 Societatis
2414 1641 3013 1704 existimationem
3035 1659 3154 1704 au-

680 1747 915 1826 gebat.
960 1746 1164 1811 Unde
1204 1765 1365 1810 cum
1406 1747 1758 1828 quaedam
1799 1755 2128 1810 matrona
2168 1748 2425 1811 nobilis
2461 1766 2726 1812 novam
2770 1749 3155 1828 quamdam

682 1854 973 1917 domum
1002 1854 1482 1918 inhabitatura
1513 1871 1676 1918 cum
1705 1871 1835 1916 suo
1877 1855 2132 1917 marito
2169 1864 2385 1934 esset,
2425 1856 2712 1934 rogavit
2751 1865 3034 1919 nostros
3078 1866 3158 1920 ut

683 1961 755 2023 in
785 1977 870 2023 ea
899 1961 1097 2041 prius
1137 1961 1397 2024 Missae
1432 1961 1862 2024 sacrificium
1891 1962 2146 2041 aliquis
2174 1970 2415 2025 noster
2453 1963 2790 2026 sacerdos
2838 1962 3150 2042 offerret,

681 2077 759 2131 ut
775 2068 877 2130 sic
900 2068 1135 2131 fausta
1159 2067 1295 2131 illis
1316 2068 1661 2131 habitatio
1686 2067 2124 2147 redderetur,
2140 2087 2232 2132 ex
2254 2086 2393 2149 quo
2417 2069 2508 2132 ad
2528 2070 2886 2149 maritum,
2903 2088 3159 2151 parum

685 2174 1109 2238 familiarem
1139 2174 1502 2254 Societati,
1536 2176 1832 2238 multum
1864 2173 2375 2239 aedificationis
2407 2177 2730 2239 accessit.

802 2283 904 2346 55.
993 2282 1246 2346 Frater
1284 2281 1687 2346 Matthaeus
1716 2283 1962 2362 Lachi,
2000 2283 2526 2362 dominicanus,
2559 2282 2722 2347 fidei
2751 2283 3157 2365 Inquisitor,

598 2438 605 2445 .
684 2407 830 2453 non
860 2391 1197 2481 exiguam
1234 2390 1500 2452 nostris
1544 2390 2109 2453 benevolentiam
2148 2399 2216 2454 et
2257 2391 2678 2453 charitatem
2721 2391 3155 2478 ostendebat,

683 2506 754 2559 et
783 2515 987 2560 suam
1018 2514 1310 2577 operam
1339 2497 1431 2559 ad
1461 2478 1701 2560 omnia
1732 2497 2098 2561 offerebat.
2133 2498 2198 2560 A
2229 2506 2375 2561 tam
2405 2499 2650 2561 multis
2671 2510 2906 2562 autem
2929 2500 3021 2563 ad
3044 2513 3158 2563 ex·

683 2605 1129 2668 hortationes
1157 2603 1522 2667 faciendas
1552 2604 2089 2685 expetebantur,
2117 2614 2196 2668 ut
2226 2606 2607 2685 propensio
2633 2606 2723 2668 ad
2746 2608 2881 2669 hoc
2905 2625 3159 2671 munus

683 2712 1011 2791 magistri
1050 2712 1399 2775 Edmundi
1441 2712 1718 2775 abunde
1759 2713 2050 2776 haberet
2090 2731 2166 2776 se
2197 2715 2574 2777 exercendi
2606 2716 3057 2778 occasionem
3085 2727 3159 2779 et

682 2837 846 2882 cum
871 2818 1358 2882 aedificatione
1391 2819 1772 2882 multorum
1801 2827 1893 2898 et,
1928 2830 2005 2882 ut
2027 2822 2470 2900 sperabatur,
2504 2821 2739 2885 fructu
2770 2821 2840 2884 id
2869 2840 3152 2885 exerce·

676 2925 819 2989 bat.
854 2925 933 2988 In
962 2925 1489 2989 difficultatibus
1518 2926 1608 2988 ad
1640 2944 1852 2989 casus
1874 2927 2356 2991 conscientiae
2377 2928 2891 3008 pertinentibus
2916 2930 3154 2992 multis

676 3034 913 3112 etiam,
948 3035 1157 3096 sicuti
1187 3034 1401 3096 etiam
1432 3034 1746 3097 consiliis
1775 3035 2289 3115 spiritualibus,
2326 3036 2773 3098 satisfactum
2802 3047 2942 3116 est3
2970 3037 3156 3100 inter

677 3159 855 3221 quos
886 3140 1204 3204 homines
1232 3141 1552 3221 primarii
1589 3149 1814 3204 erant.
1863 3140 2304 3223 Scripturam
2341 3160 2625 3206 sacram
2663 3142 2739 3206 P.
2787 3144 2938 3223 ipse
2975 3145 3152 3207 Eve-

677 3248 933 3311 rardus
962 3248 1223 3311 Rector
1253 3233 1668 3329 praelegere
1698 3251 2189 3329 constituerat,
2225 3251 2351 3314 sed
2378 3252 2674 3331 penuria
2698 3251 3038 3314 librorum
3059 3252 3151 3315 ef-

675 3355 843 3418 fecit
879 3373 967 3418 ne
1006 3356 1076 3418 id
1115 3357 1249 3418 hoc
1292 3373 1478 3419 anno
1517 3364 1887 3436 praestare
1926 3367 2190 3436 posset,
2235 3376 2412 3438 quos
2452 3376 2540 3421 ne
2583 3367 2826 3421 mutuo
2871 3359 3153 3438 quidem

677 3464 1004 3544 accipere
1034 3471 1334 3543 poterat.
1370 3461 1508 3526 Sed
1538 3481 1701 3527 cum
1732 3465 1862 3527 sub
1893 3465 2060 3527 anni
2090 3464 2301 3527 finem
2340 3465 2694 3528 Abbatem
2740 3467 3154 3530 monasterii

674 3569 803 3633 ΞΜ
834 3570 1046 3648 Petri,
1085 3570 1358 3633 ordinis
1386 3569 1512 3633 ΞΜ
1544 3571 1929 3651 Benedicti,
1967 3571 2175 3634 officii
2201 3573 2436 3650 gratia
2463 3574 2820 3653 inviseret,
2851 3567 3152 3653 cumque

677 3677 793 3740 ille
824 3678 1246 3740 benevolum
1276 3695 1353 3740 se
1386 3695 1547 3740 cum
1576 3687 1731 3741 toto
1765 3696 1896 3742 suo
1939 3681 2369 3743 monasterio
2414 3680 2812 3760 exhiberet,
2858 3691 2925 3744 et
2967 3682 3156 3744 inter

676 3784 1170 3847 benefactores
1199 3802 1402 3848 suam
1433 3785 1547 3849 ille
1576 3794 1849 3866 partem
1882 3785 2148 3850 habere
2181 3788 2667 3867 intellexisset,
2703 3789 2791 3851 ab
2823 3805 2907 3851 eo
2937 3789 3156 3852 libros

679 3891 957 3972 aliquos
986 3892 1398 3971 postulavit,
1432 3893 1685 3971 quibus
1714 3893 1805 3955 ad
1837 3890 2249 3975 Scripturae
2275 3896 2648 3958 lectionem
2667 3894 3057 3975 juvaretur,
3085 3905 3155 3959 et

680 3999 1003 4062 obtinuit.

801 4106 902 4170 56.
993 4107 1559 4171 Commendabat
1587 4108 1928 4171 Vicarius
1959 4110 2189 4172 eidem
2229 4095 2436 4171 Patri
2463 4119 2537 4172 ut
2580 4108 2948 4188 cujusdam
2992 4127 3150 4173 con·

679 4215 1149 4279 fraternitatis
1180 4233 1426 4278 curam
1458 4216 1874 4296 susciperet,
1912 4233 2124 4297 quam
2148 4216 2433 4296 quidam
2459 4218 2818 4294 sacerdos
2846 4217 3162 4281 Lauren--

764 4458 779 4489 ¹
841 4457 1110 4508 Polancus,
1135 4467 1200 4500 ex
1230 4469 1380 4509 com„
1400 4456 1671 4500 Everardo
1688 4457 2015 4501 Mercuriano
2036 4458 2289 4512 sociisque
2315 4459 2515 4503 Perusii
2537 4460 2855 4514 degentibus,
2876 4471 2963 4503 eos
2983 4460 3048 4503 ad
3071 4472 3166 4514 pa·

687 4529 923 4572 tientiam
947 4529 1232 4572 adhortans
1253 4534 1303 4570 et
1327 4534 1381 4571 ut
1404 4540 1516 4571 cum
1538 4529 1695 4571 Patre
1720 4529 1985 4582 Alphonso
2009 4529 2277 4574 Salmeron
2308 4532 2369 4574 de
2392 4533 2625 4575 omnibus
2645 4543 2776 4585 quae
2797 4532 2860 4574 ad
2883 4532 3154 4585 collegium

687 4608 923 4655 spectant
952 4602 1244 4653 conserant,
1282 4613 1313 4644 a
1349 4612 1445 4653 quo
1480 4607 1532 4643 et
1563 4602 1802 4653 magistri
1837 4613 1927 4644 seu
1963 4603 2183 4646 lectores
2211 4610 2454 4656 poterunt
2491 4604 2551 4646 de
2587 4616 2680 4647 sua
2717 4604 2928 4658 quisque
2961 4605 3153 4657 schola,

687 4674 937 4726 quomodo
959 4686 1012 4716 se
1035 4684 1216 4727 gerere
1240 4673 1486 4724 debeant,
1510 4673 1690 4715 melius
1710 4673 1924 4726 instrui,
1950 4674 2000 4716 10
2022 4674 2355 4729 Septembris
