3679 5414
1577 475 1705 534 Aa.
1750 475 1884 534 1551
2727 452 2730 455 ’
2846 475 2948 533 401

484 623 853 686 inimicitia
885 641 1047 686 cum
1075 623 1455 686 homicidia
1485 604 1553 685 et
1582 639 1846 702 magna
1877 623 2063 686 mala
2094 622 2527 701 timerentur,
2550 621 2949 702 juramento

486 730 763 810 publice
795 747 1008 809 super
1036 731 1320 793 missale
1351 748 1471 793 eos
1503 730 1763 809 adegit,
1796 738 2175 810 postquam
2204 746 2348 808 pax
2372 726 2554 791 inter
2578 730 2774 809 ipsos
2797 740 2951 792 erat

485 837 966 915 reconciliata,
1022 837 1209 917 quod
1259 854 1620 917 nunquam
1670 836 2127 900 concordiam
2178 845 2411 898 essent
2460 835 2826 898 violaturi..
2863 836 2949 899 Et

474 944 655 1007 ‘dum
686 945 851 1006 alibi
890 954 1133 1007 turcas
1175 944 1389 1024 (quos
1430 962 1682 1007 rumas
1723 944 2019 1021 vocant)
2063 943 2314 1006 classis
2353 952 2830 1022 exspectaret,
2879 943 2951 1005 in

488 1051 794 1130 quadam
825 1051 1035 1113 domo
1068 1068 1332 1129 magna
1361 1067 1879 1113 saracenorum
1901 1035 2237 1112 militibus
2260 1058 2329 1111 et
2354 1049 2647 1112 ducibus
2670 1050 2948 1111 concio·

486 1166 698 1220 natus
737 1166 863 1219 est.
907 1157 985 1220 In
1029 1157 1388 1238 praetoria
1433 1165 1668 1220 autem
1708 1158 1878 1219 navi
1919 1157 2164 1219 diebus
2210 1155 2580 1218 dominicis
2619 1165 2688 1219 et
2728 1156 2947 1235 festis,

472 1264 807 1326 ⁴omnibus
838 1263 947 1325 his
979 1264 1559 1342 concionabatur,
1594 1264 1712 1344 qui
1743 1281 1832 1326 ex
1858 1263 2014 1326 aliis
2036 1263 2341 1326 navibus
2366 1263 2456 1326 ad
2482 1281 2641 1326 eum
2669 1242 2960 1327 audienss

473 1370 652 1435 dum
677 1370 1145 1449 confluebant,
1172 1388 1337 1433 nam
1361 1370 1680 1433 classicis
1704 1370 1795 1433 ad
1817 1368 1888 1432 id
1911 1370 2420 1449 evocabantur;
2448 1389 2490 1431 a
2511 1371 2809 1451 prandio
2835 1371 2950 1434 do·

475 1478 713 1543 vctrina
743 1477 1154 1556 christiana,
1188 1486 1401 1540 noctu
1431 1478 1720 1540 litaniae
1748 1477 2183 1540 dicebantur.
2220 1477 2397 1540 Cum
2429 1477 2522 1540 ad
2551 1496 2790 1541 arcem
2814 1477 2951 1541 Dio

483 1585 921 1648 nominatam
949 1585 1464 1664 pervenissent,
1497 1585 1604 1647 bis
1636 1585 2101 1647 concionatus
2133 1593 2239 1647 est
2281 1602 2426 1646 non
2467 1585 2746 1648 modico
2792 1603 2952 1649 cum

486 1691 722 1754 fructu
756 1701 825 1754 et
856 1694 1112 1754 multos
1143 1691 1548 1755 inimicitias
1571 1700 1988 1755 exercentes
2014 1691 2105 1754 ad
2124 1710 2374 1772 pacem
2396 1693 2700 1771 reduxit,
2730 1694 2950 1756 multa

492 1799 706 1861 etiam
736 1800 924 1861 mala
955 1798 1341 1878 impedivit.

601 1905 741 1969 476.
829 1906 995 1968 Inde
1035 1906 1320 1968 tandem
1360 1906 1590 1969 Goam
1628 1906 1990 1985 pervenit,
2037 1905 2153 1967 ubi
2183 1903 2331 1985 jam
2370 1904 2445 1969 P.
2494 1905 2951 1970 Melchiorem

475 2013 776 2093 Nugnez
809 2031 968 2075 cum
992 2013 1205 2075 sociis
1229 2013 1518 2091 invenit,
1554 2021 1622 2076 et
1645 2013 1855 2094 paulo
1878 2022 2039 2093 post
2068 2013 2372 2076 accessit
2399 2012 2476 2075 P.
2511 2013 2846 2093 Morales;
2880 2023 2950 2077 et

480 2119 692 2183 valde
721 2120 1025 2183 laetatus
1056 2130 1162 2183 est
1194 2120 1382 2201 quod
1410 2120 1486 2183 Ρ.
1521 2120 1933 2184 Gonzalvus
1976 2120 2376 2200 Rodriguez
2420 2121 2640 2201 ipsius
2679 2122 2835 2184 loco
2878 2122 2949 2184 in

480 2243 783 2306 regnum
825 2226 1086 2290 Ormuz
1125 2228 1541 2291 mitteretur.
1585 2226 1983 2290 Postulavit
2023 2244 2065 2289 a
2101 2226 2177 2289 P.
2228 2226 2611 2291 Melchiore
2655 2228 2949 2307 Nugnez

482 2343 559 2396 ut
589 2334 999 2397 concionari
1028 2334 1178 2415 ipse
1210 2335 1572 2416 inciperet,
1606 2343 1675 2396 et
1704 2335 2003 2414 ipsemet
2047 2333 2329 2414 Gaspar
2369 2335 2615 2398 eodem
2658 2353 2947 2398 munere

483 2440 681 2520 fungi
712 2441 965 2521 coepit;
998 2450 1067 2504 et
1098 2450 1339 2504 tantus
1368 2440 1733 2503 hominum
1764 2440 1972 2503 fiebat
2005 2459 2415 2522 concursuS,
2444 2451 2519 2505 ut
2548 2450 2794 2505 nostra
2837 2461 2944 2506 ec-

482 2548 697 2611 clesia
740 2566 901 2611 eum
937 2548 1084 2628 jam
1128 2565 1385 2628 capere
1423 2566 1566 2610 non
1603 2557 1877 2629 posset3
1920 2557 1989 2610 et
2027 2548 2357 2612 monachi
2395 2549 2661 2612 ordinis
2702 2548 2946 2613 Sancti

480 2655 848 2719 Francisci
879 2663 1314 2734 rogaverunt
1344 2673 1503 2718 eum
1533 2664 1608 2719 ut
1640 2655 1712 2718 in
1740 2673 1871 2719 suo
1901 2655 2331 2720 monasterio
2375 2658 2941 2722 concionaretur.

482 2763 785 2826 Demum
835 2762 910 2826 P.
969 2762 1309 2825 Melchior
1347 2763 1691 2825 successit
1731 2761 1805 2826 P.
1851 2762 2158 2843 Gaspari
2203 2764 2682 2843 praedicando
2722 2766 2793 2827 in
2833 2784 2942 2828 ca-

482 2870 783 2933 thedrali
814 2870 1134 2949 ecclesia,
1172 2887 1308 2950 quo
1343 2886 1603 2948 magna
1634 2870 1848 2932 etiam
1871 2871 2241 2933 multitudo
2268 2872 2756 2935 conveniebat.
2783 2873 2943 2935 Die·

482 2978 614 3040 bus
642 2987 878 3040 tamen
908 2976 1192 3040 veneris
1220 2976 1350 3039 sub
1381 2984 1663 3038 noctem
1694 2976 1843 3057 ipse
1868 2974 1944 3039 P.
1974 2976 2254 3058 Gaspar
2279 2979 2835 3043 concionabatur
2859 2979 2945 3042 de

482 3084 941 3166 poenitentia,
978 3093 1047 3146 et
1078 3083 1501 3162 sequebatur
1532 3083 1940 3162 flagellatio.

729 3405 859 3468 DE
900 3405 1325 3486 RELIQUIS
1368 3404 1855 3482 COLLEGIIS
1896 3405 2015 3468 ET
2050 3404 2314 3470 LOCIS
2356 3405 2681 3470 INDIAE

599 3619 716 3681 477
727 3670 738 3682 .
825 3620 1031 3683 Initio
1088 3618 1295 3700 hujus
1346 3620 1514 3683 anni
1563 3628 1890 3700 praeerat
1942 3620 2257 3700 Collegio
2310 3620 2620 3685 civitatis
2677 3623 2946 3686 Cochin

478 3723 555 3788 P.
602 3725 1031 3790 Franciscus
1072 3727 1455 3808 EnriqueZ,
1500 3727 1619 3807 qui
1660 3727 1825 3789 olim
1865 3727 2259 3789 advocatus
2301 3736 2370 3789 et
2412 3727 2486 3790 in
2534 3730 2757 3792 variis
2796 3729 2944 3792 fun·

476 3833 827 3896 ctionibus
877 3834 1199 3898 civilibus
1246 3834 1679 3898 exercitatus
1724 3833 1988 3913 fuerat,
2044 3843 2146 3912 et,
2201 3835 2524 3899 omnibus
2561 3854 2648 3899 ac
2686 3837 2944 3900 mundo

477 3940 614 4020 ipsi
641 3941 1048 4004 valedicens
1077 3958 1161 4003 ac
1194 3940 1620 4004 Societatem
1648 3941 2046 4020 ingressuS,
2094 3941 2167 4002 in
2204 3940 2477 4004 Indiam
2507 3943 2765 4007 missus
2802 3943 2944 4008 fue-

479 4055 613 4109 rat.
637 4047 825 4118 ,Cum
854 4050 1287 4127 gubernator
1318 4048 1467 4129 ejus
1509 4049 1704 4112 urbis
1749 4057 1817 4111 et
1861 4047 1982 4140 alii
2010 4049 2332 4128 primarii
2371 4050 2509 4112 viri
2553 4050 2970 4133 Collegium·

477 4153 735 4216 ibidem
765 4154 1033 4218 institui
1063 4164 1435 4237 cuperent,
1469 4165 1539 4219 et
1567 4156 1782 4219 situm
1823 4154 2272 4218 commodum
2311 4156 2402 4219 ad
2445 4156 2596 4238 eJus
2625 4159 2943 4223 aedifica-

479 4260 772 4340 tionem,
807 4272 876 4324 et
905 4280 996 4326 ex
1026 4264 1496 4344 eleemosynis
1525 4271 1848 4343 sumptus
1892 4262 1985 4326 ad
2026 4263 2097 4325 id
2141 4265 2588 4327 necessarios
2618 4268 2946 4331 contulis-

470 4377 664 4447 sent,
718 4368 1113 4450 Episcopus
1163 4371 1377 4433 etiam
1426 4370 1771 4433 ecclesiae
1822 4369 1953 4432 sub
2013 4370 2464 4435 invocatione
2513 4373 2765 4436 Matris
2813 4373 2948 4438 Dei

471 4474 931 4539 donationem
984 4476 1302 4558 fecisset,
1364 4476 1801 4541 aedificando
1860 4475 2024 4539 huic
2081 4475 2396 4556 Collegio
2465 4482 2949 4561 occupabatur

474 4579 550 4644 P.
584 4582 1015 4646 Franciscus
1037 4583 1461 4663 Henriquez,
1489 4592 1579 4661 et,
1615 4584 1781 4663 quia
1812 4582 2070 4646 civitas
2101 4582 2218 4645 illa
2250 4586 2644 4665 emporium
2673 4590 2949 4652 celebre

471 4698 629 4752 erat
657 4707 830 4770 prae
853 4691 1154 4753 caeteris
1185 4700 1255 4754 et
1284 4709 1424 4771 quo
1455 4691 1653 4754 multi
1685 4706 2249 4770 quoquoversus‘
2268 4692 2799 4771 proficiscentes
2829 4706 2949 4760 aut

2553 4808 2624 4864 26
