3679 5414
677 438 785 495 504
1609 438 1864 498 Cimon.
1905 438 2061 498 Soc.
2107 441 2247 513 Jas.

680 601 843 646 nem
881 584 1079 646 multi
1129 585 1502 647 exuebant.
1546 584 1743 647 Haec
1788 585 2072 665 quidem
2109 587 2454 665 magistro
2491 586 2769 664 Fulvio,
2820 605 2951 667 pro
2996 590 3147 652 zelo

681 707 820 769 quo
842 690 916 752 in
934 691 1005 752 id
1030 691 1264 770 operis
1293 690 1672 771 ferebatur,
1699 709 1842 755 non
1872 693 2047 756 satis
2070 703 2299 770 erant;
2336 693 2460 756 sed
2488 711 2869 774 puerorum
2896 712 3146 774 paren·

684 807 820 876 teS‚
855 797 975 877 qui
1004 814 1339 877 magnam
1371 799 1442 861 in
1472 798 1633 861 filiis
1662 801 2131 864 mutationem
2170 802 2686 880 agnoscebant,
2734 820 2863 881 pro
2901 820 3143 866 eorum

687 905 1121 968 institutione
1177 907 1452 985 gratias
1507 907 1940 971 immortales
1993 908 2335 988 agebant,
2390 917 2458 971 et
2507 927 2583 971 se
2638 927 2904 989 suaque
2960 911 3151 973 bona

686 1013 924 1076 omnia
973 1012 1358 1092 offerendO,
1409 1014 1600 1095 grati
1639 1015 1859 1078 animi
1898 1014 2492 1095 significationem
2532 1034 2705 1096 prae
2745 1035 2820 1080 se
2871 1019 3149 1081 abunde

684 1120 1006 1183 ferebant
1038 1119 1079 1180 ¹.

806 1227 946 1291 218.
1037 1228 1242 1307 Quod
1271 1229 1361 1291 ad
1394 1230 1923 1293 confessionum
1954 1240 2024 1294 et
2053 1231 2625 1295 communionum
2655 1231 2962 1295 fructum
2993 1233 3146 1294 atti·

686 1345 826 1417 net,
862 1337 998 1399 hoc
1028 1345 1304 1399 tantum
1335 1337 1602 1401 dicam:
1652 1338 2036 1401 accedente
2063 1337 2140 1401 P.
2175 1337 2469 1403 Andrea
2501 1338 2945 1417 Galvanello,
2978 1349 3151 1402 stre-

689 1461 830 1507 nuo
882 1461 967 1506 ac
1019 1444 1338 1523 diligenti
1389 1445 1750 1525 operario,
1804 1446 2314 1525 poenitentium
2363 1455 2432 1508 et
2481 1447 3151 1510 communicantium

688 1569 1058 1614 numerum
1114 1562 1184 1615 et
1235 1553 1761 1632 aegrotantium
1820 1552 2263 1616 visitationes
2322 1563 2533 1634 atque
2593 1554 3151 1618 consolationem

691 1669 901 1722 aucta
952 1677 1139 1738 esse;
1187 1669 1255 1722 et
1308 1659 1380 1721 in
1426 1660 1901 1740 hospitalibus
1944 1677 2087 1722 non
2126 1670 2399 1723 tantum
2461 1662 2776 1740 aegrotis
2818 1661 2943 1723 sed
2981 1661 3154 1740 ipsis

690 1767 906 1829 etiam
934 1766 1538 1830 xenodochiorum
1579 1766 2167 1846 procuratoribus
2208 1775 2276 1829 et
2312 1768 2650 1830 ministris
2687 1768 2874 1846 grati
2916 1777 2985 1829 et
3025 1768 3152 1830 uti-

693 1876 794 1937 les
824 1883 1052 1937 erant.

811 1981 952 2044 219.
1043 1980 1222 2045 Cum
1261 1990 1581 2061 tempore
1620 1981 1897 2061 hyemis
1937 1999 2211 2045 summa
2258 1991 2578 2062 egestate
2616 1999 2965 2062 pauperes
3004 2000 3155 2061 pre·

694 2099 1076 2168 merentur,
1118 2090 1219 2152 ita
1257 2098 1334 2151 ut
1363 2088 1549 2151 fame
1577 2106 1720 2151 non
1750 2106 2022 2169 paucos
2052 2089 2347 2169 periisse
2379 2089 2909 2168 intelligeretur,
2956 2089 3154 2152 mise-

694 2196 1005 2259 ricordia
1035 2212 1209 2275 erga
1241 2213 1364 2258 eos
1392 2194 1469 2258 P.
1504 2194 1935 2259 Pranciscus
1964 2196 2279 2259 Palmius
2318 2205 2741 2275 commotus,
2786 2205 2862 2258 ut
2900 2213 3156 2276 paupe·

697 2304 891 2367 ribus
920 2304 1303 2384 parochiae
1326 2302 1558 2366 Divae
1586 2302 1875 2381 Luciae,
1903 2320 2083 2382 quae
2104 2304 2248 2366 late
2271 2303 2649 2366 admodum
2671 2311 2887 2383 patet,
2914 2302 3157 2365 subve-

692 2413 985 2491 niretur,
1019 2411 1316 2474 contulit
1346 2429 1422 2474 se
1453 2411 1546 2474 ad
1573 2410 1958 2474 nobiliores
1986 2420 2056 2473 et
2086 2411 2560 2489 opulentiores
2587 2409 2736 2490 ejus
2774 2409 3159 2490 parochiae

694 2520 916 2598 virOS,
950 2529 1020 2582 et
1049 2536 1173 2581 eos
1202 2527 1489 2599 propter
1527 2517 1790 2582 Christi
1830 2535 2147 2581 amorem
2178 2518 2584 2580 obsecravit
2624 2527 2698 2580 ut
2733 2517 3162 2597 pauperibus

696 2625 786 2688 ad
815 2635 1088 2689 tantam
1114 2626 1427 2705 inopiam
1470 2625 1781 2688 redactis
1833 2625 2321 2704 subvenirent,
2367 2624 2553 2704 quod
2590 2625 2688 2687 illi
2723 2633 3044 2704 prompte
3074 2641 3160 2687 ac

694 2734 991 2797 libenter
1022 2733 1529 2813 praestiterunt
1560 2744 1631 2797 et
1667 2733 1760 2796 ad
1801 2750 2084 2796 menses
2138 2734 2403 2812 aliquot
2445 2732 2871 2813 pauperibus
2917 2749 3162 2795 consu-

694 2842 993 2904 luerunt.
1040 2840 1221 2904 Cum
1251 2842 1468 2904 etiam
1497 2842 1569 2904 in
1601 2841 1913 2921 quadam
1939 2841 2282 2904 concione
2312 2858 2661 2920 pauperes
2685 2839 3161 2902 commendas·

694 2957 833 3027 set,
868 2966 953 3011 ea
994 2949 1350 3028 absoluta,
1395 2948 1486 3011 ad
1524 2965 1771 3011 eorum
1820 2948 2182 3011 miseriam
2229 2948 2740 3010 sublevandam
2794 2947 3010 3026 aliqui
3053 2964 3167 3008 ve-

695 3065 870 3136 steS,
906 3056 1125 3136 aliqui
1155 3073 1502 3136 pannum,
1536 3055 1657 3119 alii
1684 3057 1934 3134 telam,
1970 3056 2091 3118 alii
2121 3054 2465 3133 farinam,
2514 3054 2845 3134 permulti
2885 3070 3168 3134 panem,

696 3164 960 3226 caeteri
989 3140 1367 3243 pe'cuniam
1398 3164 1817 3242 attulerunt;
1856 3163 1981 3226 sed
2013 3172 2082 3226 et
2112 3163 2458 3242 quosdam
2480 3162 2679 3224 viros
2704 3179 2788 3225 ac
2811 3161 3168 3240 muliereS,

697 3271 969 3333 nobiles
999 3288 1084 3333 ac
1125 3270 1312 3350 piOS‚
1347 3278 1694 3349 rogarunt
1722 3269 1953 3333 nostri
1980 3279 2058 3332 ut
2088 3287 2435 3349 pauperes
2485 3268 2867 3348 aliquando
2913 3268 3167 3330 invise-

695 3386 875 3455 rent,
909 3379 1450 3440 consolarentur
1480 3385 1549 3439 et
1580 3377 1684 3439 eis
1714 3377 2198 3456 subvenirent,
2236 3376 2421 3456 quod
2454 3393 2614 3438 cum
2646 3375 3000 3438 charitate
3029 3392 3172 3436 ma—

697 3502 842 3563 gna
872 3494 941 3547 et
969 3485 1457 3548 consolatione
1489 3501 1882 3564 pauperum
1918 3484 2017 3547 illi
2044 3484 2549 3564 praestiterunt
2578 3482 2622 3545 ³.

820 3591 960 3653 220.
1048 3590 1500 3672 ProlegatuS,
1554 3610 1640 3655 ac
1684 3591 2055 3669 Vicarius,
2099 3601 2169 3653 et
2212 3591 2411 3654 multi
2450 3590 2569 3652 alii
2608 3608 2697 3653 ex
2748 3590 3173 3670 primoribus

700 3701 1132 3762 monasteria
1165 3700 1514 3780 quaedam
1543 3697 1930 3762 reformari
1953 3699 2339 3779 cupienteS,
2366 3697 2443 3760 P.
2469 3698 2855 3761 Francisco
2879 3696 3176 3773 Palmio,

703 3816 778 3869 ut
816 3825 1034 3870 unum
1082 3825 1172 3870 ex
1216 3806 1320 3869 eis
1359 3807 1679 3886 privatas
1721 3807 1811 3869 ad
1873 3806 2218 3868 moniales
2256 3804 2787 3868 exhortationes
2828 3804 3178 3881 habendo,

706 3915 1004 3976 alterum
1043 3914 1257 3976 etiam
1295 3913 1784 3976 concionando
1834 3912 2122 3992 juvaret
2173 3910 2654 3990 injungenteS,
2699 3928 2858 3973 eam
2898 3910 3179 3990 provin-

788 4192 805 4225 ¹
864 4191 1133 4243 Polaticus,
1158 4202 1223 4234 ex
1243 4203 1394 4244 com„
1414 4190 1694 4235 Francisco
1716 4191 1928 4243 Palmio‚
1951 4203 2138 4245 pueros
2160 4191 2209 4233 in
2234 4191 2423 4233 scholis
2443 4190 2633 4232 nostris
2655 4189 2841 4232 debere
2865 4188 3079 4243 singuiis
3096 4196 3186 4232 aut

707 4263 924 4306 alternis
945 4263 1124 4306 diebus
1144 4262 1338 4316 aliquid
1376 4273 1439 4305 ex
1473 4263 1759 4306 christiana
1794 4263 2033 4306 doctrina
2069 4262 2369 4305 memoriter
2403 4262 2696 4311 addiscere,
2728 4260 2887 4303 donec
2921 4260 3060 4304 aliud
3092 4272 3189 4314 pro

708 4334 943 4377 omnibus
964 4333 1249 4377 societatis
1272 4332 1516 4387 Collegiis
1546 4339 1829 4387 statuatur,
1853 4335 1905 4376 27
1926 4333 2217 4376 Februarii.
2241 4332 2420 4375 Eidem
2437 4365 2448 4384 ,
2478 4339 2534 4375 ut
2568 4333 2617 4375 in
2651 4331 2841 4375 scholis
2871 4332 2950 4374 die
2974 4332 3188 4376 Sabbati

709 4416 857 4449 mane
880 4404 1087 4459 quidem
1109 4405 1370 4448 habeatur
1390 4403 1635 4459 repetitio
1650 4438 1660 4458 ,
1688 4416 1906 4459 vespere
1928 4410 2103 4448 autem
2126 4404 2437 4458 disputatio,
2462 4404 2582 4447 licet
2604 4404 3020 4457 vespertinarum
3043 4403 3187 4446 scho-

713 4480 882 4521 larum
906 4484 1108 4531 tempus
1137 4477 1346 4520 brevius
1367 4477 1436 4520 sit
1457 4488 1612 4531 quam
1634 4477 1751 4520 aliis
1770 4477 1822 4520 in
1846 4477 2168 4521 hebdomada
2189 4477 2382 4528 diebus,
2406 4477 2459 4519 12
2477 4476 2668 4519 Martii.

799 4549 822 4580 ἱ
879 4549 1150 4601 Polancus,
1174 4559 1240 4591 ex
1261 4560 1390 4591 com.
1405 4582 1419 4599 ,
1450 4547 1728 4591 Francisco
1751 4548 1949 4591 Palmio
1967 4581 1977 4601 ,
2000 4560 2115 4592 eum
2138 4549 2355 4591 laudans
2376 4548 2505 4602 quod
2529 4547 2860 4591 sublevandis
2880 4548 3191 4602 pauperibus

720 4627 829 4664 tam
848 4621 1127 4674 diligenter
1152 4620 1431 4671 incumbat,
1453 4621 1766 4673 praesertim
1789 4631 1905 4663 cum
1943 4631 2042 4662 non
2066 4620 2173 4672 ipse
2208 4630 2300 4673 per
2333 4631 2387 4661 se
2417 4621 2770 4674 eleemosynas
2790 4619 3002 4671 colligat
3024 4624 3075 4660 et
3093 4618 3191 4661 dis·

721 4692 936 4747 tribuat,
961 4694 1049 4736 sed
1072 4690 1203 4736 alios
1220 4691 1284 4734 ad
1307 4691 1355 4734 id
1375 4699 1582 4735 moveat
1607 4703 1791 4745 eosque
1812 4693 1862 4734 in
1885 4698 2033 4735 tanto
2047 4691 2261 4746 pietatis
2280 4702 2434 4745 opere
2455 4692 2664 4745 dirigat,
2685 4691 2738 4733 28
2757 4689 2907 4743 Junii.
