3679 5414
730 420 850 483 ⁶18
1413 500 1417 504 .
1676 421 1932 484 Cimon.
1973 423 2129 483 Soc.
2171 423 2312 497 Jas.

739 585 950 633 mone
984 568 1055 634 in
1095 567 1171 633 P.
1214 568 1563 635 Mironem
1601 587 1685 633 eo
1735 570 2124 648 mitterent3
2179 578 2249 633 et
2285 570 2357 632 in
2393 568 2719 632 eumdem
2756 586 3043 634 sensum
3084 570 3208 634 alii

731 671 1008 755 PatreS,
1042 677 1160 757 qui
1184 678 1554 741 columnae
1576 676 2021 756 videbantur,
2047 677 2505 757 scripserunt.
2534 676 2621 740 Et
2642 676 2849 756 ratio,
2876 692 3057 757 quae
3080 693 3206 740 eos

737 785 1102 860 movebat,
1153 783 1332 847 haec
1376 793 1551 848 erat.
1605 783 1955 848 Dominus
2006 782 2252 848 eodem
2301 793 2651 865 tempore,
2698 802 2836 865 quo
2881 793 3207 849 moverat

738 891 815 955 P.
848 890 1202 971 Ignatium
1227 891 1324 955 ad
1361 891 1893 955 exonerandum
1942 891 2018 954 P.
2055 890 2420 955 Simonem
2462 900 2532 954 et
2569 890 3038 955 Provincialis
3086 909 3199 955 cu-

735 1015 893 1062 ram
924 999 1081 1062 aliis
1119 998 1576 1079 tradendam,
1631 999 1903 1079 Regem
1950 1000 2165 1063 etiam
2214 997 2692 1078 Portugalliae
2732 1016 2817 1062 ac
2856 998 3204 1064 Infantem

733 1104 1180 1169 Ludovicum
1217 1106 1310 1168 ad
1348 1106 1519 1169 illud
1573 1107 1804 1187 ipsum
1848 1115 1917 1169 et
1967 1106 2216 1170 eodem
2265 1105 2474 1169 modo
2523 1105 2960 1182 faciendum,
3014 1107 3201 1188 quod

735 1211 812 1276 P.
861 1212 1180 1293 Ignatius
1221 1215 1809 1294 praescripserat,
1854 1214 2219 1292 movebat;
2264 1222 2332 1277 et
2363 1222 2510 1276 tam
2538 1214 2724 1276 serio
2754 1212 2824 1276 id
2854 1213 3007 1277 Rex
3037 1230 3195 1294 age-

731 1320 886 1398 bat,
923 1329 1019 1399 ut,
1053 1337 1215 1382 cum
1246 1337 1372 1400 per
1395 1337 1614 1401 equos
1645 1320 2028 1401 dispositos
2051 1320 2430 1400 quemdam
2460 1319 2615 1383 Rex
2644 1320 2946 1383 Romam
2973 1321 3194 1385 mitte·
3266 1400 3274 1406 .

728 1436 875 1505 ret,
918 1444 1043 1508 per
1083 1426 1158 1491 P.
1202 1427 1646 1490 Ludovicum
1688 1426 2045 1491 Gonzalez
2084 1426 2451 1491 admoneri
2485 1425 2694 1506 jussit
2728 1426 2804 1489 P.
2854 1426 3200 1491 Mironem

729 1543 812 1597 ut
840 1533 1141 1597 Romam
1172 1535 1513 1598 scriberet
1545 1544 1619 1598 ut
1649 1534 1724 1599 P.
1759 1535 2081 1614 Ignatius
2110 1535 2285 1597 haec
2317 1533 2472 1614 ipsa
2502 1533 2655 1597 fieri
2685 1533 2982 1615 juberet,
3019 1551 3199 1615 quae

723 1640 878 1721 jam
909 1641 1058 1721 ipse
1090 1642 1590 1720 constituerat,
1636 1650 1705 1704 et
1745 1639 1835 1704 ad
1878 1659 2057 1722 quae
2107 1641 2401 1705 suavius
2451 1640 2901 1722 exsequenda
2952 1639 3202 1704 Patres

733 1748 1197 1812 Franciscum
1227 1749 1565 1829 Borgiam
1594 1766 1679 1811 ac
1710 1749 2141 1812 Turrianum
2186 1749 2258 1812 in
2298 1747 2813 1828 Portugalliam
2849 1748 3195 1812 mittebat.

729 1854 865 1918 ,His
888 1872 1062 1935 ergo
1086 1874 1246 1919 cum
1270 1856 1344 1919 P.
1373 1856 1760 1919 Francisco
1785 1855 2082 1934 collatiS,
2110 1873 2252 1919 non
2276 1873 2432 1919 esse
2455 1854 2889 1919 Salmantica
2911 1871 3195 1936 progre-

733 1962 1068 2026 diendum
1098 1973 1555 2043 censuerunt,
1591 1974 1661 2026 et
1699 1963 1878 2027 haec
1918 1962 2366 2043 providentia
2402 1962 2538 2026 Dei
2578 1972 2725 2026 tam
2763 1961 3204 2052 admirabilis

733 2069 893 2133 visa
921 2079 1029 2133 est
1058 2070 1366 2134 Domino
1395 2069 1709 2134 Antonio
1740 2071 1826 2134 de
1859 2070 2209 2148 Cordoba,
2245 2079 2322 2134 ut
2357 2069 2531 2133 nihil
2560 2088 2637 2133 se
2668 2079 2960 2133 eatenus
3006 2071 3201 2133 intel·

731 2178 994 2241 lexisse
1026 2178 1429 2259 affirmaret,
1464 2180 1651 2259 quod
1693 2178 1787 2242 ad
1815 2177 2159 2258 majorem
2186 2176 2564 2242 Societatis
2592 2177 3203 2242 confirmationem

733 2284 972 2348 facere
1004 2285 1138 2349 sibi
1164 2287 1532 2350 videretur
1568 2284 1610 2349 ¹.

854 2392 995 2456 465.
1083 2391 1270 2457 Satis
1321 2393 1442 2457 diu
1491 2393 1603 2457 hic
1648 2392 1997 2457 Dominus
2044 2392 2401 2456 Antonius
2451 2402 2711 2457 octavo
2756 2410 3034 2474 quoque
3088 2394 3205 2456 die

735 2497 812 2562 P.
856 2500 1194 2563 Torrensi
1233 2498 1599 2564 confessus
1635 2501 1899 2579 fuerat;
1933 2501 2059 2564 sed
2108 2517 2352 2563 mense
2399 2500 2657 2563 martio
2708 2500 2780 2563 in
2830 2500 3202 2564 dubitatio-

735 2624 897 2670 nem
920 2624 1258 2688 magnam
1282 2607 1630 2671 adductus
1654 2618 1785 2687 est,
1813 2608 2003 2688 quod
2023 2608 2114 2671 ad
2137 2616 2400 2671 statum
2424 2607 2613 2670 vitae
2638 2604 2809 2671 suae
2832 2608 3197 2686 attinebat,

734 2732 902 2778 cum
930 2716 1216 2779 nomine
1244 2716 1701 2797 Imperatoris
1730 2717 1914 2780 inter
1952 2716 2224 2796 aliquos
2255 2717 2405 2797 ipse
2442 2715 2655 2778 etiam
2692 2712 2981 2778 Summo
3025 2713 3197 2778 Pon-

736 2821 907 2885 tifici
943 2823 1351 2903 propositus
1394 2813 1581 2887 esset
1617 2833 1693 2887 ut
1744 2824 1834 2886 ad
1886 2823 2424 2888 Cardinalitiam
2468 2822 2885 2902 dignitatem
2922 2839 3201 2904 promo-

735 2939 1044 2993 veretur.
1082 2929 1259 2995 Cum
1288 2931 1474 2994 enim
1504 2931 1801 2995 Comitis
1827 2930 2104 3008 Feriae,
2132 2930 2549 3010 Imperatori
2572 2929 2956 2993 admodum
2982 2930 3193 3009 grati,

736 3036 954 3101 frater
986 3046 1205 3118 esset,
1239 3047 1308 3101 et
1332 3037 1516 3101 filius
1544 3037 2109 3102 Marchionissae
2141 3036 2227 3101 de
2255 3035 2524 3117 Plieg0,
2558 3047 2627 3099 et
2658 3037 3007 3116 sanguine
3035 3054 3194 3101 con-

725 3143 1019 3224 Junctus
1072 3144 1512 3208 Gundisalvo
1560 3145 2011 3221 FernandeZ,
2068 3145 2187 3224 qui
2240 3161 2545 3224 magnus
2600 3144 2746 3208 dux
2801 3144 3197 3224 appellatus

731 3250 890 3331 fuit,
935 3261 1004 3315 et
1046 3253 1309 3334 alioqui
1350 3252 1725 3333 prudentia
1775 3260 1847 3315 et
1894 3251 2288 3316 eruditione
2341 3260 2411 3314 et
2448 3252 2710 3332 pietate
2761 3267 3196 3331 magnopere

727 3360 1371 3438 commendaretur,
1415 3377 1557 3423 non
1597 3358 1853 3423 dificile
1903 3359 2278 3422 videbatur
2320 3368 2393 3422 ut
2431 3357 2823 3440 Imperator
2861 3360 3048 3422 hanc
3093 3358 3196 3421 illi

734 3464 1154 3545 dignitatem
1184 3468 1551 3530 obtineret.
1585 3468 1743 3547 Ipse
1772 3484 1981 3543 vere,
2015 3467 2133 3547 qui
2164 3466 2491 3547 spiritum
2534 3465 2822 3529 Domini
2862 3475 3191 3545 gustave-

729 3581 844 3634 rat
888 3582 958 3635 et
980 3583 1321 3653 quantum
1350 3583 1539 3638 esset
1565 3573 1863 3656 periculi
1892 3574 1966 3637 in
1995 3572 2394 3653 hujusmodi
2421 3573 2702 3653 magnis
2732 3572 3193 3654 dignitatibus

729 3679 1028 3760 videret,
1061 3680 1138 3743 P.
1171 3681 1447 3760 Ignatio
1475 3682 1749 3745 litteras
1777 3681 2064 3761 scripsit
2084 3728 2099 3759 ,
2134 3679 2386 3761 quibus
2423 3697 2584 3744 eum
2623 3681 2956 3761 rogabat,
3009 3690 3083 3744 ut
3115 3697 3193 3744 se

809 3953 829 3987 ¹
884 3955 1074 4010 Ignatii
1095 3963 1336 4012 patentes
1355 3959 1580 4013 litterae,
1611 3960 1793 4013 quibus
1828 3959 2041 4003 Patrem
2060 3956 2364 4002 Michaeiem
2397 3958 2459 4001 de
2494 3957 2684 4001 Torres
2705 3957 3045 4004 visitatorem
3075 3971 3194 4003 con·

721 4026 897 4071 stituit
917 4027 1224 4073 Provinciae
1245 4029 1524 4075 Societatis
1552 4030 1602 4074 in
1625 4030 1922 4084 Lusitania,
1945 4030 2092 4084 eique
2115 4036 2281 4074 totam
2313 4041 2460 4073 suam
2493 4035 2808 4083 potestatem
2827 4031 3009 4074 tribuit
3030 4038 3082 4076 et
3102 4042 3193 4075 au·

722 4099 1024 4143 ctoritatem
1057 4102 1123 4145 ad
1156 4103 1530 4147 sublevandum
1562 4114 1716 4146 onere
1749 4102 2069 4157 gubernandi
2099 4102 2243 4146 illam
2273 4101 2602 4145 Provinciam
2623 4101 2678 4145 P.
2699 4101 2956 4146 Simonem
2976 4102 3190 4147 Roderi·

717 4169 874 4224 cium,
896 4182 1112 4225 eumque
1133 4172 1455 4228 Valentiam,
1476 4181 1569 4218 aut
1589 4175 1630 4218 si
1653 4175 1759 4229 ipse
1781 4176 1929 4217 malit
1951 4173 2253 4217 Rodericius
2268 4206 2279 4226 ,
2313 4174 2365 4217 in
2395 4172 2673 4216 Brasiliam
2694 4174 3023 4227 mittendum,
3055 4175 3083 4218 2
3101 4173 3189 4227 Ja-

722 4242 908 4286 nuarii.
930 4242 1040 4287 Has
1059 4245 1267 4288 litteras
1287 4245 1670 4290 comitabantur
1690 4246 2039 4300 particulares
2073 4251 2126 4288 et
2161 4245 2305 4288 fusae
2339 4245 2751 4297 instructionem,
2770 4245 3001 4289 de‘modo
3036 4257 3189 4300 quem

723 4313 778 4358 in
798 4313 1062 4359 visitanda
1082 4315 1358 4361 Provincia
1379 4316 1632 4362 Lusitana
1653 4324 1831 4362 tenere
1852 4317 2092 4369 debebat,
2114 4323 2166 4360 et
2187 4317 2362 4372 piures
2381 4316 2447 4360 ad
2468 4315 2729 4370 Ignatium
2747 4316 2936 4360 missae
2958 4328 3023 4359 ex
3043 4316 3192 4361 Lusi-

721 4387 870 4430 tania
901 4387 1107 4431 litterae
1121 4420 1132 4442 ,
1168 4394 1220 4432 et
1254 4388 1447 4444 Ignatii
1482 4391 1548 4434 ad
1581 4401 1672 4433 eas
1707 4400 1974 4445 responsa.
2010 4387 2246 4443 Ignatius
2279 4387 2424 4431 Patri
2460 4386 2700 4431 michaeli
2734 4388 2797 4431 de
2831 4387 3036 4442 Torres,
3071 4400 3190 4433 eum

717 4469 913 4513 urgens
933 4465 989 4503 ut
1019 4461 1397 4514 quamprimum
1415 4473 1470 4504 se
1492 4462 1543 4505 in
1574 4461 1954 4516 Portngauiam
1973 4460 2206 4504 conserat
2223 4492 2233 4514 ,
2253 4459 2280 4503 2
2300 4458 2597 4510 Februarii:
2635 4460 2799 4503 eidem
2822 4459 3099 4513 Poiancus,
3119 4471 3191 4503 ex

717 4540 872 4584 com„
891 4532 1118 4585 explieat
1148 4533 1399 4587 quomodo
1427 4533 1765 4587 intelligenda
1799 4531 2126 4587 constitutio,
2162 4542 2264 4586 qua
2297 4532 2618 4585 permittitur
2653 4532 2907 4586 quaedam
2939 4534 3186 4576 bonorum

718 4604 999 4649 translatio
1019 4616 1083 4648 ex
1103 4616 1203 4649 uno
1223 4605 1275 4649 in
1296 4605 1436 4649 aliud
1457 4603 1767 4659 Collegium3
1789 4606 1925 4650 hanc
1946 4611 2122 4649 autem
2139 4604 2561 4658 explanationem
2579 4603 2694 4647 ideo
2715 4604 2806 4648 dat
2827 4603 3103 4657 Poiancus,
3125 4612 3188 4648 ut

717 4683 785 4717 ea
803 4675 968 4729 possit
989 4674 1119 4731 Regi
1140 4676 1493 4731 Portugalliae
1514 4678 1729 4722 ostendi.
