<?xml version="1.0" encoding="UTF-8"?>
<!DOCTYPE html PUBLIC "-//W3C//DTD XHTML 1.0 Transitional//EN"
    "http://www.w3.org/TR/xhtml1/DTD/xhtml1-transitional.dtd">
<html xmlns="http://www.w3.org/1999/xhtml" xml:lang="en" lang="en">
 <head>
  <title>
</title>
<meta http-equiv="Content-Type" content="text/html;charset=utf-8" />
  <meta name='ocr-system' content='tesseract 3.04.00' />
  <meta name='ocr-capabilities' content='ocr_page ocr_carea ocr_par ocr_line ocrx_word'/>
</head>
<body>
  <div class='ocr_page' id='page_1' title='image "./vitaignatiiloio03polagoog_0220.png"; bbox 0 0 3679 5414; ppageno 0'>
   <div class='ocr_carea' id='block_1_1' title="bbox 653 484 2194 561">
    <p class='ocr_par' dir='ltr' id='par_1_1' title="bbox 653 484 2194 561">
     <span class='ocr_line' id='line_1_1' title="bbox 653 484 2194 561; baseline -0.001 -16"><span class='ocrx_word' id='word_1_1' title='bbox 653 485 762 545; x_wconf 82' lang='grc'>214</span> <span class='ocrx_word' id='word_1_2' title='bbox 1565 484 1819 546; x_wconf 68' lang='lat' dir='ltr'>Canon.</span> <span class='ocrx_word' id='word_1_3' title='bbox 1862 485 2015 546; x_wconf 78' lang='lat' dir='ltr'>soe.</span> <span class='ocrx_word' id='word_1_4' title='bbox 2054 489 2194 561; x_wconf 69' lang='lat' dir='ltr'>Jas.</span> 
     </span>
    </p>
   </div>
   <div class='ocr_carea' id='block_1_2' title="bbox 650 630 3122 3820">
    <p class='ocr_par' dir='ltr' id='par_1_2' title="bbox 655 630 3112 2426">
     <span class='ocr_line' id='line_1_2' title="bbox 781 630 3111 715; baseline 0.002 -22"><span class='ocrx_word' id='word_1_5' title='bbox 781 631 914 696; x_wconf 85' lang='lat'><strong>103.</strong></span> <span class='ocrx_word' id='word_1_6' title='bbox 1002 630 1399 712; x_wconf 89' lang='lat' dir='ltr'>Scripserat</span> <span class='ocrx_word' id='word_1_7' title='bbox 1440 630 1518 695; x_wconf 91' lang='lat' dir='ltr'>P.</span> <span class='ocrx_word' id='word_1_8' title='bbox 1564 632 1892 696; x_wconf 80' lang='lat' dir='ltr'>Andreae</span> <span class='ocrx_word' id='word_1_9' title='bbox 1920 633 2174 697; x_wconf 90' lang='lat' dir='ltr'>Frusio</span> <span class='ocrx_word' id='word_1_10' title='bbox 2211 633 2287 697; x_wconf 93' lang='lat' dir='ltr'>P.</span> <span class='ocrx_word' id='word_1_11' title='bbox 2334 635 2648 713; x_wconf 85' lang='lat' dir='ltr'>Ignatius</span> <span class='ocrx_word' id='word_1_12' title='bbox 2685 643 2762 697; x_wconf 91' lang='lat' dir='ltr'>ut</span> <span class='ocrx_word' id='word_1_13' title='bbox 2801 636 3111 715; x_wconf 82' lang='lat' dir='ltr'>aliquam</span> 
     </span>
     <span class='ocr_line' id='line_1_3' title="bbox 657 738 3111 821; baseline 0.001 -19"><span class='ocrx_word' id='word_1_14' title='bbox 657 740 1002 803; x_wconf 90' lang='lat' dir='ltr'>rationem</span> <span class='ocrx_word' id='word_1_15' title='bbox 1033 739 1238 802; x_wconf 93' lang='lat' dir='ltr'>iniret</span> <span class='ocrx_word' id='word_1_16' title='bbox 1268 740 1359 802; x_wconf 92' lang='lat' dir='ltr'>ad</span> <span class='ocrx_word' id='word_1_17' title='bbox 1388 739 1514 803; x_wconf 80' lang='lat' dir='ltr'>Tei</span> <span class='ocrx_word' id='word_1_18' title='bbox 1531 739 1796 803; x_wconf 84' lang='lat' dir='ltr'>entium</span> <span class='ocrx_word' id='word_1_19' title='bbox 1819 748 1889 803; x_wconf 91' lang='lat' dir='ltr'>et</span> <span class='ocrx_word' id='word_1_20' title='bbox 1918 741 2095 804; x_wconf 90' lang='lat' dir='ltr'>alios</span> <span class='ocrx_word' id='word_1_21' title='bbox 2116 739 2364 821; x_wconf 75' lang='lat' dir='ltr'>poetas</span> <span class='ocrx_word' id='word_1_22' title='bbox 2393 738 2804 821; x_wconf 84' lang='lat' dir='ltr'>purgandos</span> <span class='ocrx_word' id='word_1_23' title='bbox 2828 759 2872 805; x_wconf 92' lang='lat' dir='ltr'>a</span> <span class='ocrx_word' id='word_1_24' title='bbox 2898 742 3111 805; x_wconf 83' lang='lat' dir='ltr'>rebus</span> 
     </span>
     <span class='ocr_line' id='line_1_4' title="bbox 655 846 3110 929; baseline 0 -19"><span class='ocrx_word' id='word_1_25' title='bbox 655 847 964 927; x_wconf 77' lang='lat' dir='ltr'>lasciviS,</span> <span class='ocrx_word' id='word_1_26' title='bbox 1010 856 1085 911; x_wconf 90' lang='lat' dir='ltr'>ut</span> <span class='ocrx_word' id='word_1_27' title='bbox 1116 846 1451 928; x_wconf 78' lang='lat' dir='ltr'>Juventus</span> <span class='ocrx_word' id='word_1_28' title='bbox 1494 848 1596 911; x_wconf 90' lang='lat' dir='ltr'>sic</span> <span class='ocrx_word' id='word_1_29' title='bbox 1636 849 2016 929; x_wconf 90' lang='lat' dir='ltr'>puritatem</span> <span class='ocrx_word' id='word_1_30' title='bbox 2051 848 2336 928; x_wconf 84' lang='lat' dir='ltr'>linguae</span> <span class='ocrx_word' id='word_1_31' title='bbox 2377 849 2638 912; x_wconf 90' lang='lat' dir='ltr'>latinae</span> <span class='ocrx_word' id='word_1_32' title='bbox 2676 858 2745 911; x_wconf 93' lang='lat' dir='ltr'>et</span> <span class='ocrx_word' id='word_1_33' title='bbox 2782 859 3110 913; x_wconf 89' lang='lat' dir='ltr'>ornatum</span> 
     </span>
     <span class='ocr_line' id='line_1_5' title="bbox 656 955 3112 1036; baseline 0.002 -20"><span class='ocrx_word' id='word_1_34' title='bbox 656 955 970 1017; x_wconf 84' lang='lat' dir='ltr'>hauriret</span> <span class='ocrx_word' id='word_1_35' title='bbox 1010 963 1084 1032; x_wconf 81' lang='lat' dir='ltr'>ut</span> <span class='ocrx_word' id='word_1_36' title='bbox 1123 972 1399 1018; x_wconf 90' lang='lat' dir='ltr'>morum</span> <span class='ocrx_word' id='word_1_37' title='bbox 1446 955 1819 1036; x_wconf 85' lang='lat' dir='ltr'>integritas</span> <span class='ocrx_word' id='word_1_38' title='bbox 1868 956 2365 1020; x_wconf 84' lang='lat' dir='ltr'>detrimentum</span> <span class='ocrx_word' id='word_1_39' title='bbox 2413 974 2555 1019; x_wconf 94' lang='lat' dir='ltr'>non</span> <span class='ocrx_word' id='word_1_40' title='bbox 2604 965 2989 1036; x_wconf 86' lang='lat' dir='ltr'>pateretur;</span> <span class='ocrx_word' id='word_1_41' title='bbox 3041 965 3112 1020; x_wconf 88' lang='lat' dir='ltr'>et</span> 
     </span>
     <span class='ocr_line' id='line_1_6' title="bbox 656 1060 3110 1143; baseline 0.002 -20"><span class='ocrx_word' id='word_1_42' title='bbox 656 1061 845 1140; x_wconf 89' lang='lat' dir='ltr'>quod</span> <span class='ocrx_word' id='word_1_43' title='bbox 872 1061 961 1123; x_wconf 90' lang='lat' dir='ltr'>ad</span> <span class='ocrx_word' id='word_1_44' title='bbox 993 1060 1170 1123; x_wconf 88' lang='lat' dir='ltr'>alios</span> <span class='ocrx_word' id='word_1_45' title='bbox 1203 1061 1483 1140; x_wconf 91' lang='lat' dir='ltr'>quidem</span> <span class='ocrx_word' id='word_1_46' title='bbox 1511 1068 1759 1142; x_wconf 75' lang='lat' dir='ltr'>poetas</span> <span class='ocrx_word' id='word_1_47' title='bbox 1788 1062 2060 1142; x_wconf 83' lang='lat' dir='ltr'>attinet,</span> <span class='ocrx_word' id='word_1_48' title='bbox 2096 1062 2372 1126; x_wconf 87' lang='lat' dir='ltr'>difficile</span> <span class='ocrx_word' id='word_1_49' title='bbox 2399 1080 2544 1125; x_wconf 92' lang='lat' dir='ltr'>non</span> <span class='ocrx_word' id='word_1_50' title='bbox 2571 1063 2700 1126; x_wconf 84' lang='lat' dir='ltr'>fuit</span> <span class='ocrx_word' id='word_1_51' title='bbox 2729 1064 2867 1127; x_wconf 89' lang='lat' dir='ltr'>hoc</span> <span class='ocrx_word' id='word_1_52' title='bbox 2909 1081 3110 1143; x_wconf 86' lang='lat' dir='ltr'>prae·</span> 
     </span>
     <span class='ocr_line' id='line_1_7' title="bbox 658 1169 3109 1251; baseline 0.002 -22"><span class='ocrx_word' id='word_1_53' title='bbox 658 1177 871 1246; x_wconf 88' lang='lat' dir='ltr'>stare,</span> <span class='ocrx_word' id='word_1_54' title='bbox 904 1185 1119 1248; x_wconf 90' lang='lat' dir='ltr'>quum</span> <span class='ocrx_word' id='word_1_55' title='bbox 1148 1186 1234 1230; x_wconf 91' lang='lat' dir='ltr'>ea</span> <span class='ocrx_word' id='word_1_56' title='bbox 1264 1186 1443 1248; x_wconf 91' lang='lat' dir='ltr'>quae</span> <span class='ocrx_word' id='word_1_57' title='bbox 1472 1169 1743 1232; x_wconf 87' lang='lat' dir='ltr'>lasciva</span> <span class='ocrx_word' id='word_1_58' title='bbox 1774 1177 2031 1248; x_wconf 83' lang='lat' dir='ltr'>essent,</span> <span class='ocrx_word' id='word_1_59' title='bbox 2064 1170 2215 1232; x_wconf 90' lang='lat' dir='ltr'>sine</span> <span class='ocrx_word' id='word_1_60' title='bbox 2240 1170 2473 1250; x_wconf 91' lang='lat' dir='ltr'>operis</span> <span class='ocrx_word' id='word_1_61' title='bbox 2503 1169 2922 1234; x_wconf 89' lang='lat' dir='ltr'>detrimento</span> <span class='ocrx_word' id='word_1_62' title='bbox 2954 1188 3109 1251; x_wconf 87' lang='lat' dir='ltr'>pos-</span> 
     </span>
     <span class='ocr_line' id='line_1_8' title="bbox 658 1275 3109 1356; baseline 0.001 -19"><span class='ocrx_word' id='word_1_63' title='bbox 658 1293 784 1337; x_wconf 90' lang='lat' dir='ltr'>sen</span> <span class='ocrx_word' id='word_1_64' title='bbox 813 1275 1074 1354; x_wconf 84' lang='lat' dir='ltr'>omitti3</span> <span class='ocrx_word' id='word_1_65' title='bbox 1113 1284 1182 1338; x_wconf 91' lang='lat' dir='ltr'>et</span> <span class='ocrx_word' id='word_1_66' title='bbox 1213 1275 1312 1338; x_wconf 92' lang='lat' dir='ltr'>ita</span> <span class='ocrx_word' id='word_1_67' title='bbox 1349 1293 1392 1338; x_wconf 88' lang='lat' dir='ltr'>a</span> <span class='ocrx_word' id='word_1_68' title='bbox 1419 1275 1496 1338; x_wconf 92' lang='lat' dir='ltr'>P.</span> <span class='ocrx_word' id='word_1_69' title='bbox 1544 1275 1797 1339; x_wconf 90' lang='lat' dir='ltr'>Frusio</span> <span class='ocrx_word' id='word_1_70' title='bbox 1836 1275 1908 1338; x_wconf 89' lang='lat' dir='ltr'>id</span> <span class='ocrx_word' id='word_1_71' title='bbox 1945 1276 2268 1340; x_wconf 84' lang='lat' dir='ltr'>effectum</span> <span class='ocrx_word' id='word_1_72' title='bbox 2297 1285 2424 1354; x_wconf 91' lang='lat' dir='ltr'>est,</span> <span class='ocrx_word' id='word_1_73' title='bbox 2460 1295 2544 1340; x_wconf 89' lang='lat' dir='ltr'>ac</span> <span class='ocrx_word' id='word_1_74' title='bbox 2575 1278 2994 1356; x_wconf 87' lang='lat' dir='ltr'>praesertim</span> <span class='ocrx_word' id='word_1_75' title='bbox 3035 1278 3109 1340; x_wconf 93' lang='lat' dir='ltr'>in</span> 
     </span>
     <span class='ocr_line' id='line_1_9' title="bbox 660 1382 3106 1464; baseline 0.001 -20"><span class='ocrx_word' id='word_1_76' title='bbox 660 1382 952 1445; x_wconf 91' lang='lat' dir='ltr'>Horatio</span> <span class='ocrx_word' id='word_1_77' title='bbox 982 1391 1052 1444; x_wconf 90' lang='lat' dir='ltr'>et</span> <span class='ocrx_word' id='word_1_78' title='bbox 1089 1382 1420 1460; x_wconf 89' lang='lat' dir='ltr'>Martiali;</span> <span class='ocrx_word' id='word_1_79' title='bbox 1462 1382 1535 1445; x_wconf 91' lang='lat' dir='ltr'>in</span> <span class='ocrx_word' id='word_1_80' title='bbox 1571 1382 1903 1445; x_wconf 91' lang='lat' dir='ltr'>Terentio</span> <span class='ocrx_word' id='word_1_81' title='bbox 1945 1400 2115 1446; x_wconf 90' lang='lat' dir='ltr'>vero</span> <span class='ocrx_word' id='word_1_82' title='bbox 2153 1382 2559 1464; x_wconf 88' lang='lat' dir='ltr'>perdifficile</span> <span class='ocrx_word' id='word_1_83' title='bbox 2599 1384 2973 1447; x_wconf 89' lang='lat' dir='ltr'>videbatur</span> <span class='ocrx_word' id='word_1_84' title='bbox 3000 1402 3106 1447; x_wconf 90' lang='lat' dir='ltr'>ra·</span> 
     </span>
     <span class='ocr_line' id='line_1_10' title="bbox 660 1489 3106 1572; baseline 0.001 -20"><span class='ocrx_word' id='word_1_85' title='bbox 660 1491 921 1553; x_wconf 88' lang='lat' dir='ltr'>tionem</span> <span class='ocrx_word' id='word_1_86' title='bbox 951 1490 1259 1569; x_wconf 83' lang='lat' dir='ltr'>aliquam</span> <span class='ocrx_word' id='word_1_87' title='bbox 1289 1489 1465 1552; x_wconf 91' lang='lat' dir='ltr'>inire</span> <span class='ocrx_word' id='word_1_88' title='bbox 1496 1491 1587 1552; x_wconf 93' lang='lat' dir='ltr'>ad</span> <span class='ocrx_word' id='word_1_89' title='bbox 1623 1508 1710 1553; x_wconf 89' lang='lat' dir='ltr'>ea</span> <span class='ocrx_word' id='word_1_90' title='bbox 1740 1491 2194 1569; x_wconf 88' lang='lat' dir='ltr'>removenda,</span> <span class='ocrx_word' id='word_1_91' title='bbox 2236 1508 2416 1570; x_wconf 93' lang='lat' dir='ltr'>quae</span> <span class='ocrx_word' id='word_1_92' title='bbox 2445 1509 2697 1572; x_wconf 90' lang='lat' dir='ltr'>parum</span> <span class='ocrx_word' id='word_1_93' title='bbox 2729 1501 2965 1555; x_wconf 85' lang='lat' dir='ltr'>essent</span> <span class='ocrx_word' id='word_1_94' title='bbox 2991 1491 3106 1555; x_wconf 91' lang='lat' dir='ltr'>ho—</span> 
     </span>
     <span class='ocr_line' id='line_1_11' title="bbox 660 1589 3108 1677; baseline 0.001 -19"><span class='ocrx_word' id='word_1_95' title='bbox 660 1589 883 1676; x_wconf 84' lang='lat' dir='ltr'>nesta,</span> <span class='ocrx_word' id='word_1_96' title='bbox 919 1613 1079 1659; x_wconf 91' lang='lat' dir='ltr'>cum</span> <span class='ocrx_word' id='word_1_97' title='bbox 1111 1608 1607 1675; x_wconf 84' lang='lat' dir='ltr'>argumentum</span> <span class='ocrx_word' id='word_1_98' title='bbox 1637 1597 1869 1677; x_wconf 91' lang='lat' dir='ltr'>ipsum</span> <span class='ocrx_word' id='word_1_99' title='bbox 1899 1614 1984 1659; x_wconf 89' lang='lat' dir='ltr'>ea</span> <span class='ocrx_word' id='word_1_100' title='bbox 2011 1598 2416 1661; x_wconf 89' lang='lat' dir='ltr'>necessario</span> <span class='ocrx_word' id='word_1_101' title='bbox 2447 1599 2809 1661; x_wconf 88' lang='lat' dir='ltr'>continere</span> <span class='ocrx_word' id='word_1_102' title='bbox 2839 1599 3108 1661; x_wconf 90' lang='lat' dir='ltr'>videre·</span> 
     </span>
     <span class='ocr_line' id='line_1_12' title="bbox 660 1700 3110 1784; baseline 0.001 -19"><span class='ocrx_word' id='word_1_103' title='bbox 660 1714 795 1766; x_wconf 92' lang='lat' dir='ltr'>tur.</span> <span class='ocrx_word' id='word_1_104' title='bbox 842 1700 981 1766; x_wconf 87' lang='lat' dir='ltr'>Sed</span> <span class='ocrx_word' id='word_1_105' title='bbox 1022 1703 1090 1765; x_wconf 92' lang='lat' dir='ltr'>id</span> <span class='ocrx_word' id='word_1_106' title='bbox 1130 1703 1567 1782; x_wconf 84' lang='lat' dir='ltr'>excogitavit</span> <span class='ocrx_word' id='word_1_107' title='bbox 1616 1703 1934 1782; x_wconf 80' lang='lat' dir='ltr'>FrusiuS,</span> <span class='ocrx_word' id='word_1_108' title='bbox 1976 1712 2053 1766; x_wconf 91' lang='lat' dir='ltr'>ut</span> <span class='ocrx_word' id='word_1_109' title='bbox 2092 1721 2274 1784; x_wconf 85' lang='lat' dir='ltr'>quae</span> <span class='ocrx_word' id='word_1_110' title='bbox 2312 1703 2399 1767; x_wconf 90' lang='lat' dir='ltr'>de</span> <span class='ocrx_word' id='word_1_111' title='bbox 2444 1705 2818 1768; x_wconf 89' lang='lat' dir='ltr'>inhonesto</span> <span class='ocrx_word' id='word_1_112' title='bbox 2869 1723 3110 1768; x_wconf 92' lang='lat' dir='ltr'>amore</span> 
     </span>
     <span class='ocr_line' id='line_1_13' title="bbox 661 1809 3108 1891; baseline 0.001 -19"><span class='ocrx_word' id='word_1_113' title='bbox 661 1810 751 1872; x_wconf 84' lang='lat' dir='ltr'>ibi</span> <span class='ocrx_word' id='word_1_114' title='bbox 776 1810 1125 1889; x_wconf 91' lang='lat' dir='ltr'>dicuntur,</span> <span class='ocrx_word' id='word_1_115' title='bbox 1159 1810 1245 1872; x_wconf 92' lang='lat' dir='ltr'>de</span> <span class='ocrx_word' id='word_1_116' title='bbox 1276 1809 1570 1872; x_wconf 90' lang='lat' dir='ltr'>honesto</span> <span class='ocrx_word' id='word_1_117' title='bbox 1601 1819 1670 1872; x_wconf 90' lang='lat' dir='ltr'>et</span> <span class='ocrx_word' id='word_1_118' title='bbox 1708 1809 2067 1890; x_wconf 84' lang='lat' dir='ltr'>conjugali</span> <span class='ocrx_word' id='word_1_119' title='bbox 2105 1812 2529 1875; x_wconf 88' lang='lat' dir='ltr'>dicerentur.</span> <span class='ocrx_word' id='word_1_120' title='bbox 2577 1811 2673 1875; x_wconf 90' lang='lat' dir='ltr'>At</span> <span class='ocrx_word' id='word_1_121' title='bbox 2711 1811 2786 1874; x_wconf 92' lang='lat' dir='ltr'>P.</span> <span class='ocrx_word' id='word_1_122' title='bbox 2830 1811 3108 1891; x_wconf 87' lang='lat' dir='ltr'>Ignatio</span> 
     </span>
     <span class='ocr_line' id='line_1_14' title="bbox 662 1916 3111 1999; baseline 0.001 -20"><span class='ocrx_word' id='word_1_123' title='bbox 662 1918 837 1979; x_wconf 90' lang='lat' dir='ltr'>haec</span> <span class='ocrx_word' id='word_1_124' title='bbox 867 1918 1051 1980; x_wconf 92' lang='lat' dir='ltr'>ratio</span> <span class='ocrx_word' id='word_1_125' title='bbox 1081 1916 1434 1997; x_wconf 88' lang='lat' dir='ltr'>purgandi</span> <span class='ocrx_word' id='word_1_126' title='bbox 1463 1917 1764 1997; x_wconf 90' lang='lat' dir='ltr'>probata</span> <span class='ocrx_word' id='word_1_127' title='bbox 1795 1935 1938 1980; x_wconf 92' lang='lat' dir='ltr'>non</span> <span class='ocrx_word' id='word_1_128' title='bbox 1967 1926 2096 1998; x_wconf 90' lang='lat' dir='ltr'>est,</span> <span class='ocrx_word' id='word_1_129' title='bbox 2131 1936 2293 1981; x_wconf 92' lang='lat' dir='ltr'>cum</span> <span class='ocrx_word' id='word_1_130' title='bbox 2315 1919 2571 1981; x_wconf 89' lang='lat' dir='ltr'>animis</span> <span class='ocrx_word' id='word_1_131' title='bbox 2594 1918 2935 1999; x_wconf 88' lang='lat' dir='ltr'>juvenum</span> <span class='ocrx_word' id='word_1_132' title='bbox 2964 1927 3111 1982; x_wconf 89' lang='lat' dir='ltr'>tam</span> 
     </span>
     <span class='ocr_line' id='line_1_15' title="bbox 660 2023 3106 2105; baseline 0.001 -19"><span class='ocrx_word' id='word_1_133' title='bbox 660 2041 839 2104; x_wconf 87' lang='lat' dir='ltr'>quae</span> <span class='ocrx_word' id='word_1_134' title='bbox 870 2024 956 2087; x_wconf 91' lang='lat' dir='ltr'>de</span> <span class='ocrx_word' id='word_1_135' title='bbox 996 2023 1609 2104; x_wconf 86' lang='lat' dir='ltr'>conjugali.quam</span> <span class='ocrx_word' id='word_1_136' title='bbox 1646 2041 1826 2104; x_wconf 92' lang='lat' dir='ltr'>quae</span> <span class='ocrx_word' id='word_1_137' title='bbox 1871 2024 1957 2087; x_wconf 93' lang='lat' dir='ltr'>de</span> <span class='ocrx_word' id='word_1_138' title='bbox 1996 2025 2365 2088; x_wconf 91' lang='lat' dir='ltr'>inhonesto</span> <span class='ocrx_word' id='word_1_139' title='bbox 2405 2043 2646 2089; x_wconf 87' lang='lat' dir='ltr'>amore</span> <span class='ocrx_word' id='word_1_140' title='bbox 2683 2027 3106 2105; x_wconf 82' lang='lat' dir='ltr'>dicerentur,</span> 
     </span>
     <span class='ocr_line' id='line_1_16' title="bbox 660 2131 3108 2212; baseline 0 -19"><span class='ocrx_word' id='word_1_141' title='bbox 660 2131 934 2211; x_wconf 86' lang='lat' dir='ltr'>species</span> <span class='ocrx_word' id='word_1_142' title='bbox 964 2140 1203 2210; x_wconf 89' lang='lat' dir='ltr'>turpes</span> <span class='ocrx_word' id='word_1_143' title='bbox 1233 2131 1325 2194; x_wconf 94' lang='lat' dir='ltr'>ob</span> <span class='ocrx_word' id='word_1_144' title='bbox 1363 2131 1605 2192; x_wconf 90' lang='lat' dir='ltr'>oculos</span> <span class='ocrx_word' id='word_1_145' title='bbox 1644 2131 1899 2194; x_wconf 89' lang='lat' dir='ltr'>mentis</span> <span class='ocrx_word' id='word_1_146' title='bbox 1944 2132 2323 2195; x_wconf 90' lang='lat' dir='ltr'>obtendere</span> <span class='ocrx_word' id='word_1_147' title='bbox 2359 2143 2669 2212; x_wconf 91' lang='lat' dir='ltr'>possent,</span> <span class='ocrx_word' id='word_1_148' title='bbox 2717 2142 2786 2196; x_wconf 91' lang='lat' dir='ltr'>et</span> <span class='ocrx_word' id='word_1_149' title='bbox 2829 2134 3108 2196; x_wconf 89' lang='lat' dir='ltr'>demum</span> 
     </span>
     <span class='ocr_line' id='line_1_17' title="bbox 658 2237 3110 2318; baseline 0.001 -17"><span class='ocrx_word' id='word_1_150' title='bbox 658 2256 746 2301; x_wconf 93' lang='lat' dir='ltr'>ne</span> <span class='ocrx_word' id='word_1_151' title='bbox 774 2238 1148 2301; x_wconf 90' lang='lat' dir='ltr'>Terentius</span> <span class='ocrx_word' id='word_1_152' title='bbox 1174 2239 1552 2317; x_wconf 86' lang='lat' dir='ltr'>legeretur,</span> <span class='ocrx_word' id='word_1_153' title='bbox 1587 2237 1770 2300; x_wconf 89' lang='lat' dir='ltr'>hanc</span> <span class='ocrx_word' id='word_1_154' title='bbox 1800 2238 2030 2318; x_wconf 86' lang='lat' dir='ltr'>ipsam</span> <span class='ocrx_word' id='word_1_155' title='bbox 2059 2239 2147 2300; x_wconf 94' lang='lat' dir='ltr'>ob</span> <span class='ocrx_word' id='word_1_156' title='bbox 2176 2257 2491 2316; x_wconf 90' lang='lat' dir='ltr'>causam,</span> <span class='ocrx_word' id='word_1_157' title='bbox 2518 2240 2590 2302; x_wconf 90' lang='lat' dir='ltr'>in</span> <span class='ocrx_word' id='word_1_158' title='bbox 2619 2241 2880 2303; x_wconf 91' lang='lat' dir='ltr'>nostris</span> <span class='ocrx_word' id='word_1_159' title='bbox 2910 2240 3110 2303; x_wconf 86' lang='lat' dir='ltr'>scho-</span> 
     </span>
     <span class='ocr_line' id='line_1_18' title="bbox 659 2343 1199 2426; baseline 0.002 -20"><span class='ocrx_word' id='word_1_160' title='bbox 659 2345 743 2407; x_wconf 90' lang='lat' dir='ltr'>lis</span> <span class='ocrx_word' id='word_1_161' title='bbox 771 2345 1125 2426; x_wconf 88' lang='lat' dir='ltr'>prohibuit</span> <span class='ocrx_word' id='word_1_162' title='bbox 1160 2343 1199 2407; x_wconf 86' lang='lat'>¹.</span> 
     </span>
    </p>

    <p class='ocr_par' dir='ltr' id='par_1_3' title="bbox 651 2451 3122 3390">
     <span class='ocr_line' id='line_1_19' title="bbox 787 2451 3106 2540; baseline 0.001 -26"><span class='ocrx_word' id='word_1_163' title='bbox 787 2451 918 2516; x_wconf 87' lang='lat'><strong>104.</strong></span> <span class='ocrx_word' id='word_1_164' title='bbox 1008 2452 1116 2515; x_wconf 93' lang='lat' dir='ltr'>De</span> <span class='ocrx_word' id='word_1_165' title='bbox 1138 2453 1606 2532; x_wconf 83' lang='lat' dir='ltr'>grammatica</span> <span class='ocrx_word' id='word_1_166' title='bbox 1628 2454 1863 2532; x_wconf 89' lang='lat' dir='ltr'>etiam,</span> <span class='ocrx_word' id='word_1_167' title='bbox 1888 2472 1973 2516; x_wconf 94' lang='lat' dir='ltr'>ac</span> <span class='ocrx_word' id='word_1_168' title='bbox 1996 2455 2377 2534; x_wconf 86' lang='lat' dir='ltr'>praecipue</span> <span class='ocrx_word' id='word_1_169' title='bbox 2400 2455 2486 2517; x_wconf 91' lang='lat' dir='ltr'>de</span> <span class='ocrx_word' id='word_1_170' title='bbox 2498 2454 2914 2518; x_wconf 89' lang='lat' dir='ltr'>rudimentis</span> <span class='ocrx_word' id='word_1_171' title='bbox 2937 2454 3106 2540; x_wconf 88' lang='lat' dir='ltr'>ejus,</span> 
     </span>
     <span class='ocr_line' id='line_1_20' title="bbox 659 2553 3108 2640; baseline 0.002 -19"><span class='ocrx_word' id='word_1_172' title='bbox 659 2569 732 2621; x_wconf 94' lang='lat' dir='ltr'>ut</span> <span class='ocrx_word' id='word_1_173' title='bbox 761 2559 1024 2639; x_wconf 88' lang='lat' dir='ltr'>aliquid</span> <span class='ocrx_word' id='word_1_174' title='bbox 1054 2559 1394 2622; x_wconf 91' lang='lat' dir='ltr'>scriberet</span> <span class='ocrx_word' id='word_1_175' title='bbox 1435 2559 1513 2622; x_wconf 96' lang='lat' dir='ltr'>P.</span> <span class='ocrx_word' id='word_1_176' title='bbox 1538 2559 1853 2638; x_wconf 91' lang='lat' dir='ltr'>Frusius,</span> <span class='ocrx_word' id='word_1_177' title='bbox 1889 2561 2150 2623; x_wconf 90' lang='lat' dir='ltr'>nostris</span> <span class='ocrx_word' id='word_1_178' title='bbox 2183 2562 2444 2624; x_wconf 90' lang='lat' dir='ltr'>scholis</span> <span class='ocrx_word' id='word_1_179' title='bbox 2474 2553 3108 2640; x_wconf 79' lang='lat' dir='ltr'>accommodatum,</span> 
     </span>
     <span class='ocr_line' id='line_1_21' title="bbox 657 2665 3110 2749; baseline 0 -17"><span class='ocrx_word' id='word_1_180' title='bbox 657 2666 1043 2748; x_wconf 79' lang='lat' dir='ltr'>injunctum</span> <span class='ocrx_word' id='word_1_181' title='bbox 1072 2666 1161 2729; x_wconf 93' lang='lat' dir='ltr'>ab</span> <span class='ocrx_word' id='word_1_182' title='bbox 1190 2665 1440 2730; x_wconf 91' lang='lat' dir='ltr'>eodem</span> <span class='ocrx_word' id='word_1_183' title='bbox 1467 2666 1541 2730; x_wconf 93' lang='lat' dir='ltr'>P.</span> <span class='ocrx_word' id='word_1_184' title='bbox 1577 2667 1852 2746; x_wconf 84' lang='lat' dir='ltr'>Ignatio</span> <span class='ocrx_word' id='word_1_185' title='bbox 1890 2677 2027 2746; x_wconf 91' lang='lat' dir='ltr'>est;</span> <span class='ocrx_word' id='word_1_186' title='bbox 2061 2668 2175 2731; x_wconf 93' lang='lat' dir='ltr'>ille</span> <span class='ocrx_word' id='word_1_187' title='bbox 2205 2686 2376 2732; x_wconf 88' lang='lat' dir='ltr'>vero</span> <span class='ocrx_word' id='word_1_188' title='bbox 2403 2669 2947 2749; x_wconf 82' lang='lat' dir='ltr'>grammaticam</span> <span class='ocrx_word' id='word_1_189' title='bbox 2977 2668 3110 2733; x_wconf 92' lang='lat' dir='ltr'>De-</span> 
     </span>
     <span class='ocr_line' id='line_1_22' title="bbox 656 2774 3122 2855; baseline 0.001 -18"><span class='ocrx_word' id='word_1_190' title='bbox 656 2774 996 2853; x_wconf 86' lang='lat' dir='ltr'>spauterii</span> <span class='ocrx_word' id='word_1_191' title='bbox 1046 2775 1599 2855; x_wconf 88' lang='lat' dir='ltr'>commendavit,</span> <span class='ocrx_word' id='word_1_192' title='bbox 1661 2784 1782 2837; x_wconf 87' lang='lat' dir='ltr'>aut</span> <span class='ocrx_word' id='word_1_193' title='bbox 1832 2776 1894 2838; x_wconf 91' lang='lat' dir='ltr'>si</span> <span class='ocrx_word' id='word_1_194' title='bbox 1941 2775 2284 2855; x_wconf 86' lang='lat' dir='ltr'>prolixior</span> <span class='ocrx_word' id='word_1_195' title='bbox 2335 2777 2715 2855; x_wconf 88' lang='lat' dir='ltr'>videretur,</span> <span class='ocrx_word' id='word_1_196' title='bbox 2768 2776 3122 2840; x_wconf 45' lang='lat' dir='ltr'>Pelisonis.</span> 
     </span>
     <span class='ocr_line' id='line_1_23' title="bbox 655 2881 3108 2966; baseline 0.002 -22"><span class='ocrx_word' id='word_1_197' title='bbox 655 2881 1148 2961; x_wconf 89' lang='lat' dir='ltr'>compendium</span> <span class='ocrx_word' id='word_1_198' title='bbox 1198 2899 1328 2962; x_wconf 90' lang='lat' dir='ltr'>pro</span> <span class='ocrx_word' id='word_1_199' title='bbox 1381 2881 1852 2963; x_wconf 91' lang='lat' dir='ltr'>Despauterio</span> <span class='ocrx_word' id='word_1_200' title='bbox 1907 2883 2047 2963; x_wconf 86' lang='lat' dir='ltr'>legi</span> <span class='ocrx_word' id='word_1_201' title='bbox 2088 2901 2298 2963; x_wconf 89' lang='lat' dir='ltr'>posse</span> <span class='ocrx_word' id='word_1_202' title='bbox 2335 2885 2712 2964; x_wconf 78' lang='lat' dir='ltr'>sentiebat3</span> <span class='ocrx_word' id='word_1_203' title='bbox 2753 2903 2884 2966; x_wconf 91' lang='lat' dir='ltr'>pro</span> <span class='ocrx_word' id='word_1_204' title='bbox 2923 2885 3108 2948; x_wconf 91' lang='lat' dir='ltr'>rudi·</span> 
     </span>
     <span class='ocr_line' id='line_1_24' title="bbox 654 2987 3109 3072; baseline 0.002 -21"><span class='ocrx_word' id='word_1_205' title='bbox 654 2989 909 3052; x_wconf 91' lang='lat' dir='ltr'>mentis</span> <span class='ocrx_word' id='word_1_206' title='bbox 937 2999 1177 3052; x_wconf 87' lang='lat' dir='ltr'>autem</span> <span class='ocrx_word' id='word_1_207' title='bbox 1205 2987 1565 3052; x_wconf 85' lang='lat' dir='ltr'>Donatum</span> <span class='ocrx_word' id='word_1_208' title='bbox 1595 3007 2044 3053; x_wconf 91' lang='lat' dir='ltr'>communem</span> <span class='ocrx_word' id='word_1_209' title='bbox 2074 2992 2646 3071; x_wconf 88' lang='lat' dir='ltr'>commendabat;</span> <span class='ocrx_word' id='word_1_210' title='bbox 2673 2993 2840 3072; x_wconf 92' lang='lat' dir='ltr'>quia</span> <span class='ocrx_word' id='word_1_211' title='bbox 2869 3000 3109 3055; x_wconf 86' lang='lat' dir='ltr'>tamen</span> 
     </span>
     <span class='ocr_line' id='line_1_25' title="bbox 652 3095 3111 3178; baseline 0.002 -21"><span class='ocrx_word' id='word_1_212' title='bbox 652 3095 728 3159; x_wconf 91' lang='lat' dir='ltr'>P.</span> <span class='ocrx_word' id='word_1_213' title='bbox 760 3096 1078 3175; x_wconf 86' lang='lat' dir='ltr'>Ignatius</span> <span class='ocrx_word' id='word_1_214' title='bbox 1108 3095 1240 3176; x_wconf 91' lang='lat' dir='ltr'>ipsi</span> <span class='ocrx_word' id='word_1_215' title='bbox 1272 3104 1349 3159; x_wconf 91' lang='lat' dir='ltr'>ut</span> <span class='ocrx_word' id='word_1_216' title='bbox 1379 3096 1514 3159; x_wconf 89' lang='lat' dir='ltr'>hoc</span> <span class='ocrx_word' id='word_1_217' title='bbox 1545 3113 1721 3176; x_wconf 90' lang='lat' dir='ltr'>opus</span> <span class='ocrx_word' id='word_1_218' title='bbox 1752 3098 2211 3160; x_wconf 91' lang='lat' dir='ltr'>concinnaret</span> <span class='ocrx_word' id='word_1_219' title='bbox 2253 3097 2684 3178; x_wconf 88' lang='lat' dir='ltr'>injunxerat,</span> <span class='ocrx_word' id='word_1_220' title='bbox 2731 3108 3111 3163; x_wconf 88' lang='lat' dir='ltr'>tractatum</span> 
     </span>
     <span class='ocr_line' id='line_1_26' title="bbox 652 3202 3112 3295; baseline 0.001 -30"><span class='ocrx_word' id='word_1_221' title='bbox 652 3203 875 3279; x_wconf 90' lang='lat' dir='ltr'>illum,</span> <span class='ocrx_word' id='word_1_222' title='bbox 910 3202 1029 3283; x_wconf 90' lang='lat' dir='ltr'>qui</span> <span class='ocrx_word' id='word_1_223' title='bbox 1057 3202 1130 3265; x_wconf 92' lang='lat' dir='ltr'>in</span> <span class='ocrx_word' id='word_1_224' title='bbox 1158 3203 1485 3265; x_wconf 91' lang='lat' dir='ltr'>manibus</span> <span class='ocrx_word' id='word_1_225' title='bbox 1523 3211 1930 3295; x_wconf 82' lang='lat' dir='ltr'>nostrorum</span> <span class='ocrx_word' id='word_1_226' title='bbox 1960 3203 2279 3282; x_wconf 87' lang='lat' dir='ltr'>habetur,</span> <span class='ocrx_word' id='word_1_227' title='bbox 2315 3206 2432 3284; x_wconf 91' lang='lat' dir='ltr'>qui</span> <span class='ocrx_word' id='word_1_228' title='bbox 2472 3205 2729 3269; x_wconf 90' lang='lat' dir='ltr'>infimis</span> <span class='ocrx_word' id='word_1_229' title='bbox 2768 3206 3112 3269; x_wconf 90' lang='lat' dir='ltr'>classibus</span> 
     </span>
     <span class='ocr_line' id='line_1_27' title="bbox 651 3308 1419 3390; baseline -0.001 -17"><span class='ocrx_word' id='word_1_230' title='bbox 651 3318 1011 3390; x_wconf 86' lang='lat' dir='ltr'>praesunt,</span> <span class='ocrx_word' id='word_1_231' title='bbox 1045 3309 1347 3373; x_wconf 88' lang='lat' dir='ltr'>confecit</span> <span class='ocrx_word' id='word_1_232' title='bbox 1376 3308 1419 3371; x_wconf 78' lang='lat'>².</span> 
     </span>
    </p>

    <p class='ocr_par' dir='ltr' id='par_1_4' title="bbox 650 3411 3114 3820">
     <span class='ocr_line' id='line_1_28' title="bbox 777 3411 3112 3498; baseline 0.003 -20"><span class='ocrx_word' id='word_1_233' title='bbox 777 3415 909 3479; x_wconf 87' lang='lat'><strong>105.</strong></span> <span class='ocrx_word' id='word_1_234' title='bbox 997 3416 1417 3479; x_wconf 89' lang='lat' dir='ltr'>Haereticus</span> <span class='ocrx_word' id='word_1_235' title='bbox 1466 3411 1610 3493; x_wconf 82' lang='lat' dir='ltr'>ille&#39;,</span> <span class='ocrx_word' id='word_1_236' title='bbox 1654 3418 1773 3498; x_wconf 90' lang='lat' dir='ltr'>qui</span> <span class='ocrx_word' id='word_1_237' title='bbox 1823 3426 1982 3498; x_wconf 89' lang='lat' dir='ltr'>post</span> <span class='ocrx_word' id='word_1_238' title='bbox 2032 3418 2580 3498; x_wconf 88' lang='lat' dir='ltr'>disputationem</span> <span class='ocrx_word' id='word_1_239' title='bbox 2621 3419 2697 3484; x_wconf 92' lang='lat' dir='ltr'>P.</span> <span class='ocrx_word' id='word_1_240' title='bbox 2748 3420 2982 3484; x_wconf 89' lang='lat' dir='ltr'>Frusii</span> <span class='ocrx_word' id='word_1_241' title='bbox 3020 3422 3112 3485; x_wconf 87' lang='lat' dir='ltr'>ad</span> 
     </span>
     <span class='ocr_line' id='line_1_29' title="bbox 652 3523 3107 3607; baseline 0.002 -21"><span class='ocrx_word' id='word_1_242' title='bbox 652 3524 1009 3586; x_wconf 86' lang='lat' dir='ltr'>saniorem</span> <span class='ocrx_word' id='word_1_243' title='bbox 1036 3532 1342 3586; x_wconf 90' lang='lat' dir='ltr'>mentem</span> <span class='ocrx_word' id='word_1_244' title='bbox 1369 3524 1704 3587; x_wconf 91' lang='lat' dir='ltr'>reductus</span> <span class='ocrx_word' id='word_1_245' title='bbox 1745 3523 2000 3603; x_wconf 88' lang='lat' dir='ltr'>fuerat,</span> <span class='ocrx_word' id='word_1_246' title='bbox 2035 3542 2078 3587; x_wconf 88' lang='lat' dir='ltr'>a</span> <span class='ocrx_word' id='word_1_247' title='bbox 2107 3524 2412 3589; x_wconf 89' lang='lat' dir='ltr'>Domino</span> <span class='ocrx_word' id='word_1_248' title='bbox 2455 3526 2745 3590; x_wconf 85' lang='lat' dir='ltr'>Andrea</span> <span class='ocrx_word' id='word_1_249' title='bbox 2783 3528 3107 3607; x_wconf 91' lang='lat' dir='ltr'>Lipoma—</span> 
     </span>
     <span class='ocr_line' id='line_1_30' title="bbox 650 3629 3111 3713; baseline 0.002 -21"><span class='ocrx_word' id='word_1_250' title='bbox 650 3647 765 3707; x_wconf 90' lang='lat' dir='ltr'>n0,</span> <span class='ocrx_word' id='word_1_251' title='bbox 806 3629 1076 3709; x_wconf 90' lang='lat' dir='ltr'>Priore,</span> <span class='ocrx_word' id='word_1_252' title='bbox 1123 3630 1314 3692; x_wconf 92' lang='lat' dir='ltr'>domi</span> <span class='ocrx_word' id='word_1_253' title='bbox 1363 3639 1707 3710; x_wconf 85' lang='lat' dir='ltr'>exceptus</span> <span class='ocrx_word' id='word_1_254' title='bbox 1756 3639 1894 3710; x_wconf 88' lang='lat' dir='ltr'>est,</span> <span class='ocrx_word' id='word_1_255' title='bbox 1949 3631 2167 3710; x_wconf 84' lang='lat' dir='ltr'>legati</span> <span class='ocrx_word' id='word_1_256' title='bbox 2217 3632 2610 3713; x_wconf 88' lang='lat' dir='ltr'>Apostolici</span> <span class='ocrx_word' id='word_1_257' title='bbox 2657 3644 2938 3713; x_wconf 85' lang='lat' dir='ltr'>rogatu.</span> <span class='ocrx_word' id='word_1_258' title='bbox 2988 3635 3111 3698; x_wconf 92' lang='lat' dir='ltr'>Ille</span> 
     </span>
     <span class='ocr_line' id='line_1_31' title="bbox 650 3737 3114 3820; baseline 0.002 -21"><span class='ocrx_word' id='word_1_259' title='bbox 650 3746 908 3816; x_wconf 87' lang='lat' dir='ltr'>autem,</span> <span class='ocrx_word' id='word_1_260' title='bbox 940 3746 1318 3817; x_wconf 91' lang='lat' dir='ltr'>postquam</span> <span class='ocrx_word' id='word_1_261' title='bbox 1341 3737 1692 3800; x_wconf 88' lang='lat' dir='ltr'>haeresim</span> <span class='ocrx_word' id='word_1_262' title='bbox 1720 3738 2041 3818; x_wconf 88' lang='lat' dir='ltr'>publicae</span> <span class='ocrx_word' id='word_1_263' title='bbox 2068 3738 2442 3820; x_wconf 88' lang='lat' dir='ltr'>abjuravit,</span> <span class='ocrx_word' id='word_1_264' title='bbox 2472 3742 2853 3805; x_wconf 91' lang='lat' dir='ltr'>conciones</span> <span class='ocrx_word' id='word_1_265' title='bbox 2877 3742 3114 3805; x_wconf 90' lang='lat' dir='ltr'>Patris</span> 
     </span>
    </p>
   </div>
   <div class='ocr_carea' id='block_1_3' title="bbox 659 3904 969 3915">
    <p class='ocr_par' dir='ltr' id='par_1_5' title="bbox 659 3904 969 3915">
     <span class='ocr_line' id='line_1_32' title="bbox 659 3904 969 3915; baseline 0 0"><span class='ocrx_word' id='word_1_266' title='bbox 659 3904 969 3915; x_wconf 95' lang='lat' dir='ltr'> </span> 
     </span>
    </p>
   </div>
   <div class='ocr_carea' id='block_1_4' title="bbox 653 4010 3190 4782">
    <p class='ocr_par' dir='ltr' id='par_1_6' title="bbox 653 4010 3114 4208">
     <span class='ocr_line' id='line_1_33' title="bbox 735 4010 3109 4073; baseline 0.004 -19"><span class='ocrx_word' id='word_1_267' title='bbox 735 4010 753 4043; x_wconf 80' lang='lat'>¹</span> <span class='ocrx_word' id='word_1_268' title='bbox 809 4010 1061 4054; x_wconf 87' lang='lat' dir='ltr'>Polancus</span> <span class='ocrx_word' id='word_1_269' title='bbox 1077 4043 1087 4063; x_wconf 89' lang='grc'>,</span> <span class='ocrx_word' id='word_1_270' title='bbox 1110 4023 1174 4054; x_wconf 79' lang='lat' dir='ltr'>ex</span> <span class='ocrx_word' id='word_1_271' title='bbox 1194 4013 1587 4064; x_wconf 66' lang='lat' dir='ltr'>commissione,</span> <span class='ocrx_word' id='word_1_272' title='bbox 1609 4013 1848 4056; x_wconf 81' lang='lat' dir='ltr'>Andreae</span> <span class='ocrx_word' id='word_1_273' title='bbox 1871 4012 2069 4062; x_wconf 80' lang='lat' dir='ltr'>Frusio,</span> <span class='ocrx_word' id='word_1_274' title='bbox 2088 4014 2150 4056; x_wconf 89' lang='lat' dir='ltr'>de</span> <span class='ocrx_word' id='word_1_275' title='bbox 2172 4015 2319 4058; x_wconf 92' lang='lat' dir='ltr'>modo</span> <span class='ocrx_word' id='word_1_276' title='bbox 2340 4017 2661 4069; x_wconf 84' lang='lat' dir='ltr'>expurgandi</span> <span class='ocrx_word' id='word_1_277' title='bbox 2681 4016 2911 4062; x_wconf 83' lang='lat' dir='ltr'>Terentii</span> <span class='ocrx_word' id='word_1_278' title='bbox 2935 4020 3109 4073; x_wconf 83' lang='lat' dir='ltr'>libros,</span> 
     </span>
     <span class='ocr_line' id='line_1_34' title="bbox 655 4081 3114 4145; baseline 0.004 -20"><span class='ocrx_word' id='word_1_279' title='bbox 655 4082 706 4125; x_wconf 87' lang='grc'>18</span> <span class='ocrx_word' id='word_1_280' title='bbox 723 4081 861 4135; x_wconf 87' lang='lat' dir='ltr'>Julii;</span> <span class='ocrx_word' id='word_1_281' title='bbox 884 4083 1064 4136; x_wconf 86' lang='lat' dir='ltr'>eidem,</span> <span class='ocrx_word' id='word_1_282' title='bbox 1085 4089 1140 4126; x_wconf 88' lang='lat' dir='ltr'>ut</span> <span class='ocrx_word' id='word_1_283' title='bbox 1162 4089 1350 4127; x_wconf 86' lang='lat' dir='ltr'>octavo</span> <span class='ocrx_word' id='word_1_284' title='bbox 1372 4096 1568 4139; x_wconf 84' lang='lat' dir='ltr'>quoque</span> <span class='ocrx_word' id='word_1_285' title='bbox 1589 4085 1670 4127; x_wconf 91' lang='lat' dir='ltr'>die</span> <span class='ocrx_word' id='word_1_286' title='bbox 1693 4082 1909 4128; x_wconf 85' lang='lat' dir='ltr'>Romam</span> <span class='ocrx_word' id='word_1_287' title='bbox 1931 4085 2124 4129; x_wconf 90' lang='lat' dir='ltr'>scribat</span> <span class='ocrx_word' id='word_1_288' title='bbox 2143 4087 2392 4141; x_wconf 89' lang='lat' dir='ltr'>quomodo</span> <span class='ocrx_word' id='word_1_289' title='bbox 2412 4088 2658 4131; x_wconf 88' lang='lat' dir='ltr'>librorum</span> <span class='ocrx_word' id='word_1_290' title='bbox 2673 4092 2981 4144; x_wconf 75' lang='lat' dir='ltr'>expurgatio</span> <span class='ocrx_word' id='word_1_291' title='bbox 3003 4103 3114 4145; x_wconf 86' lang='lat' dir='ltr'>pro·</span> 
     </span>
     <span class='ocr_line' id='line_1_35' title="bbox 653 4153 1350 4208; baseline 0.003 -12"><span class='ocrx_word' id='word_1_292' title='bbox 653 4153 923 4207; x_wconf 78' lang='lat' dir='ltr'>grediatur</span> <span class='ocrx_word' id='word_1_293' title='bbox 938 4186 948 4206; x_wconf 91' lang='lat'>,</span> <span class='ocrx_word' id='word_1_294' title='bbox 970 4154 998 4196; x_wconf 88' lang='lat'>5</span> <span class='ocrx_word' id='word_1_295' title='bbox 1018 4154 1350 4208; x_wconf 83' lang='lat' dir='ltr'>Septembris.</span> 
     </span>
    </p>

    <p class='ocr_par' dir='ltr' id='par_1_7' title="bbox 653 4225 3190 4782">
     <span class='ocr_line' id='line_1_36' title="bbox 732 4225 3113 4285; baseline 0.003 -16"><span class='ocrx_word' id='word_1_296' title='bbox 732 4226 757 4258; x_wconf 75' lang='lat'><strong>¹</strong></span> <span class='ocrx_word' id='word_1_297' title='bbox 813 4225 1083 4275; x_wconf 80' lang='lat' dir='ltr'>Polancus,</span> <span class='ocrx_word' id='word_1_298' title='bbox 1100 4236 1167 4267; x_wconf 83' lang='lat' dir='ltr'>ex</span> <span class='ocrx_word' id='word_1_299' title='bbox 1186 4226 1588 4278; x_wconf 62' lang='lat' dir='ltr'>commissione,</span> <span class='ocrx_word' id='word_1_300' title='bbox 1615 4227 1857 4271; x_wconf 79' lang='lat' dir='ltr'>Andreae</span> <span class='ocrx_word' id='word_1_301' title='bbox 1880 4226 2064 4270; x_wconf 85' lang='lat' dir='ltr'>Frusio</span> <span class='ocrx_word' id='word_1_302' title='bbox 2081 4261 2092 4281; x_wconf 93' lang='lat'>,</span> <span class='ocrx_word' id='word_1_303' title='bbox 2115 4234 2170 4271; x_wconf 88' lang='lat' dir='ltr'>ut</span> <span class='ocrx_word' id='word_1_304' title='bbox 2192 4228 2382 4272; x_wconf 85' lang='lat' dir='ltr'>Donati</span> <span class='ocrx_word' id='word_1_305' title='bbox 2404 4229 2588 4273; x_wconf 85' lang='lat' dir='ltr'>librum</span> <span class='ocrx_word' id='word_1_306' title='bbox 2609 4230 2671 4273; x_wconf 89' lang='lat' dir='ltr'>de</span> <span class='ocrx_word' id='word_1_307' title='bbox 2693 4243 2748 4274; x_wconf 92' lang='lat' dir='ltr'>re</span> <span class='ocrx_word' id='word_1_308' title='bbox 2771 4233 3113 4285; x_wconf 79' lang='lat' dir='ltr'>grammatica</span> 
     </span>
     <span class='ocr_line' id='line_1_37' title="bbox 653 4296 3110 4362; baseline 0.003 -21"><span class='ocrx_word' id='word_1_309' title='bbox 653 4298 852 4342; x_wconf 78' lang='lat' dir='ltr'>revisat</span> <span class='ocrx_word' id='word_1_310' title='bbox 883 4303 937 4340; x_wconf 90' lang='lat' dir='ltr'>et</span> <span class='ocrx_word' id='word_1_311' title='bbox 971 4296 1058 4349; x_wconf 83' lang='lat' dir='ltr'>iis,</span> <span class='ocrx_word' id='word_1_312' title='bbox 1082 4308 1210 4350; x_wconf 88' lang='lat' dir='ltr'>quae</span> <span class='ocrx_word' id='word_1_313' title='bbox 1236 4296 1286 4340; x_wconf 93' lang='lat' dir='ltr'>in</span> <span class='ocrx_word' id='word_1_314' title='bbox 1316 4296 1434 4362; x_wconf 27' lang='lat' dir='ltr'>auiiis</span> <span class='ocrx_word' id='word_1_315' title='bbox 1468 4299 1593 4341; x_wconf 86' lang='lat' dir='ltr'>bene</span> <span class='ocrx_word' id='word_1_316' title='bbox 1624 4299 1763 4342; x_wconf 87' lang='lat' dir='ltr'>dicta</span> <span class='ocrx_word' id='word_1_317' title='bbox 1798 4299 2152 4352; x_wconf 82' lang='lat' dir='ltr'>reperiantur,</span> <span class='ocrx_word' id='word_1_318' title='bbox 2182 4306 2395 4343; x_wconf 86' lang='lat' dir='ltr'>exornet</span> <span class='ocrx_word' id='word_1_319' title='bbox 2413 4301 2775 4356; x_wconf 82' lang='lat' dir='ltr'>perficiatque,</span> <span class='ocrx_word' id='word_1_320' title='bbox 2797 4304 2852 4346; x_wconf 80' lang='lat'>‘22</span> <span class='ocrx_word' id='word_1_321' title='bbox 2872 4305 3110 4361; x_wconf 65' lang='lat' dir='ltr'>Augusti,</span> 
     </span>
     <span class='ocr_line' id='line_1_38' title="bbox 654 4370 3190 4430; baseline 0.003 -17"><span class='ocrx_word' id='word_1_322' title='bbox 654 4371 834 4424; x_wconf 87' lang='lat' dir='ltr'>eidem,</span> <span class='ocrx_word' id='word_1_323' title='bbox 854 4375 912 4413; x_wconf 85' lang='lat' dir='ltr'>ut</span> <span class='ocrx_word' id='word_1_324' title='bbox 934 4371 1233 4414; x_wconf 82' lang='lat' dir='ltr'>emendatos</span> <span class='ocrx_word' id='word_1_325' title='bbox 1267 4370 1496 4414; x_wconf 86' lang='lat' dir='ltr'>Terentii</span> <span class='ocrx_word' id='word_1_326' title='bbox 1531 4370 1690 4413; x_wconf 80' lang='lat' dir='ltr'>libros</span> <span class='ocrx_word' id='word_1_327' title='bbox 1723 4370 1940 4414; x_wconf 85' lang='lat' dir='ltr'>Romam</span> <span class='ocrx_word' id='word_1_328' title='bbox 1973 4372 2348 4425; x_wconf 84' lang='lat' dir='ltr'>quamprimum</span> <span class='ocrx_word' id='word_1_329' title='bbox 2380 4373 2573 4426; x_wconf 83' lang='lat' dir='ltr'>mittat,</span> <span class='ocrx_word' id='word_1_330' title='bbox 2611 4373 2834 4429; x_wconf 87' lang='lat' dir='ltr'>itemque</span> <span class='ocrx_word' id='word_1_331' title='bbox 2869 4377 3111 4430; x_wconf 87' lang='lat' dir='ltr'>quidquid</span> <span class='ocrx_word' id='word_1_332' title='bbox 3184 4388 3190 4394; x_wconf 92' lang='lat'>·</span> 
     </span>
     <span class='ocr_line' id='line_1_39' title="bbox 656 4442 3113 4501; baseline 0.003 -16"><span class='ocrx_word' id='word_1_333' title='bbox 656 4448 896 4496; x_wconf 82' lang='lat' dir='ltr'>paratum</span> <span class='ocrx_word' id='word_1_334' title='bbox 916 4442 1109 4485; x_wconf 82' lang='lat' dir='ltr'>habeat</span> <span class='ocrx_word' id='word_1_335' title='bbox 1130 4443 1191 4485; x_wconf 90' lang='lat' dir='ltr'>de</span> <span class='ocrx_word' id='word_1_336' title='bbox 1212 4442 1516 4486; x_wconf 85' lang='lat' dir='ltr'>rudimentis</span> <span class='ocrx_word' id='word_1_337' title='bbox 1535 4443 1909 4496; x_wconf 74' lang='lat' dir='ltr'>grammaticae</span> <span class='ocrx_word' id='word_1_338' title='bbox 1925 4476 1935 4494; x_wconf 83' lang='lat'>,</span> <span class='ocrx_word' id='word_1_339' title='bbox 1959 4443 2010 4486; x_wconf 89' lang='grc'>19</span> <span class='ocrx_word' id='word_1_340' title='bbox 2030 4442 2371 4497; x_wconf 85' lang='lat' dir='ltr'>Septembris;</span> <span class='ocrx_word' id='word_1_341' title='bbox 2395 4445 2559 4488; x_wconf 87' lang='lat' dir='ltr'>eidem</span> <span class='ocrx_word' id='word_1_342' title='bbox 2579 4444 2768 4499; x_wconf 75' lang='lat' dir='ltr'>Ignatii</span> <span class='ocrx_word' id='word_1_343' title='bbox 2784 4447 3031 4501; x_wconf 85' lang='lat' dir='ltr'>judicium</span> <span class='ocrx_word' id='word_1_344' title='bbox 3051 4450 3113 4492; x_wconf 85' lang='lat' dir='ltr'>de</span> 
     </span>
     <span class='ocr_line' id='line_1_40' title="bbox 656 4513 3113 4572; baseline 0.004 -16"><span class='ocrx_word' id='word_1_345' title='bbox 656 4514 883 4558; x_wconf 86' lang='lat' dir='ltr'>Terentii</span> <span class='ocrx_word' id='word_1_346' title='bbox 906 4515 1053 4557; x_wconf 87' lang='lat' dir='ltr'>libris</span> <span class='ocrx_word' id='word_1_347' title='bbox 1072 4521 1123 4557; x_wconf 89' lang='lat' dir='ltr'>et</span> <span class='ocrx_word' id='word_1_348' title='bbox 1145 4515 1519 4568; x_wconf 82' lang='lat' dir='ltr'>grammaticae</span> <span class='ocrx_word' id='word_1_349' title='bbox 1541 4514 1866 4566; x_wconf 79' lang='lat' dir='ltr'>rudimentis,</span> <span class='ocrx_word' id='word_1_350' title='bbox 1887 4515 1915 4556; x_wconf 87' lang='lat'>3</span> <span class='ocrx_word' id='word_1_351' title='bbox 1935 4513 2200 4568; x_wconf 86' lang='lat' dir='ltr'>Octobris;</span> <span class='ocrx_word' id='word_1_352' title='bbox 2222 4515 2386 4558; x_wconf 85' lang='lat' dir='ltr'>eidem</span> <span class='ocrx_word' id='word_1_353' title='bbox 2408 4517 2467 4559; x_wconf 91' lang='lat' dir='ltr'>de</span> <span class='ocrx_word' id='word_1_354' title='bbox 2490 4518 2600 4571; x_wconf 85' lang='lat' dir='ltr'>ejus</span> <span class='ocrx_word' id='word_1_355' title='bbox 2620 4520 2959 4572; x_wconf 77' lang='lat' dir='ltr'>grammatica</span> <span class='ocrx_word' id='word_1_356' title='bbox 2979 4527 3030 4565; x_wconf 91' lang='lat' dir='ltr'>et</span> <span class='ocrx_word' id='word_1_357' title='bbox 3051 4521 3113 4564; x_wconf 90' lang='lat' dir='ltr'>de</span> 
     </span>
     <span class='ocr_line' id='line_1_41' title="bbox 657 4584 3115 4643; baseline 0.003 -15"><span class='ocrx_word' id='word_1_358' title='bbox 657 4584 922 4637; x_wconf 85' lang='lat' dir='ltr'>Clenardi,</span> <span class='ocrx_word' id='word_1_359' title='bbox 945 4586 996 4628; x_wconf 74' lang='grc'>14</span> <span class='ocrx_word' id='word_1_360' title='bbox 1016 4584 1345 4636; x_wconf 81' lang='lat' dir='ltr'>Novembris;</span> <span class='ocrx_word' id='word_1_361' title='bbox 1368 4586 1534 4629; x_wconf 87' lang='lat' dir='ltr'>eidem</span> <span class='ocrx_word' id='word_1_362' title='bbox 1564 4591 1619 4629; x_wconf 89' lang='lat' dir='ltr'>ut</span> <span class='ocrx_word' id='word_1_363' title='bbox 1651 4591 1758 4628; x_wconf 90' lang='lat' dir='ltr'>tum</span> <span class='ocrx_word' id='word_1_364' title='bbox 1789 4597 1815 4627; x_wconf 91' lang='lat' dir='ltr'>e</span> <span class='ocrx_word' id='word_1_365' title='bbox 1847 4591 2035 4629; x_wconf 88' lang='lat' dir='ltr'>veneto</span> <span class='ocrx_word' id='word_1_366' title='bbox 2069 4593 2176 4630; x_wconf 91' lang='lat' dir='ltr'>tum</span> <span class='ocrx_word' id='word_1_367' title='bbox 2209 4598 2236 4629; x_wconf 89' lang='lat' dir='ltr'>e</span> <span class='ocrx_word' id='word_1_368' title='bbox 2269 4588 2517 4641; x_wconf 81' lang='lat' dir='ltr'>patavino</span> <span class='ocrx_word' id='word_1_369' title='bbox 2539 4587 2768 4643; x_wconf 85' lang='lat' dir='ltr'>Collegio</span> <span class='ocrx_word' id='word_1_370' title='bbox 2790 4591 3115 4635; x_wconf 76' lang='lat' dir='ltr'>scribendum</span> 
     </span>
     <span class='ocr_line' id='line_1_42' title="bbox 658 4655 3115 4716; baseline 0.003 -17"><span class='ocrx_word' id='word_1_371' title='bbox 658 4655 874 4700; x_wconf 88' lang='lat' dir='ltr'>Romam</span> <span class='ocrx_word' id='word_1_372' title='bbox 893 4663 1037 4700; x_wconf 84' lang='lat' dir='ltr'>curet</span> <span class='ocrx_word' id='word_1_373' title='bbox 1061 4657 1180 4711; x_wconf 88' lang='lat' dir='ltr'>quid</span> <span class='ocrx_word' id='word_1_374' title='bbox 1202 4658 1341 4700; x_wconf 86' lang='lat' dir='ltr'>circa</span> <span class='ocrx_word' id='word_1_375' title='bbox 1364 4655 1642 4700; x_wconf 80' lang='lat' dir='ltr'>societatis</span> <span class='ocrx_word' id='word_1_376' title='bbox 1663 4657 1950 4701; x_wconf 83' lang='lat' dir='ltr'>ministeria</span> <span class='ocrx_word' id='word_1_377' title='bbox 1966 4691 1976 4711; x_wconf 86' lang='lat'>‚</span> <span class='ocrx_word' id='word_1_378' title='bbox 1997 4658 2289 4714; x_wconf 80' lang='lat' dir='ltr'>conciones,</span> <span class='ocrx_word' id='word_1_379' title='bbox 2311 4661 2678 4716; x_wconf 82' lang='lat' dir='ltr'>consessiones,</span> <span class='ocrx_word' id='word_1_380' title='bbox 2701 4667 2799 4705; x_wconf 87' lang='lat' dir='ltr'>etc.</span> <span class='ocrx_word' id='word_1_381' title='bbox 2816 4696 2826 4715; x_wconf 88' lang='lat'>,</span> <span class='ocrx_word' id='word_1_382' title='bbox 2850 4662 2956 4713; x_wconf 78' lang='lat' dir='ltr'>fiat,</span> <span class='ocrx_word' id='word_1_383' title='bbox 2977 4669 3027 4706; x_wconf 87' lang='lat' dir='ltr'>et</span> <span class='ocrx_word' id='word_1_384' title='bbox 3050 4662 3115 4707; x_wconf 89' lang='lat' dir='ltr'>de</span> 
     </span>
     <span class='ocr_line' id='line_1_43' title="bbox 656 4716 2401 4782; baseline 0.003 -12"><span class='ocrx_word' id='word_1_385' title='bbox 656 4728 1085 4771; x_wconf 72' lang='lat' dir='ltr'>scholasticorum</span> <span class='ocrx_word' id='word_1_386' title='bbox 1108 4737 1335 4779; x_wconf 76' lang='lat' dir='ltr'>numer0.</span> <span class='ocrx_word' id='word_1_387' title='bbox 1355 4729 1639 4771; x_wconf 88' lang='lat' dir='ltr'>studiorum</span> <span class='ocrx_word' id='word_1_388' title='bbox 1661 4728 1855 4778; x_wconf 81' lang='lat' dir='ltr'>ordine.</span> <span class='ocrx_word' id='word_1_389' title='bbox 1878 4716 1994 4782; x_wconf 77' lang='lat' dir='ltr'>etc..</span> <span class='ocrx_word' id='word_1_390' title='bbox 2016 4730 2071 4773; x_wconf 85' lang='grc'>26</span> <span class='ocrx_word' id='word_1_391' title='bbox 2088 4730 2401 4777; x_wconf 84' lang='lat' dir='ltr'>Decembris.</span> 
     </span>
    </p>
   </div>
  </div>
 </body>
</html>
