3679 5414
1592 452 1719 510 Ακ.
1765 451 1905 510 1552
2401 414 2406 419 ’
2874 450 2990 510 713

510 598 892 680 aliquando
924 615 1343 661 concessum
1379 596 1775 662 videbatur.
1808 596 1991 661 Cum
2022 607 2259 661 tamen
2289 598 2678 677 postularet
2708 597 2797 660 ab
2827 597 2990 677 ipso

508 706 704 786 Rege
748 724 917 769 num
960 705 1344 786 quidquam
1374 704 1586 768 vellet
1625 705 1842 768 scribi
1876 703 1953 767 Ρ.
1995 705 2272 785 Ignatio
2304 705 2391 768 de
2420 705 2745 785 superius
2773 703 2984 767 dictis

412 830 413 833 ’
509 813 752 890 rebuS,
786 831 958 891 non,
993 810 1240 892 inquit,
1274 828 1452 890 opus
1482 821 1621 889 est,
1656 812 1940 893 quando
1969 829 2085 875 res
2113 812 2211 874 ita
2242 829 2318 874 se
2346 812 2639 886 habent,
2673 820 2749 874 ut
2777 811 2985 888 dicis:

512 930 581 983 et
631 936 794 982 cum
852 936 1183 983 securum
1243 936 1405 982 eum
1463 919 1792 982 redderet
1843 919 2271 982 Franciscus
2319 918 2508 998 quod
2555 918 2730 981 nihil
2777 937 2860 981 eo
2911 919 2982 981 in

509 1043 737 1106 regno
777 1027 853 1089 P.
897 1026 1214 1106 Ignatius
1253 1026 1575 1090 facturus
1613 1034 1801 1089 esset
1842 1027 1983 1089 nisi
2021 1024 2209 1106 quod
2262 1026 2395 1106 ipsi
2442 1027 2866 1107 probaretur
2915 1036 2986 1089 et

511 1134 700 1213 quod
720 1135 824 1197 sic
848 1134 1095 1196 solitus
1119 1143 1272 1197 erat
1298 1133 1611 1196 scribere
1636 1134 1923 1212 nostriS‚
1951 1133 2072 1214 qui
2096 1133 2166 1196 in
2191 1132 2559 1196 Lusitania
2582 1141 2986 1212 versantur,

512 1241 776 1320 placuit
807 1240 876 1303 id
904 1240 1118 1320 Regi,
1152 1249 1221 1303 et
1252 1242 1348 1304 ita
1380 1258 1458 1304 se
1489 1241 1670 1303 velle
1702 1241 1902 1304 dixit.
1939 1240 2401 1320 Significabat
2431 1241 2646 1303 etiam
2683 1241 2870 1303 nolle
2910 1256 2989 1303 se

513 1358 589 1410 ut
618 1356 867 1411 contra
905 1347 979 1410 P.
1013 1345 1377 1413 Simonem
1405 1348 1786 1428 quicquam
1812 1348 2033 1428 fieret;
2059 1347 2181 1411 sed
2208 1349 2434 1411 amari
2456 1366 2617 1411 eum
2647 1365 2690 1410 a
2719 1348 2987 1411 nostris

514 1454 879 1519 intellexit.

631 1561 772 1624 641.
858 1560 1014 1624 Hoc
1055 1560 1310 1626 eodem
1351 1562 1464 1624 die
1513 1563 1838 1641 pervenit
1894 1561 2400 1643 Ulyssiponam
2450 1562 2524 1625 P.
2580 1561 2992 1625 Ludovicus

513 1670 898 1748 Gonzalez,
932 1669 1323 1749 quistatim
1352 1667 1804 1732 Cardinalem
1845 1687 1930 1732 ac
1969 1669 2352 1733 Dominum
2390 1669 2836 1732 Ludovicum
2878 1668 2991 1731 his

514 1779 602 1840 de
628 1777 842 1840 rebus
870 1785 977 1838 est
1009 1777 1380 1853 allocutus3
1415 1783 1482 1838 et
1512 1776 1858 1838 intellexit
1901 1793 2024 1839 eos
2062 1776 2150 1839 de
2185 1776 2328 1854 his,
2377 1794 2558 1856 quae
2588 1775 2768 1854 Regi
2799 1774 2989 1838 dicta

512 1884 794 1947 fuerant
824 1893 1073 1947 contra
1104 1883 1181 1945 P.
1213 1883 1591 1963 Ignatium,
1624 1883 1798 1946 nihil
1829 1884 2163 1962 scivisse,
2206 1892 2275 1946 et
2316 1884 2406 1947 ad
2444 1882 2829 1946 favendum
2871 1902 2992 1947 ve-

517 1991 708 2053 ritati
736 2000 815 2053 et*
834 1991 1046 2054 rebus
1077 1988 1458 2053 Societatis
1487 2008 1611 2054 eos
1636 2007 1793 2053 esse
1823 1991 2034 2054 valde
2063 2008 2478 2071 propensos.
2506 1990 2663 2053 Non
2692 1990 2989 2070 putabat

518 2096 591 2161 P.
635 2098 786 2177 ipse
824 2097 1230 2160 Ludovicus
1272 2096 1587 2160 animum
1622 2097 1842 2176 Regis
1879 2114 2055 2178 erga
2102 2096 2528 2162 Societatem
2568 2114 2722 2160 esse
2768 2107 2989 2160 muta-

514 2214 695 2282 tum,
744 2204 1071 2285 quamvis
1121 2211 1410 2284 propter
1461 2204 1852 2267 calumnias
1888 2203 2037 2283 Jam
2079 2204 2309 2267 dictas
2343 2205 2716 2284 perculsus
2755 2203 2995 2283 aliquo

514 2310 724 2374 modo
753 2310 1030 2389 suisset,
1064 2321 1133 2373 et
1164 2311 1461 2390 alioqui,
1494 2310 1557 2373 si
1585 2328 1924 2374 aversum
1953 2309 2268 2374 animum
2298 2328 2340 2373 a
2385 2308 2742 2373 Societate
2787 2326 2986 2388 gere-

512 2427 641 2496 ret,
667 2435 810 2481 non
845 2435 922 2480 se
952 2434 1294 2497 magnum
1323 2417 1822 2481 detrimentum
1845 2416 2189 2481 Societati
2218 2417 2487 2495 timere,
2517 2417 2682 2497 quia
2699 2416 2985 2497 jactura

512 2533 786 2589 tantum
814 2542 1054 2587 rerum
1082 2524 1578 2604 temporalium
1607 2524 1841 2587 timeri
1867 2533 2181 2605 poterat,
2224 2533 2294 2587 et
2334 2524 2454 2586 illa
2492 2523 2805 2586 timenda
2846 2541 2992 2586 non

515 2641 699 2712 erat,
744 2649 906 2695 cum
944 2631 1272 2694 fortassis
1320 2632 1686 2713 expediret
1734 2649 1944 2694 ruere
1982 2649 2164 2712 quae
2211 2648 2354 2694 non
2398 2631 2576 2693 bene
2614 2630 2989 2695 aedificata

513 2739 814 2802 fuerant.
861 2738 1233 2802 Allocutus
1282 2749 1389 2802 est
1440 2740 1654 2802 etiam
1704 2739 2079 2819 Reginam,
2124 2756 2306 2820 quae
2350 2749 2685 2819 coeperat
2729 2739 2997 2802 nostris

516 2846 727 2908 rebus
775 2848 958 2909 velle
1007 2846 1274 2910 favere.
1329 2846 1764 2927 Episcopum
1812 2848 2030 2909 etiam
2067 2829 2685 2926 Portalegrensem
2731 2846 2996 2925 optime

515 2950 846 3015 affectum
889 2953 1180 3017 invenit.
1232 2953 1393 3016 Duo
1435 2963 1673 3018 autem
1711 2954 2027 3017 Infantes
2063 2971 2226 3017 cum
2278 2955 2354 3017 P.
2399 2953 2764 3016 Ludovico
2804 2952 2992 3015 Gon·

516 3060 709 3121 zalez
740 3061 1144 3122 consultare
1190 3060 1400 3123 simul
1431 3070 1820 3141 coeperunt
1864 3060 1949 3124 de
1979 3061 2255 3123 ratione
2283 3057 2494 3138 hujus
2524 3059 2791 3139 negotii
2827 3075 2988 3122 cum

517 3166 714 3245 Rege
756 3167 1143 3245 tractandi,
1192 3176 1262 3229 et
1317 3168 1552 3230 visum
1596 3177 1702 3230 est
1748 3168 2085 3249 expedire
2128 3177 2202 3231 ut
2247 3168 2397 3247 ipse
2448 3167 2525 3229 P.
2586 3165 2997 3229 Ludovicus

521 3274 875 3336 Gonzalez
906 3272 1177 3353 Regem
1206 3274 1435 3337 adiret
1466 3292 1550 3337 ac
1581 3273 1955 3354 Reginam.

638 3380 780 3443 642.
867 3380 1064 3444 Adiit
1092 3381 1289 3460 prius
1320 3381 1702 3462 Reginam,
1735 3399 1918 3463 quae
1948 3384 2314 3446 consolata
2345 3392 2452 3447 est
2483 3399 2644 3446 eum
2675 3390 2743 3443 et
2772 3381 2992 3442 multa

519 3487 982 3567 particularia
1011 3488 1357 3567 narravit,
1392 3506 1692 3569 quorum
1719 3489 1899 3552 haee
1931 3506 2206 3552 summa
2236 3500 2422 3553 erat:
2447 3489 2716 3569 Regem
2746 3485 2993 3550 firmis-

521 3595 775 3658 simum
813 3612 969 3657 esse
1008 3595 1080 3657 in
1120 3594 1502 3659 Societatis
1552 3594 1907 3675 favorem,
1952 3596 2281 3675 quamvis
2319 3597 2716 3678 importune
2755 3594 2992 3658 admo·

521 3703 692 3765 dum
727 3701 973 3765 suisset
1012 3710 1495 3783 oppugnatus;
1544 3703 1731 3783 quod
1772 3704 1859 3766 de
1897 3703 2200 3784 pecunia
2240 3713 2307 3766 et
2347 3703 2750 3766 hominibus
2789 3710 2992 3772 extra

523 3825 822 3887 regnum
851 3808 1209 3872 mittendis
1238 3810 1660 3889 impressum
1691 3808 1972 3890 quidem
1993 3808 2246 3888 fuerat,
2273 3820 2349 3874 ut
2380 3809 2786 3891 prohiberet
2815 3809 2994 3888 fieri,

524 3931 665 3977 non
695 3924 772 3978 ut
801 3915 872 3977 in
914 3915 1353 3994 Portugallia
1397 3934 1473 3979 se
1518 3934 1560 3979 a
1605 3914 1681 3978 P.
1725 3916 1982 3995 Ignatii
2020 3917 2536 3996 gubernatione
2574 3918 2991 3992 eximerent,

524 4022 709 4101 quod
768 4022 1190 4085 videbantur
1248 4023 1464 4103 aliqui
1514 4040 1788 4086 curare.
1850 4024 2200 4087 Intellexit
2252 4024 2465 4086 etiam
2516 4022 2995 4103 significatum

523 4127 741 4191 fuisse
769 4129 1214 4209 Principibus
1242 4129 1431 4209 quod
1458 4130 1541 4194 N.
1573 4130 1663 4193 ad
1685 4130 2272 4209 gubernationem
2297 4132 2591 4194 idoneus
2614 4148 2756 4193 non
2779 4138 2988 4208 esset,

525 4245 594 4297 et
623 4236 913 4299 timebat
943 4255 1030 4299 ne
1060 4237 1421 4300 videretur
1452 4255 1495 4300 a
1527 4236 1949 4318 quibusdam
1978 4237 2382 4300 nominatus
2412 4248 2488 4300 ut
2518 4237 2610 4300 ad
2640 4238 2836 4317 ipsos
2857 4236 2993 4299 hac

525 4342 801 4405 ratione
843 4343 1268 4421 gubernatio
1321 4343 1622 4423 rediret;
1675 4353 1744 4407 et
1787 4344 1923 4407 hoc
1961 4344 2174 4407 etiam
2213 4363 2253 4406 a
2305 4344 2649 4407 Michaele
2699 4343 2991 4423 Gomez,

526 4447 709 4511 sicut
739 4461 808 4511 et
838 4458 1155 4528 caetera,
1184 4450 1589 4529 profectum
1626 4460 1803 4514 erat.
1838 4450 2212 4514 Allocutus
2255 4459 2363 4514 est
2400 4451 2687 4514 tandem
2725 4449 2998 4529 Regem

526 4556 678 4636 ipse
707 4556 782 4618 P.
810 4555 1219 4620 Ludovicus
1243 4557 1600 4621 Gonzalez
1629 4566 1699 4620 et
1729 4558 1990 4637 omnia,
2028 4575 2209 4638 quae
2249 4558 2555 4638 oportuit
2595 4556 2686 4620 ad
2733 4557 2991 4621 calum-

524 4662 686 4725 nias
714 4663 1117 4743 diluendas,
1154 4665 1361 4743 dixit;
1396 4674 1465 4728 et
1504 4675 1741 4728 tamen
1782 4682 1858 4728 se
1903 4665 2132 4728 adhuc
2172 4663 2742 4728 informationem
2779 4662 2995 4743 majo-
