3679 5414
1635 408 1775 511 'Axss
1821 451 1955 511 1551
2917 452 3030 512 335

547 597 1023 676 auctoritatiS,
1057 616 1219 662 cum
1248 616 1339 661 ex
1376 598 1733 662 exercitiis
1761 599 2012 679 plenus
2053 597 2303 679 spiritu
2341 614 2672 677 egressus
2701 607 2920 678 esset,
2952 599 3026 662 in

551 704 946 768 cathedrali
985 703 1291 785 quadam
1319 705 1619 768 ecclesia
1650 706 2111 768 concionator
2126 694 2506 784 admissuS,
2533 704 2606 768 in
2625 705 3026 768 auditorum

557 828 897 891 magnum
926 811 1265 889 fructum,
1301 829 1554 891 quaea
1583 810 1891 874 Domino
1920 812 1993 874 in
2024 810 2382 874 exercitiis
2411 820 2809 891 acceperat,
2844 810 3024 874 refu-

549 919 681 982 dit.
713 917 919 981 Alius
959 918 1173 981 etiam
1213 916 1526 998 ejusdem
1564 917 1832 981 ordinis
1872 936 1914 980 a
1958 918 2473 999 quinquaginta
2509 919 2728 982 leucis
2766 928 2835 982 et
2884 937 3027 981 am·

559 1025 741 1105 plius
771 1033 847 1087 ut
875 1024 1141 1088 nostris
1169 1025 1619 1088 confiteretur
1648 1026 1881 1104 venit,
1915 1034 1984 1088 et
2012 1043 2174 1088 cum
2210 1026 2408 1105 prius
2437 1042 2579 1088 non
2602 1024 2805 1105 juxta
2836 1025 3026 1090 insti-

558 1132 691 1194 tuti
720 1131 831 1195 sui
860 1131 1210 1195 rationem
1233 1132 1671 1212 procederet,
1707 1132 1956 1212 paucis
1983 1131 2230 1205 diebus
2260 1150 2336 1194 se
2368 1131 2553 1212 apud
2582 1140 2868 1196 nostros
2890 1133 3027 1195 col-

558 1239 788 1318 ligens
838 1256 922 1301 ac
971 1238 1348 1319 proficiens
1399 1238 1490 1302 ad
1540 1256 1746 1302 suum
1797 1240 2307 1302 monasterium
2355 1239 2584 1302 rediit.
2638 1239 2745 1302 Ex
2785 1240 3031 1303 ordine

557 1345 775 1408 etiam
804 1345 1350 1408 Trinitariorum
1388 1345 1461 1408 in
1504 1346 1771 1409 eisdem
1810 1346 2066 1427 aliquis
2103 1346 2422 1426 profecit.
2471 1345 2775 1425 Quidam
2815 1346 3030 1410 etiam

558 1451 971 1515 'monasterii
998 1451 1109 1514 D.
1157 1452 1572 1532 Hieronymi
1608 1451 1835 1532 Prior,
1881 1453 2000 1533 qui
2040 1470 2081 1514 a
2111 1453 2188 1516 P.
2236 1452 2622 1516 Francisco
2661 1453 2925 1533 Borgia
2957 1454 3031 1517 in

553 1558 965 1622 eremitorio
1011 1558 1478 1638 Magdalenae
1525 1559 1867 1622 exercitia
1911 1568 2307 1640 acceperat,
2351 1558 2800 1639 Complutum
2835 1561 3032 1625 venit

558 1674 637 1728 ut
668 1666 974 1746 aliquem
1026 1665 1395 1745 obtineret,
1431 1665 1549 1744 qui
1580 1665 1651 1728 in
1684 1683 1812 1728 suo
1845 1666 2276 1740 monasterio
2317 1666 2638 1729 omnibus
2680 1666 3032 1746 religiosis

552 1772 904 1835 exercitia
936 1772 1274 1835 traderet.

678 1878 820 1942 346.
908 1878 986 1941 In
1023 1879 1341 1943 consiliis
1379 1879 1594 1943 etiam
1632 1889 1700 1943 et
1740 1879 2212 1943 familiaribus
2265 1880 2654 1961 colloquiis,
2681 1879 2756 1943 P.
2813 1880 3031 1945 Villa-

560 2003 751 2048 nova
774 1986 1014 2049 utilem
1036 1988 1273 2050 multis
1296 2002 1588 2066 operam
1610 1988 2041 2067 praestabat.
2069 1988 2148 2051 In
2171 1987 2734 2067 confessionibus
2758 2004 3029 2067 eorum,

560 2094 684 2172 qui
713 2093 985 2171 crebr0,
1019 2102 1096 2156 ut
1125 2093 1426 2173 singulis
1453 2093 1942 2173 hebdomadiS,
1977 2093 2068 2156 ad
2097 2093 2232 2157 hoc
2261 2093 2802 2159 Sacramentum
2832 2112 3028 2158 acce·

555 2200 823 2269 debant
872 2209 942 2263 et
989 2198 1496 2275 Sanctissimae
1547 2199 2066 2279 Eucharistiae,
2121 2208 2189 2263 et
2230 2202 2301 2263 in
2337 2200 2495 2263 aliis
2533 2200 2767 2278 etiam,
2801 2201 2922 2280 qui
2960 2202 3034 2264 in

564 2306 766 2370 festis
794 2307 1198 2387 praecipuis
1235 2307 1306 2370 id
1335 2307 1566 2386 ipsum
1597 2307 2041 2388 prestabant,
2082 2324 2225 2370 non
2263 2307 2726 2387 poenitendus
2765 2307 3036 2370 fructus

561 2414 1014 2495 sequebatur.
1050 2413 1281 2477 Noctu
1320 2414 1509 2476 enim
1548 2414 1837 2493 diuque,
1883 2413 2097 2478 etiam
2136 2431 2298 2477 cum
2336 2415 2571 2494 aliquo
2613 2415 3035 2478 detrimento

559 2521 963 2584 «studiorum
984 2570 999 2599 ,
1034 2520 1196 2584 licet
1225 2520 1767 2583 advenientibus
1799 2521 2213 2595 satisfacere
2244 2521 2580 2600 studeret,
2615 2522 2817 2584 multi
2839 2540 2915 2585 re
2936 2522 3033 2584 in-

565 2628 751 2691 fecta
781 2627 1261 2706 discedebant,
1295 2645 1426 2690 nec
1455 2628 1666 2707 pauci
1695 2637 1855 2707 post
1885 2629 2202 2707 Paschae
2230 2628 2486 2691 festum
2518 2628 3035 2693 confessionem

561 2737 654 2799 ob
685 2736 756 2798 id
786 2736 1207 2799 distulerunt
1241 2734 1280 2799 ¹.
1653 2801 1656 2804 ,
2144 2757 2147 2760 “

683 2842 827 2905 347.
914 2842 1131 2905 Venit
1162 2842 1614 2924 Complutum
1641 2844 1955 2927 Joannes
1984 2841 2071 2905 de
2101 2842 2393 2922 Borgia,
2427 2844 2546 2922 qui
2577 2844 2875 2906 multum
2921 2862 3032 2908 ae·

561 2949 991 3013 dificationis
1031 2958 1100 3012 et
1139 2950 1401 3013 nostris
1453 2959 1522 3012 et
1560 2949 1877 3012 externis
1916 2947 2107 3012 dedit
2146 2951 2471 3029 exemplo
2510 2950 2797 3038 virtutis
2837 2968 3032 3028 suae;

559 3074 729 3120 cum
759 3075 843 3120 eo
874 3057 1089 3121 etiam
1117 3057 1460 3137 Magister
1489 3058 1907 3121 Emmanuel
1931 3057 2017 3120 de
2039 3055 2179 3119 Saa
2202 3065 2580 3137 pergratus
2604 3059 3032 3137 compluten-

566 3163 762 3226 sibus
793 3163 1116 3226 accessit.
1153 3162 1408 3227 Comes
1437 3164 1651 3227 etiam
1681 3163 2089 3242 melitensis,
2122 3181 2285 3226 cum
2305 3163 2414 3225 bis
2438 3163 2885 3244 Complutum
2916 3182 3031 3227 ve-

563 3270 810 3349 nisset,
846 3270 918 3333 in
948 3271 1265 3350 Collegio
1301 3280 1547 3334 nostro
1580 3279 1649 3333 et
1676 3288 1821 3333 non
1861 3270 2026 3333 alibi
2064 3270 2445 3350 hospitium
2481 3270 2744 3333 habere
2782 3271 3028 3349 voluit,

559 3387 634 3440 et
665 3376 815 3457 ejus
844 3379 1177 3441 voluntas
1206 3395 1382 3458 erga
1410 3377 1839 3441 Societatem
1872 3377 2118 3458 (quam
2148 3394 2366 3458 opera
2396 3378 3032 3458 consequebantur)

561 3484 759 3547 velut
796 3484 1004 3548 unius
1043 3497 1132 3547 ex
1160 3484 1488 3548 Patribus
1528 3484 1844 3565 ejusdem
1882 3482 2255 3548 Societatis
2295 3483 2688 3548 videbatur.
2732 3485 3041 3549 Viderat-

561 3590 713 3671 ipse
743 3590 1308 3678 designationem
1335 3592 1608 3672 templi,
1643 3590 1829 3673 quod
1869 3592 2093 3655 nostri
2141 3591 2415 3673 erigere
2458 3592 2811 3672 Compluti
2844 3593 3029 3656 vole·

565 3697 758 3777 bant,
792 3708 861 3761 et
889 3716 1032 3762 non
1061 3698 1161 3761 illi
1187 3700 1574 3780 placuerat,
1608 3697 1733 3761 sed
1774 3699 2260 3778 augustiorem
2291 3700 2660 3780 magisque
2690 3717 3034 3782 capacem

562 3805 939 3868 ecclesiam
968 3806 1365 3869 faciendam
1405 3823 1561 3869 esse
1601 3807 1907 3885 censuit,
1953 3815 2021 3869 et
2059 3806 2246 3887 quod
2282 3806 2479 3885 prius
2518 3807 2719 3885 quasi
2757 3815 3033 3890 secreto

560 3913 937 3989 obtulerat,
971 3913 1342 3977 manifeste
1366 3912 1515 3993 jam
1543 3912 1974 3993 significavit
2003 3913 2184 3975 velle
2214 3930 2291 3975 se
2322 3913 2470 3976 suis
2499 3915 2893 3994 sumptibus
2925 3931 3032 3994 ec-

487 4018 492 4023 ’
566 4019 857 4082 clesiam
908 4020 1314 4099 aedificare,
1360 4030 1429 4083 et
1467 4020 2025 4100 chirographum
2062 4036 2193 4082 sua
2232 4029 2300 4082 et
2338 4020 2582 4083 uxoris
2622 4038 2835 4083 manu
2878 4022 3033 4104 sub·

561 4126 911 4205 scriptum
937 4126 1014 4190 P.
1048 4126 1434 4190 Francisco
1464 4126 1850 4203 Villanova
1880 4125 2108 4205 dedit,
2142 4143 2282 4206 quo
2314 4125 2580 4190 reditus
2611 4145 2886 4191 annuos
2917 4145 3034 4190 cu·

647 4404 664 4435 ¹
721 4403 911 4458 Ignatii
933 4408 1173 4458 patentes
1194 4404 1404 4448 litterae
1420 4437 1430 4455 ,
1453 4404 1637 4458 quibus
1656 4403 1938 4447 Francisco
1959 4404 2020 4447 de
2044 4402 2327 4447 villanova
2348 4409 2400 4445 et
2422 4402 2805 4446 bacchalaureo
2826 4402 3034 4447 Emma-

563 4475 704 4519 nueli
723 4474 893 4530 Lopez
914 4480 1228 4529 potestatem
1257 4475 1438 4519 tribuit
1460 4475 1805 4519 confessiones
1824 4474 2064 4518 audiendi
2087 4480 2138 4517 et
2160 4473 2438 4517 facultates
2458 4484 2548 4516 seu
2568 4473 2847 4527 privilegia
2868 4473 3036 4518 Socie-

563 4547 666 4591 tati
688 4558 719 4589 a
740 4546 875 4598 Julio
897 4545 970 4590 111
991 4558 1233 4590 concessa
1254 4547 1328 4590 eis
1349 4547 1708 4599 communicat,
1731 4552 1785 4590 ut
1808 4546 1870 4589 ils
1891 4546 1967 4589 uti
1986 4544 2182 4599 possint
2205 4546 2364 4589 donec
2388 4544 2715 4598 Complutum
2738 4545 3039 4594 Provincia·

564 4619 630 4664 lis
652 4618 823 4662 Araoz
845 4619 1092 4663 adveniat
1111 4626 1202 4662 aut
1233 4618 1348 4663 Dux
1370 4618 1603 4663 Gandiae
1621 4653 1631 4672 ,
1653 4630 1869 4673 quorum
1900 4617 2091 4672 JudIcio
2123 4617 2262 4660 circa
2292 4616 2685 4671 privilegiorum
2714 4627 2863 4661 usum
2891 4623 3037 4661 utare

562 4689 967 4743 complutenses
987 4691 1262 4745 debebunt,
1288 4693 1306 4735 l
1328 4691 1580 4746 januarii.
