3679 5414
1558 428 1685 487 ΑΝ.
1734 428 1874 486 1550
2864 427 2941 485 -19

464 572 886 652 accepisset,
928 571 1170 652 Tybur
1209 580 1686 652 pervenerunt
1723 573 2000 636 litterae
2041 574 2498 653 Apostolicae
2536 582 2940 636 nostrorum

473 678 1028 760 privilegiorum,
1064 678 1151 741 de
1183 679 1432 758 quibus
1461 681 1674 759 paulo
1706 689 1869 742 ante
1902 679 2234 742 diximus.
2269 678 2365 742 Iis
2393 680 2610 759 igitur
2641 680 2939 743 auctori-

468 795 621 849 tate
651 783 854 849 Sedis
882 784 1340 865 Apostolicae
1370 804 1575 849 usum
1597 796 2002 849 nostrorum
2025 787 2558 867 privilegiorum
2579 805 2788 867 posse
2811 804 2942 850 nos

476 892 745 973 Tyburi
774 910 1109 954 exercere
1141 892 1584 956 declaratum
1610 893 1763 971 fuit3
1812 910 1994 972 quae
2035 911 2151 955 res
2190 892 2400 982 finem
2438 894 2781 964 molestiis
2821 894 2942 956 im·

469 999 734 1079 posuit.
768 998 1125 1062 Confluxit
1156 1009 1393 1062 autem
1424 1016 1684 1078 magna
1716 999 2079 1062 hominum
2109 999 2501 1079 multitudo;
2535 1009 2605 1064 et
2628 1002 2688 1063 si
2711 1002 2947 1081 plures

478 1125 572 1168 ex
600 1106 861 1169 nostris
891 1105 1344 1170 confessariis
1374 1107 1468 1168 ibi
1496 1106 1816 1186 fuissent,
1851 1106 2070 1170 totius
2101 1108 2608 1187 propemodum
2640 1108 2948 1171 civitatis

476 1213 967 1276 confessiones
1013 1213 1491 1292 audivissent3
1543 1213 1826 1293 plurimi
1876 1213 2063 1276 enim
2115 1213 2205 1277 ad
2254 1224 2572 1277 nostrum
2614 1216 2951 1295 templum

488 1320 956 1383 consessionis
985 1322 1221 1400 gratia
1252 1330 1739 1398 accesserunt,
1775 1338 1871 1383 ex·
1899 1321 2148 1401 quibus
2178 1340 2321 1384 non
2347 1322 2558 1401 pauci
2589 1331 2859 1402 septem
2881 1331 2949 1385 et

482 1436 644 1490 octo
676 1428 883 1490 annis
920 1444 1064 1489 non
1094 1437 1297 1489 erant
1327 1427 1663 1506 confessi,
1708 1444 1837 1489 nec
1869 1422 2309 1507 propositum
2337 1427 2713 1490 confitendi
2742 1429 2950 1491 habe-

484 1535 654 1596 bant
686 1534 912 1596 donec
941 1551 1067 1613 per
1096 1532 1173 1596 P.
1204 1533 1622 1596 Michaelem
1645 1550 1893 1596 eorum
1916 1534 2135 1596 corda
2157 1533 2504 1597 Dominus
2528 1535 2777 1614 tetigit.
2809 1534 2952 1598 Alii

485 1641 731 1718 etiam,
766 1640 886 1719 qui
922 1651 1220 1720 peccata
1260 1639 1569 1702 confessi
1608 1640 1892 1720 quidem
1929 1640 2240 1720 fuerant,
2285 1642 2410 1704 sed
2450 1642 2638 1722 quod
2677 1643 2951 1705 satisfa-

482 1757 680 1810 ctum
733 1746 906 1827 ipsis
955 1764 1095 1808 non
1143 1746 1391 1809 suisset
1433 1736 1793 1825 dicerent,¹
1834 1747 1925 1809 ad
1956 1747 2281 1809 eumdem
2319 1748 2696 1812 veniebant
2726 1759 2802 1811 ut
2832 1767 2955 1811 eos

483 1853 897 1932 diligentius
947 1853 1396 1916 examinatos
1444 1854 1869 1915 absolveret.
1926 1851 2085 1915 Non
2134 1854 2457 1917 omittam
2496 1865 2733 1918 tamen
2770 1856 2955 1935 quod

487 1977 651 2024 cum
692 1960 1024 2023 Vicarius
1074 1960 1437 2022 molestior
1488 1977 1702 2039 quam
1745 1977 1878 2040 par
1917 1970 2071 2022 erat
2100 1960 2174 2022 P.
2225 1960 2554 2024 Michaeli
2595 1961 2957 2035 videretur

488 2068 641 2147 (qui
675 2068 746 2130 in
773 2067 1026 2130 febrim
1056 2067 1431 2144 inciderat)
1457 2075 1527 2128 et
1558 2067 1954 2130 acrioribus
1984 2067 2251 2143 verbiS,
2285 2086 2467 2147 quae
2490 2069 2722 2147 magis
2744 2085 2957 2149 quam

490 2174 847 2237 submissa
886 2173 974 2236 ad
1027 2173 1581 2252 compescendas
1630 2173 1905 2235 Vicarii
1945 2174 2306 2237 molestias
2337 2173 2703 2254 juverunt,
2746 2193 2788 2236 a
2832 2174 2955 2237 Mi-

491 2282 737 2344 chaele
784 2280 1032 2342 fuisset
1072 2297 1472 2360 repressuS,
1519 2279 1973 2342 nihilominus
2017 2280 2092 2342 P.
2146 2281 2466 2358 Ignatius
2490 2282 2956 2362 reprehendit

491 2387 911 2450 Michaelem
951 2395 1019 2449 et
1060 2397 1135 2449 ut
1166 2382 1584 2467 submissius
1624 2396 1872 2463 ageret
1912 2387 2374 2450 commonuit:
2410 2388 2522 2450 ille
2564 2398 2832 2468 autem,
2869 2388 2959 2451 ad

492 2494 822 2575 quamvis
860 2493 1420 2556 satisfactionem
1460 2510 1535 2555 se
1568 2501 1900 2572 paratum
1931 2493 2301 2574 exhibens,
2345 2496 2455 2557 sui
2483 2503 2720 2558 tamen
2750 2495 2958 2558 ratio-

492 2619 658 2664 nem
695 2598 999 2663 reddidit
1033 2599 1072 2662 ¹.

614 2706 714 2771 35.
804 2706 1134 2771 Scholam
1159 2707 1435 2787 aperire
1458 2706 1683 2770 nostri
1706 2707 1795 2770 ad
1820 2706 2131 2770 civitatis
2153 2707 2525 2772 utilitatem
2548 2720 2956 2790 coeperunt,

488 2825 565 2878 et
590 2814 737 2877 fere
761 2814 1212 2908 septuaginta
1234 2815 1433 2894 pueri
1456 2814 1546 2877 ad
1570 2815 1909 2893 templum
1935 2823 2258 2877 nostrum
2282 2824 2487 2878 extra
2504 2832 2745 2879 muros
2768 2817 2962 2879 urbis

496 2921 911 2999 veniebant,
945 2931 1014 2983 et
1053 2939 1143 2984 ex
1172 2921 1274 2983 eis
1316 2921 1608 2999 triginta
1649 2929 1909 2983 octavo
1951 2938 2227 3000 quoque
2268 2922 2380 2985 die
2420 2923 2960 3003 confitebantur,

492 3027 621 3107 qui
658 3045 787 3090 sua
823 3027 1129 3108 puritate
1170 3030 1467 3090 multum
1509 3027 2017 3089 consolationis
2048 3026 2122 3091 Ρ.
2165 3027 2493 3091 Michaeli
2524 3029 2960 3096 adferebant.

502 3133 641 3197 Sed
692 3134 777 3196 de
826 3133 1321 3196 transferenda
1372 3133 1617 3196 schola
1658 3134 1844 3196 intra
1896 3134 2141 3197 urbem
2181 3135 2376 3197 cives
2419 3136 2817 3216 Tyburtini,
2872 3137 2964 3200 ad

504 3241 804 3304 filiorum
850 3256 1137 3302 suorum
1181 3240 1786 3315 commoditatem,
1833 3241 2172 3320 agebant,
2218 3250 2286 3303 et
2329 3241 2707 3322 quamdam
2745 3244 2961 3306 eccle·

506 3348 687 3409 siam
711 3346 782 3409 in
805 3347 1035 3409 medio
1059 3346 1253 3409 urbis
1271 3347 1575 3427 positam
1599 3345 2008 3409 offerebant.
2036 3347 2197 3410 Fuit
2210 3357 2279 3410 et
2293 3346 2601 3411 foemina
2617 3350 2966 3430 quaedam

506 3472 600 3518 ex
628 3455 977 3517 honorata
1006 3452 1272 3516 familia
1302 3463 1370 3515 et
1402 3471 1492 3515 ex
1515 3454 1723 3516 tertio
1754 3454 1997 3516 ordine
2028 3452 2195 3516 Divi
2217 3454 2275 3517 F
2278 3455 2582 3518 rancisci
2605 3457 2970 3541 religiosa,

509 3579 689 3641 quae
727 3560 1013 3623 hortum
1050 3558 1425 3640 quemdam
1465 3560 1647 3622 intra
1688 3560 2049 3623 civitatem
2086 3561 2313 3640 ipsam
2351 3579 2513 3625 cum
2543 3562 2967 3630 domuncula

505 3667 845 3731 Societati
883 3666 1195 3728 donavit.
1241 3666 1461 3729 Lucia
1494 3665 1802 3745 Cynthia
1838 3666 2227 3730 dicebatur.
2268 3667 2571 3746 Quidam
2600 3667 2805 3748 huJus
2833 3670 2965 3733 Lu-

510 3777 663 3838 ciae
693 3791 913 3854 nepos
940 3773 1216 3836 rixatus
1248 3789 1408 3835 cum
1440 3773 1594 3834 aliis
1627 3771 1887 3851 fuerat,
1923 3782 1990 3835 et
2029 3772 2179 3853 eJus
2219 3776 2725 3854 consanguinei
2763 3786 2969 3840 extra

510 3881 874 3943 civitatem
899 3897 1061 3943 eum
1091 3878 1467 3942 extrudere
1497 3880 1854 3959 volenteS,
1891 3880 1982 3942 ad
2013 3878 2086 3943 Ρ.
2120 3880 2537 3945 Michaelem
2566 3899 2727 3945 eum
2755 3884 2968 3947 addu-

511 3996 798 4066 xerunt,
856 3998 922 4050 et
978 3997 1054 4049 ut
1097 4003 1257 4048 eum
1305 3995 1721 4049 convertere
1767 3987 2108 4049 niteretur
2156 3996 2538 4067 rogarunt;
2572 3981 2642 4052 et
2675 3997 2753 4053 ut
2782 3988 2973 4054 domi

510 4113 675 4158 eum
711 4095 1045 4157 retineret
1083 4091 1308 4155 donec
1351 4094 1690 4155 tumultus
1731 4093 2309 4156 adversariorum
2357 4096 2798 4165 sedarentur.
2837 4097 2973 4161 Ac-

510 4201 780 4282 quievit
807 4201 1110 4264 Michael
1148 4209 1218 4262 et
1256 4217 1382 4279 per
1421 4199 1762 4261 exercitia
1805 4200 2202 4279 spiritualia
2241 4219 2401 4265 eum
2431 4201 2684 4282 juvare
2720 4206 2974 4272 consti-

513 4309 677 4386 tuit;
709 4315 778 4370 et
803 4307 1051 4387 paucis
1082 4306 1326 4368 diebus
1357 4306 1429 4367 in
1474 4306 1689 4367 alium
1732 4306 2084 4368 hominem
2123 4307 2225 4369 sic
2267 4318 2576 4373 mutatus
2612 4310 2728 4374 ille
2766 4321 2873 4375 est
2902 4321 2978 4375 ut

598 4515 613 4545 ¹
673 4513 948 4566 Polancus,
984 4523 1049 4554 ex
1084 4512 1483 4563 commissione,
1518 4499 1781 4554 Pontificis
1817 4510 2030 4555 Vicario
2061 4512 2332 4569 Tyburim,
2355 4515 2416 4559 de
2438 4517 2548 4571 ejus
2577 4523 2630 4560 et
2652 4516 2798 4563 Lucii
2821 4519 2980 4563 Croce

515 4585 710 4629 litteris
742 4589 795 4628 et
827 4585 979 4639 hujus
1011 4583 1369 4637 procuratorio
1403 4583 1765 4632 instrumento.
1803 4590 1856 4627 et
1893 4583 2152 4638 Iguuium
2186 4587 2335 4638 nolle,
2371 4598 2433 4631 ne
2455 4586 2669 4632 Vlcarlo
2700 4599 2903 4645 noceat,
2926 4601 2980 4635 ur

519 4655 711 4700 Romae
734 4656 863 4709 quoi
880 4656 924 4700 is
943 4655 1123 4699 scribit
1147 4666 1178 4698 a
1199 4665 1454 4709 quoquam
1474 4654 1728 4706 videatur,
1749 4656 1776 4696 3
1796 4654 1936 4702 Mali.
