3679 5414
745 483 858 543 610
1663 484 1918 546 Cnnox.
1960 483 2118 547 Soc.
2158 486 2299 561 Jsss.

748 640 988 694 autem
1027 648 1111 693 eo
1150 640 1401 693 sancto
1439 641 1757 713 tempore
1798 633 2061 714 partim
2098 632 2170 696 in
2210 632 2574 696 tradendis
2610 616 2969 696 exercitiis
3009 635 3225 715 spiri-—

747 738 1076 817 tualibuS,
1111 738 1364 819 quibus
1395 739 1612 820 aliqui
1639 757 1782 803 non
1822 741 2124 820 exiguae
2166 740 2611 804 auctoritatis
2647 741 2970 804 homines
3011 758 3211 806 exer-

747 845 1114 924 cebantur,
1146 845 1406 926 partim
1435 846 1508 909 in
1552 846 2115 911 confessionibus
2153 857 2338 911 esset
2376 848 2585 910 valde
2624 856 3046 928 occupatuS,
3090 867 3211 914 ex-

745 953 1024 1016 cusavit
1062 970 1140 1016 se
1187 951 1459 1016 Doctor
1497 954 1759 1018 Torres
1797 972 1841 1016 a
1878 955 2264 1033 veniendo;
2308 955 2434 1018 sed
2472 954 2902 1034 significavit
2943 954 3205 1020 Princi-

742 1060 979 1140 pissae
1010 1058 1167 1123 D.ae
1205 1059 1529 1141 Joannae
1568 1062 1757 1141 quod
1792 1071 2072 1143 poterat
2110 1062 2261 1125 sine
2304 1061 2726 1125 detrimento
2755 1063 3207 1141 negotiorum

743 1165 822 1229 P.
857 1165 1288 1230 Franciscus
1317 1167 1575 1231 ibidem
1605 1186 1929 1249 manere;
1963 1178 2032 1232 et
2063 1169 2162 1232 ita
2192 1186 2416 1249 usque
2448 1169 2539 1232 ad
2577 1169 2979 1247 sabbatum,
3022 1188 3216 1251 quae

741 1274 989 1353 vigilia
1017 1273 1328 1355 paschae
1356 1273 1517 1351 fuit,
1553 1275 1809 1338 ibidem
1833 1275 2096 1339 mansit
2125 1293 2286 1338 cum
2307 1275 2540 1338 fructu
2564 1293 2856 1356 prorsus
2880 1294 3021 1341 non
3042 1294 3198 1357 poe-

739 1380 1048 1444 nitend0.
1084 1380 1329 1444 Voluit
1359 1382 1546 1445 enim
1575 1381 2045 1446 Serenissima
2086 1381 2521 1463 Principissa
2564 1384 2873 1463 quotidie
2910 1402 3072 1447 eum
3110 1384 3213 1446 ad'

737 1506 814 1550 se
844 1488 1188 1551 accedere
1219 1497 1288 1551 et
1318 1488 1495 1552 duas
1522 1489 1740 1552 horas
1776 1507 1984 1553 mane
2029 1500 2097 1554 et
2137 1490 2429 1553 totidem
2474 1510 2516 1553 a
2552 1491 2851 1570 prandio
2890 1491 2962 1554 in
3000 1493 3217 1572 spiri·-

736 1596 1045 1658 tualibus
1076 1596 1446 1677 colloquiis
1475 1613 1635 1659 cum
1667 1614 1751 1659 eo
1784 1598 2253 1677 consumpsit,
2288 1607 2357 1661 et
2395 1607 2767 1678 postquam
2801 1615 2963 1661 cum
3003 1617 3087 1662 ea
3129 1609 3198 1663 et

734 1703 1083 1766 nobilibus
1118 1703 1274 1767 aliis
1303 1702 1629 1766 foeminis
1659 1721 1744 1766 ac
1771 1704 2096 1784 personis
2137 1706 2415 1767 locutus
2458 1714 2595 1784 est,
2629 1706 2891 1768 multae
2936 1723 3024 1769 ex
3063 1706 3220 1770 illis.

737 1809 827 1873 ad
861 1811 1155 1873 consilia
1193 1810 1498 1891 petenda
1537 1820 1606 1874 et
1642 1829 1759 1890 ea,
1803 1828 1985 1892 quae
2024 1810 2114 1874 ad
2156 1829 2324 1874 suas
2356 1812 2846 1875 consciencias
2891 1813 3188 1893 pertine·

731 1917 884 1996 bat,
919 1918 1539 1998 communicanda,
1573 1917 1664 1981 ad
1696 1919 1926 1998 ipsum
1955 1919 2420 1997 accedebant;
2454 1928 2523 1982 et
2552 1920 2687 1982 nisi
2716 1919 2958 1983 divina
2995 1920 3211 1984 boni-⁴

733 2034 844 2087 tas
875 2024 1215 2105 dedisset,
1257 2026 1382 2088 vix
1413 2026 1504 2088 ad
1534 2034 1810 2088 tantum
1838 2026 2154 2089 laborem
2183 2026 2376 2089 vires
2417 2026 2733 2089 sufficere
2771 2027 3183 2106 potuissent.

697 2130 928 2210 ‘Quae
971 2141 1207 2195 autem
1247 2133 1604 2195 tractabat
1646 2149 1807 2195 cum
1854 2131 2322 2196 Serenissima
2360 2132 2794 2212 Principissa
2830 2133 2962 2197 fuit
3004 2135 3209 2197 ratio-

728 2239 1080 2319 quaedam
1121 2240 1362 2303 brevis
1403 2239 1973 2303 meditandorum
2016 2241 2520 2321 mysteriorum
2558 2242 2751 2304 vitae
2793 2259 2878 2303 ac
2918 2240 3187 2305 Passio·

725 2347 837 2409 nis
868 2345 1132 2410 Christi
1159 2365 1288 2427 per
1327 2347 1967 2411 dieshebdomadae
2007 2346 2270 2426 divisa;
2311 2357 2378 2411 et
2422 2348 2598 2410 satis
2639 2364 2979 2427 magnum
3012 2349 3188 2412 indi-

726 2453 917 2516 cium
947 2464 1101 2517 erat
1129 2453 1491 2534 profectus
1521 2454 1943 2533 sollicitud0,
1979 2471 2120 2535 qua
2148 2453 2224 2516 Ρ.
2261 2453 2724 2517 Franciscum
2767 2455 2923 2535 ipsa
2965 2456 3183 2536 quoti·

726 2559 840 2622 die
871 2561 1307 2637 accersebat,
1342 2570 1410 2624 et
1440 2560 1723 2641 quidem
1751 2579 1834 2624 eo
1866 2570 2184 2642 tempore
2221 2570 2297 2624 ut
2328 2578 2609 2641 semper
2647 2562 2828 2625 duae
2868 2563 3209 2642 integrae

728 2666 947 2731 horae
998 2666 1090 2731 ad
1133 2668 1480 2749 colloquia
1530 2669 1687 2732 illas
1739 2669 2098 2750 piritualia
2143 2669 2740 2750 relinquerentur;
2794 2668 3184 2734 affirmabat

725 2784 965 2838 autem
1009 2792 1084 2838 se
1124 2776 1306 2838 velle
1344 2774 1748 2857 frequenter
1790 2776 1882 2839 ad
1922 2777 2387 2840 confessionis
2424 2787 2951 2856 sacramentum
2987 2795 3183 2841 acce-

722 2882 922 2960 dere,
969 2891 1037 2945 et
1085 2883 1267 2946 idem
1317 2884 1758 2964 propositum
1800 2885 2063 2948 multae
2106 2902 2196 2948 ex
2236 2884 2589 2947 nobilibus
2632 2883 2986 2963 foeminiS,
3034 2883 3207 2963 ejus.

721 2989 1163 3069 domesticiS,
1218 3008 1392 3070 prae
1450 3008 1526 3053 se
1577 2990 1923 3054 ferebant.
1977 2990 2154 3054 Cum
2214 2999 2449 3054 autem
2499 2992 2683 3054 inter
2741 3002 3026 3054 caetera
3082 2992 3181 3054 di-

719 3098 942 3160 xisset
994 3096 1069 3160 P.
1129 3097 1555 3161 Franciscus
1605 3098 2079 3179 perniciosam
2138 3115 2292 3161 esse
2342 3098 2786 3178 quorundam
2839 3098 3178 3162 librorum

717 3204 1182 3283 profanorum
1237 3205 1644 3283 lectionem,
1699 3205 1950 3286 quibus
2001 3205 2523 3272 commentitiae
2572 3204 2911 3267 historiae
2962 3206 3199 3268 conti-⁷

717 3311 1090 3390 nebantur,
1126 3329 1426 3391 quorum
1454 3311 1786 3392 frequens
1814 3312 2197 3376 admodum
2227 3329 2398 3374 usus
2427 3312 2499 3375 in
2540 3311 2656 3374 illo
2692 3311 2958 3391 palatio
3002 3321 3197 3392 erat,

719 3435 965 3481 omnes
987 3416 1388 3498 hujusmodi
1411 3419 1651 3498 libros,
1679 3428 2023 3500 quotquot
2047 3420 2235 3500 apud
2257 3419 2484 3499 ipsam
2510 3427 2735 3497 erant,
2763 3418 2853 3482 ad
2869 3418 2945 3482 Ρ.
2963 3418 3021 3481 F
3022 3436 3175 3482 ran·

717 3529 987 3589 ciscum
1037 3526 1262 3605 misit,
1311 3528 1635 3607 quamvis
1674 3545 1818 3591 non
1861 3544 2114 3607 parum
2153 3526 2256 3589 eis
2295 3526 2604 3606 compati
2644 3523 2862 3606 aliqui
2909 3526 3205 3589 nobiles-

718 3635 1126 3698 saeculares
1174 3634 1632 3714 videbantur,
1676 3635 1839 3716 quia
1878 3634 2209 3715 permulti
2257 3643 2327 3697 et
2363 3633 2784 3714 perpulchre
2827 3634 3199 3713 compactio

715 3751 946 3804 erant.
980 3739 1367 3822 Postquam
1398 3751 1635 3805 autem
1666 3742 1737 3804 in
1768 3742 2067 3822 singulis
2106 3741 2183 3804 P.
2225 3741 2284 3805 F
2285 3742 2656 3804 ranciscus
2688 3740 2953 3820 aliquot
2981 3740 3180 3820 quin—

716 3857 963 3911 ternos
992 3849 1312 3911 lacerare
1349 3847 1668 3925 fecisset,
1712 3866 1960 3912 omnes
1998 3847 2400 3928 hujusmodi
2432 3848 2649 3911 libros
2689 3847 2781 3911 ad
2824 3847 3176 3910 confessa·

714 3955 899 4018 rium
945 3953 1455 4018 Serenissimae
1497 3954 1972 4036 principissae
2007 3956 2228 4034 misit,
2274 3955 2423 4036 qui,
2471 3972 2631 4018 cum
2674 3972 2887 4034 saepe
2929 3962 3178 4017 contra

712 4065 1088 4126 lectionem
1130 4081 1396 4128 vanam
1433 4062 1834 4143 hujusmodi
1874 4064 2216 4127 librorum
2254 4063 2718 4127 concionatus
2757 4071 2977 4141 esset,
3022 4078 3175 4143 per·

711 4180 999 4249 gratum
1027 4171 1163 4234 hoc
1194 4188 1450 4233 munus
1480 4170 1746 4235 habuit.

831 4276 973 4340 447.
1061 4276 1430 4340 Profectus
1474 4278 1955 4357 tandemipsa
2003 4278 2249 4358 vigilia
2287 4276 2605 4339 Paschae
2643 4275 3194 4356 Salmanticam,.

709 4384 959 4448 eodem
989 4382 1102 4447 die
1133 4384 1224 4448 ad
1253 4401 1413 4448 eam
1453 4384 1811 4449 civitatem
1851 4386 2207 4466 pervenit,
2250 4384 2367 4447 ubi
2409 4382 2595 4464 quod
2631 4383 2980 4464 reliquum
3022 4393 3176 4446 erat

705 4492 972 4554 mensis
1002 4489 1268 4570 Aprilis
1297 4490 1548 4553 haesit.
1582 4491 1929 4555 Intellexit
1957 4491 2143 4555 enim
2172 4509 2287 4554 res
2317 4489 2801 4570 portugalliae
2830 4490 2933 4553 sic
2956 4507 3032 4553 se
3053 4491 3174 4553 ha·

701 4600 869 4661 bere
900 4607 977 4661 ut
999 4597 1145 4678 jam
1177 4597 1327 4677 eJus
1355 4599 1756 4678 praesentia
1780 4599 1986 4679 juxta
2016 4598 2091 4662 Ρ.
2127 4599 2384 4680 Ignatii
2422 4606 2731 4661 mentem
2767 4597 3174 4660 necessaria

701 4721 847 4767 non
878 4713 1086 4767 esset.
1120 4703 1278 4767 Non
1307 4714 1544 4768 tamen
1576 4705 1726 4768 sine
1748 4707 2091 4785 peculiari
2120 4705 2568 4787 providentia
2598 4702 2733 4767 Dei
2755 4703 2892 4767 hoc
2922 4704 3054 4766 iter
3080 4720 3189 4770 ex.
