3679 5414
1630 405 1756 461 ΑΝ.
1804 401 1945 462 1552
2189 423 2198 432 ’
2908 402 3016 461 679

541 553 762 616 etiam
789 552 1138 630 religiosi,
1175 550 1448 614 frustra.
1479 566 1588 611 me
1628 555 2095 628 rogaverunt;
2146 565 2334 611 nunc
2378 562 2613 612 autem
2656 567 2788 630 ego
2826 554 3013 615 ultro

541 676 676 723 vos
699 659 1207 739 exspectabam
1229 666 1303 721 ut
1328 657 1400 721 id
1421 656 1754 734 facerem3
1771 671 1939 717 nam
1964 654 2155 716 dedit
2177 655 2348 717 mihi
2365 655 2711 720 Dominus
2727 675 3014 722 sensum

541 767 732 847 quod
760 766 1205 829 moriendum
1233 765 1404 828 mihi
1434 773 1539 827 est
1569 772 1637 825 et
1665 759 1845 825 haec
1885 761 2121 824 omnia
2161 762 2331 825 nihil
2372 772 2554 826 sunt.
2600 765 2797 828 Haec
2838 784 3013 846 ergo

540 874 792 938 mulier
832 890 995 937 cum
1032 872 1106 936 P.
1158 872 1599 936 Gundisalvo
1639 868 1970 932 confessa
2013 865 2233 949 esset,
2278 871 2616 950 quidquid
2658 872 2772 935 ille
2810 891 3012 953 prae-

539 981 825 1061 scripsit
852 990 1191 1043 exsecuta
1221 989 1348 1043 est.
1377 979 1544 1043 Inde
1576 980 1668 1043 ad
1697 980 1933 1042 locum
1975 982 2221 1055 alium,
2269 982 2387 1060 qui
2423 981 2804 1043 Villanova
2845 980 3008 1043 dici-

538 1097 677 1164 tur,
704 1090 1070 1169 progressi
1099 1098 1284 1167 sunt,
1310 1090 1430 1152 ubi
1458 1107 1579 1152 eos
1601 1093 1903 1172 populus
1935 1091 2397 1171 exspectabat
2428 1101 2519 1164 et,
2548 1089 2639 1152 ad
2661 1089 3010 1168 hospitale

539 1196 1003 1274 divertenteS,
1036 1196 1304 1275 gallum
1335 1197 1691 1260 hominem
1720 1199 2098 1279 quemdam
2127 1197 2338 1261 morti
2383 1198 2697 1259 vicinum
2736 1213 2827 1258 ex
2865 1196 3011 1259 ictu

540 1303 843 1382 exiguae
873 1302 1338 1382 bombardae,
1385 1321 1565 1383 quae
1597 1305 1896 1368 alterum
1941 1323 2031 1368 ex
2071 1305 2397 1368 cruribus
2438 1306 2773 1381 laeserat,
2817 1303 3010 1366 inve-

537 1421 812 1473 nerunt.
849 1409 1116 1490 Captus
1156 1410 1272 1474 hic
1309 1410 1542 1475 fuerat
1581 1412 1764 1482 inter
1808 1413 1988 1475 alios
2024 1414 2328 1493 pirataS,
2373 1423 2441 1474 et
2484 1412 2587 1472 sic
2634 1411 3011 1473 destitutus

530 1515 811 1597 jacebat
862 1527 938 1580 ut
986 1517 1220 1581 nullus
1259 1516 1408 1597 ejus
1458 1520 1810 1582 curationi
1851 1520 2053 1583 daret
2091 1536 2414 1599 operam;
2469 1518 2805 1599 quoniam
2853 1515 3007 1597 ejus

536 1642 701 1688 crus
731 1625 1092 1688 vermibus
1115 1623 1263 1705 jam
1293 1635 1577 1689 scatens
1605 1636 1865 1689 tetrum
1894 1627 2239 1690 foetorem
2270 1626 2685 1707 spargebat,
2735 1634 2809 1687 ut
2851 1641 3008 1704 per·

534 1730 812 1795 difficile
841 1743 1028 1795 esset
1057 1733 1253 1796 illum
1280 1734 1608 1796 tolerare.
1635 1733 1876 1796 Nostri
1905 1742 2143 1797 autem
2173 1734 2522 1813 spirituali
2553 1742 2622 1795 et
2650 1732 3008 1812 corporali

534 1838 684 1918 ejus
714 1840 1062 1902 curationi
1090 1856 1354 1903 vacare
1386 1851 1772 1920 coeperunt
1802 1850 1871 1904 et
1902 1859 1989 1904 ex
2022 1841 2516 1920 eleemosyniS,
2550 1857 2731 1919 quae
2763 1838 3004 1901 offere-

529 1947 785 2010 bantur
815 1948 953 2025 εἰς,
988 1958 1266 2029 partem
1294 1948 1393 2011 illi
1424 1948 1710 2027 dabant;
1742 1949 2111 2012 confessus
2141 1958 2249 2020 est
2280 1957 2578 2028 peccata
2608 1956 2677 2008 et
2722 1946 3004 2026 excepit

531 2055 1060 2118 sanctissimum
1100 2055 1592 2119 Eucharistiae
1635 2066 2165 2120 sacramentum
2208 2064 2310 2132 et,
2359 2072 2521 2116 cum
2560 2053 2803 2116 dolore
2848 2070 3007 2115 sua-

532 2178 688 2224 rum
731 2164 1132 2243 culparum,
1175 2180 1402 2243 aequo
1447 2164 1684 2226 animo
1732 2179 1998 2242 graves
2050 2162 2334 2225 dolores
2385 2161 2612 2224 morbi
2654 2161 3005 2241 patienter

529 2267 831 2348 ferebat;
863 2269 1100 2349 itaque
1137 2269 1389 2350 paucis
1431 2269 1707 2349 diebuS,
1756 2288 1936 2351 quos
1977 2270 2406 2350 supervixit,
2453 2286 2702 2331 curam
2749 2267 3004 2330 habue-

530 2385 694 2439 runt
732 2377 957 2439 nostri
999 2376 1149 2458 ejus
1190 2377 1644 2456 abstergendi
1681 2385 1751 2439 et
1790 2377 2118 2456 curandi,
2164 2388 2239 2439 ut
2290 2376 2553 2456 optime
2598 2381 3001 2454 potuerunt,

527 2500 659 2546 nec
690 2501 874 2562 eum,
907 2483 1134 2546 donec
1162 2483 1556 2564 exspiravit
1576 2482 1978 2547 invocando
2001 2500 2264 2547 nomen
2291 2479 2484 2565 Jesu,
2513 2483 2999 2546 deseruerunt.

529 2590 884 2671 Oppidani
912 2592 1157 2670 etiam,
1193 2608 1356 2654 cum
1385 2591 1708 2655 viderent
1738 2598 2022 2654 nostros
2054 2590 2357 2653 hominis
2390 2591 2576 2653 illius
2607 2599 2754 2652 tam
2793 2606 3000 2670 pecu-

528 2698 780 2761 liarem
806 2716 1054 2762 curam
1081 2716 1364 2779 gerere,
1401 2707 1785 2780 coeperunt
1815 2706 1884 2761 et
1923 2698 2059 2778 ipsi
2098 2698 2457 2762 hominem
2497 2697 2829 2761 invisere.
2867 2696 3003 2761 Ob-

527 2805 846 2867 servavit
876 2814 1113 2869 autem
1141 2806 1396 2887 aliquis
1426 2824 1516 2868 ex
1545 2805 1808 2868 nostris
1849 2804 2038 2885 quod
2079 2806 2151 2868 in
2195 2804 2603 2884 hujusmodi
2644 2806 3001 2885 hospitali·

527 2910 659 2974 bus
703 2921 771 2974 et
812 2911 1293 2976 functionibus
1332 2912 1704 2977 charitatis
1742 2929 2043 2993 magnos
2092 2912 2368 2991 gratiae
2410 2930 2582 2974 suae
2628 2912 3004 2976 thesauros

527 3016 723 3081 Deus
753 3020 1278 3084 communicare
1308 3020 1554 3084 soleat.
1590 3018 1669 3082 In
1697 3019 1834 3081 hoc
1875 3018 2136 3099 oppido
2178 3020 2378 3082 multi
2424 3019 2638 3082 rebus
2674 3020 2999 3099 spiritua·

525 3125 708 3189 libus
730 3144 808 3189 se
825 3125 1196 3204 dedebant,
1223 3136 1291 3190 et
1314 3127 1648 3208 quotidie,
1677 3127 1847 3190 dum
1868 3126 2094 3188 nostri
2120 3126 2213 3188 ibi
2238 3135 2719 3205 versarentur,
2748 3126 3001 3190 horum

524 3250 863 3297 numerus
894 3235 1311 3314 augebatur;
1346 3234 1705 3315 parochus
1733 3234 1973 3314 aliqua
2000 3242 2204 3313 parte
2234 3235 2737 3296 exercitiorum
2766 3236 2998 3297 excul-

525 3346 640 3402 tus
667 3338 800 3404 fuit
828 3349 927 3420 et,
961 3341 1034 3403 in
1066 3341 1212 3404 suis
1243 3340 1816 3404 meditationibus
1846 3356 2346 3419 perseverans,
2384 3340 2689 3403 assiduis
2728 3338 3000 3403 confes-

525 3446 839 3510 sionibus
869 3448 1239 3511 audiendis
1269 3448 1597 3512 vacabat.

641 3552 784 3616 587.
870 3553 1255 3635 Postquam
1292 3555 1389 3618 ibi
1424 3554 1680 3633 viginti
1719 3553 1870 3616 dies
1907 3553 2256 3632 egissent,
2301 3554 2393 3616 ad
2435 3553 2830 3633 civitatem,
2880 3553 2998 3617 ubi

521 3661 726 3724 sedes
757 3662 1188 3726 cathedralis
1215 3660 1366 3742 ejus
1395 3660 1740 3725 dioecesis
1770 3669 1949 3739 erat,
1981 3659 2264 3723 nomine
2294 3658 2534 3740 Sylvis
2568 3659 2609 3740 ¹,
2644 3678 2721 3724 se
2751 3669 2994 3724 contu·

519 3768 782 3847 lerunt,
827 3779 896 3832 et
937 3787 1099 3833 cum
1137 3768 1485 3849 hospitale
1536 3767 1947 3847 elegissent,
1997 3767 2236 3830 omnia
2276 3768 2414 3830 illis
2460 3768 2867 3831 necessaria
2908 3785 2995 3832 eo

518 3875 1000 3939 mittebantur.
1029 3875 1230 3940 Multi
1258 3877 1331 3941 in
1359 3894 1444 3939 ea
1467 3875 1759 3939 civitate
1782 3874 2257 3955 profecerunt,
2286 3884 2375 3955 et,
2404 3875 2558 3938 Deo
2582 3875 2988 3956 adjuvante,

518 3980 790 4046 fructus
818 3984 1007 4063 apud
1037 4001 1162 4047 eos
1192 3983 1607 4063 augebatur.
1639 3980 1819 4046 Cum
1849 3990 2084 4045 autem
2109 3981 2462 4045 dominica
2486 3984 2805 4062 sequenti
2829 4000 2990 4046 con·

517 4090 924 4154 cionaretur
952 4090 1029 4154 P.
1065 4091 1547 4163 Gundisalvus
1582 4090 1657 4153 in
1695 4088 1998 4151 ecclesia
2040 4088 2430 4151 cathedrali
2475 4098 2544 4152 et
2589 4098 2751 4169 post
2788 4094 2992 4155 meri·

516 4197 700 4260 diem
735 4197 825 4261 ad
853 4214 1082 4277 pagos
1110 4198 1407 4278 vicinOS,
1441 4198 1694 4278 quibus
1717 4197 1951 4276 magis
1970 4196 2452 4259 necessariam
2468 4214 2669 4260 suam
2700 4214 2992 4278 operam

516 4304 1049 4384 existimabant,
1087 4304 1443 4385 proficisci
1471 4303 1764 4383 vellent,
1801 4303 2085 4382 rogavit
2114 4303 2498 4382 capitulum
2541 4314 2825 4368 nostros
2863 4324 2989 4386 per

514 4407 1124 4474 Archidiaconum
1173 4421 1249 4474 ut
1302 4412 1568 4492 aliquot
1619 4411 1773 4474 dies
1827 4410 1902 4472 in
1960 4408 2246 4472 civitate
2304 4409 2538 4473 adhuc
2594 4422 2997 4492 manerent,

595 4649 614 4681 ¹
672 4648 972 4695 Lusitanice
998 4650 1203 4706 sylves,
