3679 5414
1641 416 1770 476 An.
1815 417 1952 476 1551
2087 476 2093 487 ,
2922 419 3037 497 357

564 564 782 643 etiam
807 572 883 627 ut
912 563 1011 625 illi
1039 563 1379 643 Magister
1405 563 1716 646 Jacobus
1735 563 1976 641 ,Miron
2006 561 2510 642 adjungeretur
2527 611 2542 642 ,
2591 563 2794 644 cujus
2821 581 3029 644 prae-

569 671 867 734 sentiam
899 671 972 733 in
995 671 1213 734 initiis
1243 670 1539 751 Collegii
1563 669 2162 735 Conimbricensis
2186 670 2557 750 perutilem
2584 670 2803 734 fuisse
2834 672 3030 747 intel·

568 779 854 858 ligebat.
891 779 978 841 Et
1007 778 1168 841 inde
1200 778 1458 842 accidit
1494 787 1572 841 ut
1601 777 1675 840 P.
1711 776 2032 857 Ignatius
2074 776 2263 857 Majo
2307 794 2548 849 mense
2592 778 2683 841 ad
2711 778 2788 841 Ρ.
2822 779 3035 842 Miro·

565 903 728 950 nem
757 886 1120 966 scripserit
1149 894 1224 948 ut
1255 886 1441 949 intra
1470 886 1716 949 decem
1746 885 1895 949 dies
1918 894 2079 965 post
2100 885 2374 948 litteras
2399 893 2732 965 acceptas
2756 886 2829 949 in
2859 886 3027 950 Por-

572 992 942 1071 tugalliam
971 1009 1047 1056 se
1078 992 1450 1071 conferret,
1489 993 1815 1072 quamvis
1846 993 1919 1056 in
1948 992 2237 1055 inclusis
2275 992 2530 1055 litteris
2560 992 2791 1055 adhuc
2837 994 3037 1072 quin-

569 1118 704 1180 que
734 1098 886 1162 dies
918 1100 1096 1163 alios
1126 1100 1225 1162 illi
1255 1100 1727 1178 permittebat.
1762 1098 2155 1163 Consilium
2183 1108 2419 1162 autem
2448 1098 2523 1161 Ρ.
2557 1099 2817 1178 Ignatii
2847 1101 2919 1164 in
2948 1118 3039 1164 eor

570 1206 910 1270 mittendo
940 1206 1070 1269 fuit
1097 1224 1240 1269 non
1263 1208 1489 1269 solum
1505 1214 1588 1281 ,ut
1609 1206 1790 1286 Regi
1811 1205 2208 1286 satisfieret,
2230 1206 2354 1268 sed
2378 1207 2591 1268 etiam
2613 1216 2691 1269 ut
2715 1206 2799 1269 de
2823 1207 3043 1270 rebus·

568 1314 754 1376 illius
782 1314 1199 1394 provinciae
1228 1331 1474 1377 coram
1507 1314 1845 1394 inspectis
1874 1313 1966 1376 ad
1996 1330 2072 1376 se
2103 1313 2424 1387 referret.
2458 1314 2823 1393 Quaedam
2846 1314 3033 1377 enim

570 1421 778 1484 aliter
808 1420 1194 1501 procedere
1224 1437 1437 1500 quam
1467 1421 1616 1501 ipse
1645 1422 1859 1484 vellet
1891 1420 2347 1499 intelligebat.

611 1598 612 1601 Ἴ
686 1526 828 1589 394.
916 1527 1312 1590 Exhibebat
1341 1527 1799 1591 nihilominus
1827 1526 1983 1590 Rex
2023 1528 2337 1610 joannes
2375 1544 2532 1589 sese
2572 1536 2639 1589 et
2678 1534 3037 1607 protecto·

569 1652 719 1697 rem
748 1643 817 1697 et
845 1643 1211 1715 parentem
1240 1633 1648 1714 SocietatiS,
1692 1644 1762 1697 et
1799 1652 1943 1696 non
1981 1635 2156 1697 satis
2195 1633 2499 1696 habebat
2546 1650 3040 1714 quaecumque

567 1742 986 1822 petebantur
1015 1742 1312 1805 libenter
1341 1742 1407 1804 ei
1435 1743 1768 1821 tribuere,
1801 1740 1928 1804 sed
1958 1743 2174 1804 etiam
2203 1742 2363 1803 aliis
2391 1741 2616 1820 signis
2646 1741 2733 1804 de
2763 1758 2893 1804 sua
2916 1741 3030 1803 be-

565 1850 968 1912 nevolentia
996 1866 1170 1928 erga
1199 1839 1625 1912 Societatem
1656 1858 1987 1912 constare
2018 1849 2146 1911 toti
2175 1865 2399 1928 regno
2430 1848 2736 1911 volebat.
2772 1846 3036 1928 Seque—

565 1957 777 2019 batur
822 1956 1096 2021 curiam
1135 1956 1354 2035 Regis
1392 1954 1466 2019 P.
1519 1955 1929 2019 Ludovicus
1977 1953 2333 2018 Gonzalez
2373 1972 2534 2018 cum
2578 1954 2653 2018 P.
2689 1955 3044 2035 Magistro

566 2062 905 2140 Gonza10,
940 2063 1092 2143 qui,
1139 2061 1464 2143 quamvis
1503 2081 1593 2126 ex
1623 2063 2098 2142 ⁴eleemosynis
2137 2062 2395 2126 ibidem
2432 2062 2708 2126 viveret
2749 2072 2821 2125 et
2866 2079 3038 2142 pau·

564 2179 910 2250 pertatem
932 2170 1395 2250 experiretur,
1422 2170 1986 2250 conquerebatur
2008 2170 2464 2233 nihilominus
2490 2187 2566 2232 se
2584 2169 2823 2232 curiae
2850 2170 3036 2232 illius

569 2296 919 2341 venenum
956 2278 1326 2357 imbibere,
1370 2286 1441 2340 et
1475 2294 1739 2357 magno
1789 2276 2147 2357 perfectae
2179 2276 2617 2339 obedientiae
2660 2275 3036 2355 desideriO,

565 2384 715 2465 eJus
741 2386 1123 2466 praecipue
1150 2402 1330 2465 quae
1354 2384 1446 2447 ad
1466 2386 1899 2448 intellectum
1922 2385 2248 2463 pertinet,
2275 2385 2666 2458 tenebatur3
2697 2393 2766 2446 et
2789 2401 3034 2463 quam·

565 2492 676 2555 vis
715 2501 1017 2572 quatuor
1055 2491 1371 2555 obediret
1409 2490 1938 2571 SuperioribuS‚
1982 2491 2283 2570 scilicet,
2331 2488 2674 2570 Magistro
2717 2489 3044 2554 Gonzalo

559 2596 709 2677 jam
736 2598 945 2678 dict0,
979 2597 1268 2662 Rectori
1298 2597 1876 2678 Conimbricensi,
1911 2596 2365 2677 Provinciali‚
2401 2615 2487 2660 ac
2515 2596 2880 2677 Generali,
2917 2614 3037 2660 au·

565 2705 812 2770 xilium
860 2715 1098 2774 tamen
1147 2724 1273 2788 per
1323 2707 1595 2771 litteras
1646 2707 1905 2780 obnixe
1954 2707 2389 2788 postulabat,
2444 2715 2521 2769 ut
2569 2724 2712 2769 non
2761 2714 3043 2769 tantum

569 2812 884 2876 actiones
914 2832 998 2877 ac
1023 2816 1244 2878 verba
1269 2814 1393 2877 sed
1416 2814 1683 2895 judicia
1714 2815 1929 2878 etiam
1958 2815 2237 2893 singula
2268 2813 2765 2878 conformaret.
2794 2813 3046 2876 Voluit

565 2939 648 2984 eo
697 2928 1015 3002 tempore
1058 2921 1135 2985 P.
1179 2922 1496 3001 Ignatius
1535 2921 1961 3001 Magistrum
2000 2921 2350 3003 joannem
2400 2919 2896 3000 Coviglionum
2946 2938 3043 2983 ex

567 3028 1004 3109 Portugallia
1035 3029 1126 3092 ad
1156 3046 1233 3092 se
1261 3029 1473 3104 mitti,
1508 3038 1582 3091 ut
1613 3026 2130 3107 Ingolstadium
2152 3028 2648 3106 destinaretur,
2683 3034 2751 3090 et
2782 3044 2941 3090 cum
2966 3026 3037 3089 id

567 3138 977 3216 postularet,
1006 3152 1149 3198 non
1170 3152 1382 3215 posse
1404 3135 1613 3198 facile
1644 3136 2052 3216 extorqueri
2083 3135 2173 3198 ab
2204 3135 2341 3198 illis
2368 3133 2803 3215 principibus
2825 3132 3045 3198 Pater

567 3242 972 3306 Ludovicus
1011 3241 1478 3322 significabat.
1512 3241 1867 3318 Tandem,
1911 3241 1989 3304 Ρ.
2032 3241 2304 3305 Mirone
2346 3258 2506 3303 cum
2557 3240 2714 3303 aliis
2753 3239 2827 3301 in
2868 3238 3041 3302 Por—

567 3350 934 3429 tugalliam
962 3350 1202 3429 misso,
1235 3350 1396 3413 inde
1426 3349 1721 3413 eductus
1752 3348 2221 3429 Coviglionus
2250 3358 2356 3410 est
2390 3346 2430 3410 ¹.

685 3456 827 3520 395.
913 3456 994 3520 In
1015 3456 1332 3537 Collegio
1362 3456 1931 3520 Conimbricensi
1958 3456 2182 3534 nostri
2211 3465 2280 3518 et
2308 3455 2561 3518 litteris
2592 3461 2659 3516 et
2688 3452 3039 3533 profectui

551 3564 855 3644 ¹spiritus
883 3581 1014 3645 pro
1061 3582 1256 3628 more
1295 3581 1585 3644 operam
1622 3563 1908 3627 dabant.
1956 3563 2031 3626 Ρ.
2080 3563 2412 3627 Urbanus
2450 3562 2682 3624 vicem
2723 3559 3039 3637 absentis

569 3670 643 3733 P.
678 3669 986 3734 Simonis
1014 3671 1413 3751 supplebat,
1447 3679 1515 3735 et
1545 3672 1720 3735 satis
1757 3670 2134 3750 diligenter
2173 3687 2257 3732 ac
2299 3669 2680 3750 prudenter
2721 3684 2848 3730 suo
2888 3684 3032 3730 mu·

568 3795 737 3841 nere
758 3778 1206 3858 fungebatur.
1235 3777 1314 3840 In
1342 3778 1674 3858 hospitali
1703 3776 2263 3842 Conimbricensi
2293 3794 2433 3854 non
2462 3791 2801 3854 magnam
2831 3791 3031 3837 occa-

571 3885 840 3948 sionem
880 3884 1321 3948 exercendae
1360 3885 1727 3947 charitatis
1765 3884 2028 3948 nostris
2070 3882 2512 3963 relinquebat
2550 3881 2865 3945 charitas
2902 3880 3035 3943 Pa—

570 4002 756 4056 trum
787 3990 1057 4055 ordinis
1085 3989 1333 4055 Sancti
1361 3991 1563 4072 Eloy,
1596 3991 1717 4072 qui
1746 4009 1874 4054 suo
1905 3989 2134 4054 officio
2167 3990 2443 4053 abunde
2473 3989 3033 4067 satisfaciebant;

651 4302 667 4334 ¹
725 4300 958 4356 Ignatius
994 4302 1123 4358 Regi
1157 4302 1513 4358 Portugalliue
1545 4301 1752 4360 gratias
1785 4313 1945 4356 agens
1988 4302 2120 4357 quod
2158 4302 2415 4346 Simonem
2452 4302 2671 4347 Romam
2703 4303 2880 4345 venire
2918 4313 3035 4356 per-

569 4373 785 4426 miserit,
810 4375 829 4417 1
851 4374 1104 4427 januarii.
1126 4373 1396 4426 Polancus,
1417 4385 1483 4418 ex
1503 4387 1632 4419 com.
1649 4407 1661 4423 ‚
1680 4373 1944 4418 Ludovico
1966 4374 2221 4418 Gonzalez
2244 4374 2305 4417 de
2328 4374 2551 4418 Cumara
2568 4406 2578 4422 .
2597 4385 2693 4417 non
2713 4381 2951 4428 oportere
2971 4381 3027 4418 ut

569 4445 768 4488 curiam
789 4444 962 4499 Regis,
987 4447 1200 4490 absente
1223 4445 1427 4491 Simone
1450 4446 1721 4490 Rodericio
1737 4480 1748 4500 ,
1770 4447 1979 4490 deserat
2013 4454 2065 4490 et
2096 4446 2309 4489 Romam
2331 4447 2533 4498 veniat,
2558 4447 2609 4489 15
2625 4445 2822 4498 Martii3
2846 4446 3027 4499 eidem,

551 4515 629 4558 -de
646 4516 968 4560 obedientiae
989 4517 1204 4566 virtute.
1225 4529 1379 4571 quam
1399 4516 1693 4561 Ludovicm
1713 4516 1810 4560 sibi
1833 4519 1900 4560 ab
1921 4517 2124 4571 Ignatio
2144 4518 2413 4570 impetrari
2434 4519 2811 4572 postulaverat.
2837 4517 2858 4560 1
2880 4517 3032 4570 Apri-

568 4586 656 4637 lis;
677 4587 843 4630 eidem
866 4588 1176 4644 deCeorgio
1197 4588 1398 4634 Morera
1413 4622 1423 4635 .
1444 4601 1559 4633 eum
1580 4589 1876 4643 experiendi
1897 4588 2074 4643 gratia
2105 4589 2170 4632 ad
2205 4589 2459 4644 hospitale
2481 4602 2507 4633 e
2529 4590 2678 4633 domo
2702 4587 2894 4633 Romae
2914 4589 3033 4634 mis-

566 4668 694 4708 sum,
717 4665 836 4711 etc.‚
860 4660 1041 4703 eadem
1060 4659 1159 4703 die.
1182 4658 1246 4702 V.
1269 4671 1444 4716 supra,
1473 4661 1572 4705 hoc
1592 4671 1726 4703 anno
1748 4659 1869 4713 1551,
1890 4670 1939 4704 n.
1963 4660 2028 4715 12,
2050 4662 2169 4715 pag.
2194 4660 2287 4703 169.
