3679 5414
1552 464 1681 523 Ax.
1727 465 1861 524 1551
1956 438 1967 450 ’
2829 468 2933 527 175

453 610 638 689 bilis,
673 610 793 689 qui
825 611 897 672 in
927 609 1265 673 comitatu
1293 609 1516 673 Ducis
1544 618 1721 689 erat,
1755 610 2163 689 generalem
2190 610 2406 673 totius
2434 611 2626 674 vitae
2656 611 2926 675 confes-

449 717 729 780 sionem
757 717 1051 780 audivit.
1087 716 1449 796 Exceptus
1471 716 1601 780 fuit
1631 716 1952 780 Gandiae
1974 715 2142 779 Dux
2172 716 2557 781 honorifice
2580 736 2622 780 a
2641 718 2927 783 Floren-

451 824 597 887 tiae
626 823 943 887 Ducibus
975 832 1044 886 et
1083 824 1234 904 ipse
1278 823 1495 887 etiam
1535 822 1611 885 P.
1653 823 1942 904 Laynez
1980 815 2463 903 peramanter,
2507 826 2622 888 cui
2659 826 2925 890 habita-

452 931 720 993 tionem
768 939 837 993 et
876 948 992 993 res
1042 930 1134 993 ad
1188 930 1414 993 vitam
1462 929 1859 993 ducendam
1895 931 2336 994 necessarias
2386 932 2457 994 in
2496 934 2927 997 monasterio

451 1036 766 1116 quodam
793 1035 1040 1100 Sancti
1073 1036 1457 1116 Benedicti,
1485 1037 1672 1116 quod
1701 1036 1779 1099 B.
1807 1036 2136 1100 Michaeli
2158 1055 2443 1101 sacrum
2465 1047 2592 1118 est,
2619 1038 2929 1104 Ducissa

450 1144 844 1224 prospexit;
878 1154 947 1206 et
983 1144 1145 1224 quia
1171 1142 1320 1222 jam
1350 1143 1934 1223 quadragesima,
1980 1161 2142 1207 cum
2170 1143 2373 1207 Pisas
2408 1146 2921 1225 pervenissent,

449 1259 615 1314 erat
641 1251 998 1329 inchoata,
1034 1259 1105 1313 et
1137 1251 1430 1330 templa,
1475 1250 1550 1312 in
1588 1250 1839 1330 quibus
1880 1251 2258 1315 conciones
2287 1252 2549 1315 habere
2579 1254 2929 1333 solebant,

453 1358 548 1420 ab
614 1358 770 1420 aliis
836 1357 1466 1421 concionatoribus
1539 1366 1919 1437 occupata,
1995 1358 2429 1422 existimavit
2493 1359 2569 1422 P.
2637 1360 2926 1441 Laynez

451 1465 706 1527 diebus
734 1464 1110 1528 dominicis
1138 1482 1224 1527 ac
1253 1464 1461 1527 festis
1489 1464 1562 1527 in
1591 1465 1893 1528 ecclesia
1923 1464 2074 1544 ejus
2102 1467 2546 1548 monasterii,
2591 1469 2778 1547 quod
2805 1468 2923 1531 ho-

453 1572 671 1651 spitio
693 1572 929 1651 ipsum
951 1579 1352 1651 exceperat,
1379 1571 1514 1634 sibi
1535 1570 1798 1652 aliquid
1819 1573 2374 1653 praelegendum
2395 1591 2573 1652 esse;
2601 1583 2669 1638 et
2691 1574 2790 1638 ita
2812 1575 2924 1638 de-

454 1679 699 1758 calogi
726 1679 1242 1758 expositionem
1272 1686 1378 1741 est
1408 1695 1815 1759 aggressus,
1864 1678 2135 1743 Aderat
2173 1680 2271 1742 illi
2300 1680 2629 1761 frequens
2658 1682 2924 1746 audito-

454 1787 677 1864 rium,
713 1803 755 1847 a
785 1803 925 1865 quo
956 1785 1166 1848 avide
1198 1794 1267 1848 et
1297 1793 1564 1848 attente
1595 1786 1933 1849 lectiones
1961 1784 2111 1865 ejus
2142 1787 2637 1867 audiebantur,
2675 1798 2744 1853 et
2786 1789 2923 1854 fru-

451 1901 653 1956 ctum
683 1891 976 1973 proinde
1006 1910 1148 1955 non
1175 1892 1676 1972 poenitendum
1703 1910 1994 1973 sperare
2022 1894 2248 1973 potuit
2281 1893 2322 1954 ¹.

575 1999 679 2062 21.
767 1999 1037 2062 Diebus
1066 1998 1341 2063 feriatis
1370 2000 1442 2064 in
1471 2008 1773 2080 quatuor
1810 2001 2007 2063 urbis
2048 2001 2233 2063 illius
2269 2004 2720 2065 monasteriis
2760 2006 2923 2082 (nec

451 2108 648 2170 enim
677 2108 882 2187 plura
914 2115 1077 2170 sunt
1105 2106 1289 2170 Pisis
1319 2107 1878 2187 Archiepiscopo
1909 2106 2254 2188 subjecta)
2285 2117 2392 2172 est
2435 2110 2916 2174 concionatus

451 2214 743 2278 Nullum
772 2225 927 2280 erat
957 2232 1236 2294 eorum,
1270 2215 1489 2295 quod,
1524 2223 1774 2278 contra
1802 2214 2265 2295 professionis
2308 2216 2731 2297 institutum,
2764 2236 2922 2298 pro·

455 2323 835 2402 prietatem
864 2338 1009 2384 non
1038 2322 1402 2400 retineret3
1438 2322 1563 2385 sed
1590 2339 1720 2403 per
1747 2321 1883 2385 Dei
1918 2323 2230 2403 gratiam
2272 2323 2344 2387 in
2388 2324 2611 2387 tribus
2653 2342 2918 2405 eorum,

460 2429 701 2506 immo,
754 2436 833 2490 ut
882 2427 1360 2508 affirmabant,
1415 2428 1488 2490 in
1538 2429 1891 2509 omnibus,
1946 2430 2290 2493 moniales
2335 2431 2425 2493 ad
2466 2430 2690 2495 vitam
2739 2449 2921 2494 com-

456 2552 748 2599 munem
779 2553 865 2597 ac
895 2535 1338 2614 paupertatis
1367 2535 1795 2615 professioni
1825 2542 2342 2616 ¹congruentem
2370 2538 2704 2601 reductae
2736 2548 2919 2620 sunt;

446 2651 522 2705 et
549 2643 624 2705 in
652 2660 815 2723 un0,
849 2641 1038 2723 quod
1073 2643 1381 2706 caeteris
1410 2661 1703 2707 numero
1728 2644 2139 2707 monialium
2169 2662 2254 2707 ac
2285 2662 2531 2709 earum
2558 2646 2922 2711 nobilitate

450 2751 899 2831 praestabat,
934 2750 1345 2815 reformatio
1375 2749 1503 2814 fuit
1533 2752 1765 2830 magis
1803 2753 2207 2833 conspicua.
2256 2752 2431 2815 Erat
2460 2753 2629 2815 illud
2655 2755 2922 2833 palatio

456 2856 810 2920 Ducissae
852 2857 1167 2920 vicinum
1209 2858 1303 2936 (et
1345 2857 1502 2920 ideo
1540 2857 1633 2920 ad
1670 2858 2049 2921 conciones
2087 2858 2164 2921 Ρ.
2207 2859 2496 2940 Laynez
2535 2861 2922 2925 audiendas

452 2964 833 3043 aliquoties
861 2964 981 3026 illa
1013 2964 1368 3044 accessit),
1401 2965 1520 3027 ubi
1548 2965 1872 3044 singulae
1902 2982 2223 3029 seorsum
2252 2966 2488 3030 cibum
2530 2985 2784 3048 capere
2814 2984 2921 3031 so-

451 3072 624 3134 litae
653 3078 890 3149 erant,
940 3078 1009 3132 et
1039 3071 1459 3150 simulatque
1487 3072 1693 3151 panis
1721 3081 1876 3135 erat
1904 3081 2177 3151 coctuS,
2210 3072 2405 3137 illum
2446 3074 2629 3137 inter
2659 3092 2735 3138 se
2777 3093 2919 3138 mo-

449 3179 681 3241 niales
720 3177 1158 3255 dividebant,
1195 3178 1291 3241 ita
1332 3186 1410 3241 ut
1437 3196 1527 3240 ne
1557 3179 1922 3258 religionis
1950 3180 2233 3259 quidem
2262 3182 2586 3245 umbram
2615 3183 2921 3246 retinere

451 3285 893 3362 viderentur,
929 3302 1060 3347 nec
1090 3283 1693 3365 Archiepiscopus
1723 3294 1847 3348 aut
1876 3303 2120 3350 earum
2149 3287 2565 3351 confessarii
2595 3290 2684 3352 ab
2713 3290 2816 3351 eis
2846 3298 2921 3352 ut

451 3392 779 3470 regulam
806 3408 1009 3454 suam
1033 3392 1497 3454 observarent
1519 3393 1900 3472 impetrare
1920 3403 2320 3476 potuerant;
2355 3397 2500 3473 sed,
2528 3394 2664 3458 Dei
2684 3397 2920 3476 gratia

451 3515 581 3579 per
621 3498 923 3561 verbum
964 3499 1189 3578 ipsius
1227 3508 1586 3580 operante,
1640 3508 1783 3562 n'on
1819 3502 2053 3563 solum
2091 3502 2163 3564 in
2201 3502 2336 3565 hac
2366 3512 2570 3584 parte
2609 3504 2700 3567 ad
2749 3521 2920 3568 suae

452 3607 748 3685 regulae
779 3606 1353 3668 observationem
1382 3624 1468 3668 ac
1498 3624 1944 3670 communem
1971 3608 2196 3672 vitam
2218 3625 2293 3672 se
2314 3609 2768 3691 reduxerunt,
2797 3610 2920 3674 sed

451 3713 529 3775 in
567 3713 916 3791 omnibuS,
960 3729 1141 3792 quae
1181 3712 1273 3775 ad
1302 3713 1697 3776 institutum
1734 3715 2052 3794 ipsarum
2089 3723 2158 3778 et
2194 3716 2484 3795 spiritus
2522 3717 2920 3797 profectum

451 3820 843 3900 pertinent,
889 3836 1232 3898 magnum
1271 3836 1728 3899 progressum
1777 3820 2124 3903 fecerunt3
2169 3832 2248 3886 ut
2294 3822 2429 3886 Dei
2479 3842 2655 3904 opus
2703 3824 2919 3889 fuisse

451 3927 747 3989 omnino
779 3935 1207 3989 cerneretur.
1244 3925 1410 3989 Post
1439 3927 1716 3991 Pascha
1743 3928 2084 3992 leetiones
2113 3930 2436 4010 decalogi
2466 3930 2556 3993 ad
2583 3934 2920 4012 populum

451 4043 878 4115 prosecutus
910 4041 1016 4096 est
1047 4050 1209 4096 cum
1239 4033 1640 4097 auditorum
1669 4038 2154 4100 consolatione
2184 4047 2254 4102 et
2292 4048 2535 4119 gustu,
2578 4040 2697 4119 qui
2738 4039 2921 4104 Pisis

450 4139 891 4204 Societatem
919 4147 1259 4220 perpetuo
1289 4141 1583 4204 haerere
1611 4143 1820 4206 'valde
1851 4145 2247 4224 cupiebant.

575 4248 680 4311 22.
768 4248 1155 4326 Postquam
1205 4249 1590 4312 multorum
1640 4249 2125 4315 confessiones
2173 4253 2386 4316 etiam
2432 4257 2805 4334 generales
2853 4265 2922 4319 et

449 4356 742 4436 quidem
769 4359 1240 4435 personarum
1268 4356 1770 4436 primariarum
1799 4359 2213 4440 audivisset,
2239 4369 2400 4441 post
2427 4360 2705 4426 Pascha
2735 4381 2921 4426 men-

533 4631 551 4662 ¹
609 4629 805 4684 Ignatii
825 4630 1108 4675 Instructio
1130 4644 1220 4676 seu
1235 4633 1538 4689 ‘informatio
1558 4634 1704 4679 Patri
1725 4634 1935 4692 Laynez
1952 4670 1962 4690 ,
1985 4636 2305 4682 Florentiam
2325 4638 2670 4693 proficiscenti
2685 4672 2695 4692 ,
2714 4640 2840 4685 data
2860 4641 2922 4686 de

452 4702 536 4755 iis,
554 4713 690 4756 quae
712 4713 829 4745 cum
852 4702 1082 4747 Ducibus
1102 4715 1260 4759 agere
1283 4717 1399 4749 eum
1420 4707 1693 4760 oportebit.
