<?xml version="1.0" encoding="UTF-8"?>
<!DOCTYPE html PUBLIC "-//W3C//DTD XHTML 1.0 Transitional//EN"
    "http://www.w3.org/TR/xhtml1/DTD/xhtml1-transitional.dtd">
<html xmlns="http://www.w3.org/1999/xhtml" xml:lang="en" lang="en">
 <head>
  <title>
</title>
<meta http-equiv="Content-Type" content="text/html;charset=utf-8" />
  <meta name='ocr-system' content='tesseract 3.04.00' />
  <meta name='ocr-capabilities' content='ocr_page ocr_carea ocr_par ocr_line ocrx_word'/>
</head>
<body>
  <div class='ocr_page' id='page_1' title='image "./vitaignatiiloio03polagoog_0588.png"; bbox 0 0 3679 5414; ppageno 0'>
   <div class='ocr_carea' id='block_1_1' title="bbox 675 439 2243 512">
    <p class='ocr_par' dir='ltr' id='par_1_1' title="bbox 675 439 2243 512">
     <span class='ocr_line' id='line_1_1' title="bbox 675 439 2243 512; baseline -0.001 -15"><span class='ocrx_word' id='word_1_1' title='bbox 675 440 788 497; x_wconf 79' lang='grc'>582</span> <span class='ocrx_word' id='word_1_2' title='bbox 1605 439 1860 499; x_wconf 65' lang='lat' dir='ltr'>Cnnox.</span> <span class='ocrx_word' id='word_1_3' title='bbox 1903 439 2055 498; x_wconf 84' lang='lat' dir='ltr'>Soc.</span> <span class='ocrx_word' id='word_1_4' title='bbox 2104 440 2243 512; x_wconf 69' lang='lat' dir='ltr'>jes.</span> 
     </span>
    </p>
   </div>
   <div class='ocr_carea' id='block_1_2' title="bbox 1292 770 2521 836">
    <p class='ocr_par' dir='ltr' id='par_1_2' title="bbox 1292 770 2521 836">
     <span class='ocr_line' id='line_1_2' title="bbox 1292 770 2521 836; baseline 0 -1"><span class='ocrx_word' id='word_1_5' title='bbox 1292 771 1419 835; x_wconf 87' lang='lat' dir='ltr'>DE</span> <span class='ocrx_word' id='word_1_6' title='bbox 1462 771 1930 836; x_wconf 89' lang='lat' dir='ltr'>COLLEGIO</span> <span class='ocrx_word' id='word_1_7' title='bbox 1973 771 2439 836; x_wconf 91' lang='lat' dir='ltr'>COLONIEN</span> <span class='ocrx_word' id='word_1_8' title='bbox 2441 770 2521 835; x_wconf 88' lang='lat' dir='ltr'>SI</span> 
     </span>
    </p>
   </div>
   <div class='ocr_carea' id='block_1_3' title="bbox 670 1013 3148 4748">
    <p class='ocr_par' dir='ltr' id='par_1_3' title="bbox 670 1013 3142 3996">
     <span class='ocr_line' id='line_1_3' title="bbox 791 1013 3137 1079; baseline 0 -2"><span class='ocrx_word' id='word_1_9' title='bbox 791 1013 934 1077; x_wconf 85' lang='lat'>388.</span> <span class='ocrx_word' id='word_1_10' title='bbox 1019 1014 1358 1078; x_wconf 82' lang='lat' dir='ltr'>Praeerat</span> <span class='ocrx_word' id='word_1_11' title='bbox 1388 1016 1602 1079; x_wconf 90' lang='lat' dir='ltr'>etiam</span> <span class='ocrx_word' id='word_1_12' title='bbox 1629 1016 1765 1079; x_wconf 92' lang='lat' dir='ltr'>hoc</span> <span class='ocrx_word' id='word_1_13' title='bbox 1797 1034 1984 1079; x_wconf 88' lang='lat' dir='ltr'>anno</span> <span class='ocrx_word' id='word_1_14' title='bbox 2012 1015 2089 1079; x_wconf 91' lang='lat' dir='ltr'>P.</span> <span class='ocrx_word' id='word_1_15' title='bbox 2122 1016 2538 1079; x_wconf 89' lang='lat' dir='ltr'>Leonardus</span> <span class='ocrx_word' id='word_1_16' title='bbox 2578 1013 2825 1077; x_wconf 85' lang='lat' dir='ltr'>Kessel</span> <span class='ocrx_word' id='word_1_17' title='bbox 2868 1015 3137 1077; x_wconf 89' lang='lat' dir='ltr'>nostris</span> 
     </span>
     <span class='ocr_line' id='line_1_4' title="bbox 672 1121 3131 1211; baseline -0 -27"><span class='ocrx_word' id='word_1_18' title='bbox 672 1121 729 1184; x_wconf 88' lang='lat' dir='ltr'>C</span> <span class='ocrx_word' id='word_1_19' title='bbox 735 1122 1232 1185; x_wconf 89' lang='lat' dir='ltr'>oloniensibus.</span> <span class='ocrx_word' id='word_1_20' title='bbox 1285 1122 1714 1185; x_wconf 84' lang='lat' dir='ltr'>Accesserat</span> <span class='ocrx_word' id='word_1_21' title='bbox 1773 1123 1864 1185; x_wconf 90' lang='lat' dir='ltr'>ad</span> <span class='ocrx_word' id='word_1_22' title='bbox 1915 1122 2293 1186; x_wconf 87' lang='lat' dir='ltr'>Societatis</span> <span class='ocrx_word' id='word_1_23' title='bbox 2340 1123 2733 1211; x_wconf 83' lang='lat' dir='ltr'>institutum</span> <span class='ocrx_word' id='word_1_24' title='bbox 2756 1171 2771 1197; x_wconf 91' lang='lat'>,</span> <span class='ocrx_word' id='word_1_25' title='bbox 2823 1132 2898 1184; x_wconf 91' lang='lat' dir='ltr'>ut</span> <span class='ocrx_word' id='word_1_26' title='bbox 2945 1139 3131 1184; x_wconf 88' lang='lat' dir='ltr'>anno</span> 
     </span>
     <span class='ocr_line' id='line_1_5' title="bbox 673 1229 3135 1313; baseline 0.001 -24"><span class='ocrx_word' id='word_1_27' title='bbox 673 1229 1020 1308; x_wconf 88' lang='lat' dir='ltr'>superiori</span> <span class='ocrx_word' id='word_1_28' title='bbox 1049 1230 1316 1293; x_wconf 90' lang='lat' dir='ltr'>dictum</span> <span class='ocrx_word' id='word_1_29' title='bbox 1341 1241 1472 1308; x_wconf 92' lang='lat' dir='ltr'>est,</span> <span class='ocrx_word' id='word_1_30' title='bbox 1507 1230 1851 1309; x_wconf 86' lang='lat' dir='ltr'>Magister</span> <span class='ocrx_word' id='word_1_31' title='bbox 1876 1232 2191 1313; x_wconf 88' lang='lat' dir='ltr'>Joannes</span> <span class='ocrx_word' id='word_1_32' title='bbox 2217 1229 2494 1308; x_wconf 78' lang='lat' dir='ltr'>RetiuS,</span> <span class='ocrx_word' id='word_1_33' title='bbox 2543 1230 2666 1309; x_wconf 91' lang='lat' dir='ltr'>qui</span> <span class='ocrx_word' id='word_1_34' title='bbox 2695 1230 2859 1292; x_wconf 92' lang='lat' dir='ltr'>licet</span> <span class='ocrx_word' id='word_1_35' title='bbox 2888 1239 3135 1291; x_wconf 79' lang='lat' dir='ltr'>votum</span> 
     </span>
     <span class='ocr_line' id='line_1_6' title="bbox 671 1335 3130 1416; baseline -0 -18"><span class='ocrx_word' id='word_1_36' title='bbox 671 1353 877 1398; x_wconf 91' lang='lat' dir='ltr'>suum</span> <span class='ocrx_word' id='word_1_37' title='bbox 925 1335 1228 1399; x_wconf 88' lang='lat' dir='ltr'>Romam</span> <span class='ocrx_word' id='word_1_38' title='bbox 1276 1338 1576 1416; x_wconf 88' lang='lat' dir='ltr'>miserit,</span> <span class='ocrx_word' id='word_1_39' title='bbox 1630 1355 1772 1400; x_wconf 90' lang='lat' dir='ltr'>non</span> <span class='ocrx_word' id='word_1_40' title='bbox 1809 1346 2050 1400; x_wconf 89' lang='lat' dir='ltr'>tamen</span> <span class='ocrx_word' id='word_1_41' title='bbox 2100 1336 2176 1402; x_wconf 89' lang='lat' dir='ltr'>P.</span> <span class='ocrx_word' id='word_1_42' title='bbox 2229 1337 2602 1400; x_wconf 90' lang='lat' dir='ltr'>Leonardo</span> <span class='ocrx_word' id='word_1_43' title='bbox 2647 1335 3130 1414; x_wconf 84' lang='lat' dir='ltr'>cohabitabat,</span> 
     </span>
     <span class='ocr_line' id='line_1_7' title="bbox 671 1443 3132 1525; baseline -0.001 -19"><span class='ocrx_word' id='word_1_44' title='bbox 671 1444 796 1506; x_wconf 89' lang='lat' dir='ltr'>sed</span> <span class='ocrx_word' id='word_1_45' title='bbox 832 1443 906 1506; x_wconf 91' lang='lat' dir='ltr'>in</span> <span class='ocrx_word' id='word_1_46' title='bbox 948 1443 1265 1523; x_wconf 87' lang='lat' dir='ltr'>Collegio</span> <span class='ocrx_word' id='word_1_47' title='bbox 1308 1444 1782 1523; x_wconf 87' lang='lat' dir='ltr'>Coronarum,</span> <span class='ocrx_word' id='word_1_48' title='bbox 1827 1446 1947 1508; x_wconf 91' lang='lat' dir='ltr'>ubi</span> <span class='ocrx_word' id='word_1_49' title='bbox 1983 1445 2181 1525; x_wconf 90' lang='lat' dir='ltr'>prius</span> <span class='ocrx_word' id='word_1_50' title='bbox 2230 1445 2675 1521; x_wconf 84' lang='lat' dir='ltr'>versabatur,</span> <span class='ocrx_word' id='word_1_51' title='bbox 2728 1443 3021 1519; x_wconf 88' lang='lat' dir='ltr'>mansit;</span> <span class='ocrx_word' id='word_1_52' title='bbox 3064 1452 3132 1504; x_wconf 93' lang='lat' dir='ltr'>et</span> 
     </span>
     <span class='ocr_line' id='line_1_8' title="bbox 670 1550 3137 1632; baseline -0 -20"><span class='ocrx_word' id='word_1_53' title='bbox 670 1550 833 1613; x_wconf 89' lang='lat' dir='ltr'>inde</span> <span class='ocrx_word' id='word_1_54' title='bbox 876 1551 1164 1613; x_wconf 89' lang='lat' dir='ltr'>occasio</span> <span class='ocrx_word' id='word_1_55' title='bbox 1216 1562 1496 1632; x_wconf 90' lang='lat' dir='ltr'>sumpta</span> <span class='ocrx_word' id='word_1_56' title='bbox 1544 1562 1652 1614; x_wconf 88' lang='lat' dir='ltr'>est</span> <span class='ocrx_word' id='word_1_57' title='bbox 1690 1551 1838 1632; x_wconf 89' lang='lat' dir='ltr'>ejus</span> <span class='ocrx_word' id='word_1_58' title='bbox 1879 1552 2178 1631; x_wconf 88' lang='lat' dir='ltr'>Collegii</span> <span class='ocrx_word' id='word_1_59' title='bbox 2216 1563 2503 1615; x_wconf 90' lang='lat' dir='ltr'>nostrae</span> <span class='ocrx_word' id='word_1_60' title='bbox 2545 1550 2888 1614; x_wconf 87' lang='lat' dir='ltr'>Societati</span> <span class='ocrx_word' id='word_1_61' title='bbox 2928 1550 3137 1612; x_wconf 88' lang='lat' dir='ltr'>annis</span> 
     </span>
     <span class='ocr_line' id='line_1_9' title="bbox 670 1656 3127 1738; baseline -0 -19"><span class='ocrx_word' id='word_1_62' title='bbox 670 1658 1128 1737; x_wconf 87' lang='lat' dir='ltr'>sequentibus</span> <span class='ocrx_word' id='word_1_63' title='bbox 1178 1659 1693 1733; x_wconf 88' lang='lat' dir='ltr'>committendi,</span> <span class='ocrx_word' id='word_1_64' title='bbox 1749 1668 1859 1738; x_wconf 91' lang='lat' dir='ltr'>ut,</span> <span class='ocrx_word' id='word_1_65' title='bbox 1912 1660 2210 1738; x_wconf 88' lang='lat' dir='ltr'>scilicet,</span> <span class='ocrx_word' id='word_1_66' title='bbox 2254 1660 2328 1722; x_wconf 93' lang='lat' dir='ltr'>in</span> <span class='ocrx_word' id='word_1_67' title='bbox 2371 1677 2455 1721; x_wconf 92' lang='lat' dir='ltr'>eo</span> <span class='ocrx_word' id='word_1_68' title='bbox 2503 1658 2732 1721; x_wconf 90' lang='lat' dir='ltr'>nostri</span> <span class='ocrx_word' id='word_1_69' title='bbox 2769 1656 3127 1731; x_wconf 90' lang='lat' dir='ltr'>docerent;</span> 
     </span>
     <span class='ocr_line' id='line_1_10' title="bbox 672 1762 3132 1845; baseline -0.001 -18"><span class='ocrx_word' id='word_1_70' title='bbox 672 1762 874 1844; x_wconf 87' lang='lat' dir='ltr'>cujus</span> <span class='ocrx_word' id='word_1_71' title='bbox 903 1766 1104 1845; x_wconf 91' lang='lat' dir='ltr'>origo</span> <span class='ocrx_word' id='word_1_72' title='bbox 1135 1765 1314 1829; x_wconf 90' lang='lat' dir='ltr'>haec</span> <span class='ocrx_word' id='word_1_73' title='bbox 1342 1766 1494 1830; x_wconf 88' lang='lat' dir='ltr'>suit.</span> <span class='ocrx_word' id='word_1_74' title='bbox 1530 1766 1709 1831; x_wconf 90' lang='lat' dir='ltr'>Cum</span> <span class='ocrx_word' id='word_1_75' title='bbox 1737 1767 2183 1830; x_wconf 84' lang='lat' dir='ltr'>Universitas</span> <span class='ocrx_word' id='word_1_76' title='bbox 2206 1766 2647 1830; x_wconf 91' lang='lat' dir='ltr'>Coloniensis</span> <span class='ocrx_word' id='word_1_77' title='bbox 2667 1764 3132 1827; x_wconf 86' lang='lat' dir='ltr'>deflorescere</span> 
     </span>
     <span class='ocr_line' id='line_1_11' title="bbox 671 1872 3137 1954; baseline -0 -20"><span class='ocrx_word' id='word_1_78' title='bbox 671 1888 1105 1953; x_wconf 85' lang='lat' dir='ltr'>magnopere</span> <span class='ocrx_word' id='word_1_79' title='bbox 1134 1874 1485 1954; x_wconf 91' lang='lat' dir='ltr'>coepisset</span> <span class='ocrx_word' id='word_1_80' title='bbox 1523 1892 1770 1937; x_wconf 88' lang='lat' dir='ltr'>eorum</span> <span class='ocrx_word' id='word_1_81' title='bbox 1806 1874 2133 1937; x_wconf 84' lang='lat' dir='ltr'>fortassis</span> <span class='ocrx_word' id='word_1_82' title='bbox 2174 1876 2413 1954; x_wconf 92' lang='lat' dir='ltr'>culpa,</span> <span class='ocrx_word' id='word_1_83' title='bbox 2458 1873 2579 1954; x_wconf 90' lang='lat' dir='ltr'>qui</span> <span class='ocrx_word' id='word_1_84' title='bbox 2618 1889 2792 1952; x_wconf 92' lang='lat' dir='ltr'>prae</span> <span class='ocrx_word' id='word_1_85' title='bbox 2828 1872 3137 1934; x_wconf 89' lang='lat' dir='ltr'>caeteris</span> 
     </span>
     <span class='ocr_line' id='line_1_12' title="bbox 671 1981 3134 2062; baseline -0 -21"><span class='ocrx_word' id='word_1_86' title='bbox 671 1996 831 2042; x_wconf 89' lang='lat' dir='ltr'>eam</span> <span class='ocrx_word' id='word_1_87' title='bbox 859 1998 1284 2061; x_wconf 84' lang='lat' dir='ltr'>promovere</span> <span class='ocrx_word' id='word_1_88' title='bbox 1316 1982 1733 2056; x_wconf 88' lang='lat' dir='ltr'>debuerant,</span> <span class='ocrx_word' id='word_1_89' title='bbox 1777 1981 2083 2046; x_wconf 88' lang='lat' dir='ltr'>Senatus</span> <span class='ocrx_word' id='word_1_90' title='bbox 2120 1982 2270 2062; x_wconf 89' lang='lat' dir='ltr'>ipse</span> <span class='ocrx_word' id='word_1_91' title='bbox 2307 1981 2763 2053; x_wconf 82' lang='lat' dir='ltr'>coloniensis,</span> <span class='ocrx_word' id='word_1_92' title='bbox 2808 1998 2893 2042; x_wconf 91' lang='lat' dir='ltr'>ac</span> <span class='ocrx_word' id='word_1_93' title='bbox 2933 1995 3134 2059; x_wconf 91' lang='lat' dir='ltr'>prae-</span> 
     </span>
     <span class='ocr_line' id='line_1_13' title="bbox 671 2087 3133 2167; baseline -0 -19"><span class='ocrx_word' id='word_1_94' title='bbox 671 2087 874 2167; x_wconf 91' lang='lat' dir='ltr'>cipue</span> <span class='ocrx_word' id='word_1_95' title='bbox 914 2089 1202 2167; x_wconf 87' lang='lat' dir='ltr'>quidam</span> <span class='ocrx_word' id='word_1_96' title='bbox 1238 2088 1618 2167; x_wconf 81' lang='lat' dir='ltr'>DominuS,</span> <span class='ocrx_word' id='word_1_97' title='bbox 1663 2090 2118 2153; x_wconf 89' lang='lat' dir='ltr'>Hermannus</span> <span class='ocrx_word' id='word_1_98' title='bbox 2145 2089 2658 2167; x_wconf 79' lang='lat' dir='ltr'>SudermanuS,</span> <span class='ocrx_word' id='word_1_99' title='bbox 2693 2088 2972 2163; x_wconf 90' lang='lat' dir='ltr'>consul,</span> <span class='ocrx_word' id='word_1_100' title='bbox 3016 2104 3133 2148; x_wconf 82' lang='lat' dir='ltr'>ex·</span> 
     </span>
     <span class='ocr_line' id='line_1_14' title="bbox 670 2194 3131 2278; baseline -0 -22"><span class='ocrx_word' id='word_1_101' title='bbox 670 2195 910 2273; x_wconf 89' lang='lat' dir='ltr'>pensis</span> <span class='ocrx_word' id='word_1_102' title='bbox 959 2213 1102 2259; x_wconf 91' lang='lat' dir='ltr'>non</span> <span class='ocrx_word' id='word_1_103' title='bbox 1143 2196 1423 2275; x_wconf 82' lang='lat' dir='ltr'>exiguis</span> <span class='ocrx_word' id='word_1_104' title='bbox 1468 2197 1924 2275; x_wconf 88' lang='lat' dir='ltr'>theologiam,</span> <span class='ocrx_word' id='word_1_105' title='bbox 1963 2196 2622 2278; x_wconf 77' lang='lat' dir='ltr'>Jurisprudentiam,</span> <span class='ocrx_word' id='word_1_106' title='bbox 2678 2194 3131 2271; x_wconf 89' lang='lat' dir='ltr'>medicinam,</span> 
     </span>
     <span class='ocr_line' id='line_1_15' title="bbox 673 2302 3128 2382; baseline -0 -19"><span class='ocrx_word' id='word_1_107' title='bbox 673 2302 1194 2382; x_wconf 87' lang='lat' dir='ltr'>philosophiam</span> <span class='ocrx_word' id='word_1_108' title='bbox 1223 2313 1292 2365; x_wconf 91' lang='lat' dir='ltr'>et</span> <span class='ocrx_word' id='word_1_109' title='bbox 1329 2304 1609 2382; x_wconf 89' lang='lat' dir='ltr'>linguas</span> <span class='ocrx_word' id='word_1_110' title='bbox 1647 2306 1839 2366; x_wconf 86' lang='lat' dir='ltr'>velut</span> <span class='ocrx_word' id='word_1_111' title='bbox 1882 2304 1971 2367; x_wconf 89' lang='lat' dir='ltr'>ab</span> <span class='ocrx_word' id='word_1_112' title='bbox 2007 2304 2223 2367; x_wconf 81' lang='lat' dir='ltr'>exilio</span> <span class='ocrx_word' id='word_1_113' title='bbox 2266 2303 2635 2367; x_wconf 88' lang='lat' dir='ltr'>Coloniam</span> <span class='ocrx_word' id='word_1_114' title='bbox 2676 2310 3128 2378; x_wconf 87' lang='lat' dir='ltr'>revocarunt,</span> 
     </span>
     <span class='ocr_line' id='line_1_16' title="bbox 674 2409 3131 2490; baseline 0 -20"><span class='ocrx_word' id='word_1_115' title='bbox 674 2417 742 2470; x_wconf 91' lang='lat' dir='ltr'>et</span> <span class='ocrx_word' id='word_1_116' title='bbox 771 2409 954 2472; x_wconf 88' lang='lat' dir='ltr'>inter</span> <span class='ocrx_word' id='word_1_117' title='bbox 983 2419 1266 2473; x_wconf 88' lang='lat' dir='ltr'>caetera</span> <span class='ocrx_word' id='word_1_118' title='bbox 1298 2410 1690 2490; x_wconf 88' lang='lat' dir='ltr'>Collegium</span> <span class='ocrx_word' id='word_1_119' title='bbox 1720 2411 2163 2474; x_wconf 86' lang='lat' dir='ltr'>Coronarum</span> <span class='ocrx_word' id='word_1_120' title='bbox 2194 2420 2594 2489; x_wconf 82' lang='lat' dir='ltr'>erexerunt,</span> <span class='ocrx_word' id='word_1_121' title='bbox 2631 2411 2702 2474; x_wconf 91' lang='lat' dir='ltr'>in</span> <span class='ocrx_word' id='word_1_122' title='bbox 2727 2427 2865 2490; x_wconf 93' lang='lat' dir='ltr'>quo</span> <span class='ocrx_word' id='word_1_123' title='bbox 2889 2409 3131 2471; x_wconf 88' lang='lat' dir='ltr'>huma-</span> 
     </span>
     <span class='ocr_line' id='line_1_17' title="bbox 674 2516 3131 2619; baseline 0 -43"><span class='ocrx_word' id='word_1_124' title='bbox 674 2516 913 2578; x_wconf 91' lang='lat' dir='ltr'>niores</span> <span class='ocrx_word' id='word_1_125' title='bbox 940 2517 1215 2580; x_wconf 87' lang='lat' dir='ltr'>litterae</span> <span class='ocrx_word' id='word_1_126' title='bbox 1244 2528 1314 2580; x_wconf 89' lang='lat' dir='ltr'>et</span> <span class='ocrx_word' id='word_1_127' title='bbox 1340 2517 1832 2598; x_wconf 78' lang='lat' dir='ltr'>philosophica</span> <span class='ocrx_word' id='word_1_128' title='bbox 1857 2520 2092 2582; x_wconf 91' lang='lat' dir='ltr'>studia</span> <span class='ocrx_word' id='word_1_129' title='bbox 2119 2520 2563 2619; x_wconf 69' lang='lat' dir='ltr'>docerentur.</span> <span class='ocrx_word' id='word_1_130' title='bbox 2606 2517 2976 2581; x_wconf 90' lang='lat' dir='ltr'>Commisit</span> <span class='ocrx_word' id='word_1_131' title='bbox 3015 2532 3131 2577; x_wconf 89' lang='lat' dir='ltr'>au·</span> 
     </span>
     <span class='ocr_line' id='line_1_18' title="bbox 677 2621 3133 2709; baseline -0 -25"><span class='ocrx_word' id='word_1_132' title='bbox 677 2631 819 2685; x_wconf 91' lang='lat' dir='ltr'>tem</span> <span class='ocrx_word' id='word_1_133' title='bbox 848 2623 997 2704; x_wconf 89' lang='lat' dir='ltr'>ejus</span> <span class='ocrx_word' id='word_1_134' title='bbox 1025 2642 1271 2688; x_wconf 89' lang='lat' dir='ltr'>curam</span> <span class='ocrx_word' id='word_1_135' title='bbox 1301 2626 1585 2689; x_wconf 89' lang='lat' dir='ltr'>cuidam</span> <span class='ocrx_word' id='word_1_136' title='bbox 1613 2626 1945 2705; x_wconf 91' lang='lat' dir='ltr'>Domin0,</span> <span class='ocrx_word' id='word_1_137' title='bbox 1977 2626 2249 2709; x_wconf 91' lang='lat' dir='ltr'>Jacobo</span> <span class='ocrx_word' id='word_1_138' title='bbox 2275 2625 2587 2703; x_wconf 88' lang='lat' dir='ltr'>Leichi0,</span> <span class='ocrx_word' id='word_1_139' title='bbox 2622 2624 2734 2687; x_wconf 92' lang='lat' dir='ltr'>cui</span> <span class='ocrx_word' id='word_1_140' title='bbox 2763 2621 3133 2685; x_wconf 87' lang='lat' dir='ltr'>familiaris</span> 
     </span>
     <span class='ocr_line' id='line_1_19' title="bbox 679 2729 3134 2816; baseline 0 -24"><span class='ocrx_word' id='word_1_141' title='bbox 679 2740 832 2793; x_wconf 89' lang='lat' dir='ltr'>erat</span> <span class='ocrx_word' id='word_1_142' title='bbox 860 2731 1202 2811; x_wconf 88' lang='lat' dir='ltr'>Magister</span> <span class='ocrx_word' id='word_1_143' title='bbox 1228 2734 1540 2816; x_wconf 91' lang='lat' dir='ltr'>Joannes</span> <span class='ocrx_word' id='word_1_144' title='bbox 1571 2735 1847 2813; x_wconf 81' lang='lat' dir='ltr'>RetiuS,</span> <span class='ocrx_word' id='word_1_145' title='bbox 1882 2744 1951 2798; x_wconf 89' lang='lat' dir='ltr'>et</span> <span class='ocrx_word' id='word_1_146' title='bbox 1981 2735 2066 2797; x_wconf 88' lang='lat' dir='ltr'>iis</span> <span class='ocrx_word' id='word_1_147' title='bbox 2095 2735 2269 2814; x_wconf 90' lang='lat' dir='ltr'>ipsis</span> <span class='ocrx_word' id='word_1_148' title='bbox 2298 2735 2506 2797; x_wconf 90' lang='lat' dir='ltr'>annis</span> <span class='ocrx_word' id='word_1_149' title='bbox 2533 2733 2607 2796; x_wconf 92' lang='lat' dir='ltr'>in</span> <span class='ocrx_word' id='word_1_150' title='bbox 2645 2732 2814 2796; x_wconf 90' lang='lat' dir='ltr'>illud</span> <span class='ocrx_word' id='word_1_151' title='bbox 2853 2729 3134 2794; x_wconf 91' lang='lat' dir='ltr'>commi·</span> 
     </span>
     <span class='ocr_line' id='line_1_20' title="bbox 679 2837 3136 2922; baseline -0.001 -22"><span class='ocrx_word' id='word_1_152' title='bbox 679 2849 977 2915; x_wconf 87' lang='lat' dir='ltr'>grarunt</span> <span class='ocrx_word' id='word_1_153' title='bbox 1006 2858 1092 2902; x_wconf 90' lang='lat' dir='ltr'>ac</span> <span class='ocrx_word' id='word_1_154' title='bbox 1121 2841 1440 2903; x_wconf 87' lang='lat' dir='ltr'>scholam</span> <span class='ocrx_word' id='word_1_155' title='bbox 1470 2851 1920 2922; x_wconf 89' lang='lat' dir='ltr'>aperuerunt,</span> <span class='ocrx_word' id='word_1_156' title='bbox 1948 2858 2130 2922; x_wconf 90' lang='lat' dir='ltr'>quae</span> <span class='ocrx_word' id='word_1_157' title='bbox 2152 2842 2494 2922; x_wconf 89' lang='lat' dir='ltr'>paulatim</span> <span class='ocrx_word' id='word_1_158' title='bbox 2516 2839 2909 2920; x_wconf 88' lang='lat' dir='ltr'>frequentia</span> <span class='ocrx_word' id='word_1_159' title='bbox 2932 2837 3136 2899; x_wconf 90' lang='lat' dir='ltr'>disci·</span> 
     </span>
     <span class='ocr_line' id='line_1_21' title="bbox 679 2946 3140 3030; baseline -0.001 -22"><span class='ocrx_word' id='word_1_160' title='bbox 679 2946 1006 3024; x_wconf 88' lang='lat' dir='ltr'>pulorum</span> <span class='ocrx_word' id='word_1_161' title='bbox 1035 2963 1358 3011; x_wconf 88' lang='lat' dir='ltr'>crescere</span> <span class='ocrx_word' id='word_1_162' title='bbox 1387 2950 1641 3030; x_wconf 92' lang='lat' dir='ltr'>coepit.</span> <span class='ocrx_word' id='word_1_163' title='bbox 1675 2950 1992 3029; x_wconf 87' lang='lat' dir='ltr'>Legebat</span> <span class='ocrx_word' id='word_1_164' title='bbox 2022 2951 2202 3012; x_wconf 89' lang='lat' dir='ltr'>inter</span> <span class='ocrx_word' id='word_1_165' title='bbox 2233 2949 2411 3012; x_wconf 87' lang='lat' dir='ltr'>alios</span> <span class='ocrx_word' id='word_1_166' title='bbox 2449 2948 2791 3027; x_wconf 87' lang='lat' dir='ltr'>Magister</span> <span class='ocrx_word' id='word_1_167' title='bbox 2825 2947 3140 3028; x_wconf 90' lang='lat' dir='ltr'>Joannes</span> 
     </span>
     <span class='ocr_line' id='line_1_22' title="bbox 682 3054 3140 3138; baseline -0.001 -23"><span class='ocrx_word' id='word_1_168' title='bbox 682 3054 1021 3117; x_wconf 90' lang='lat' dir='ltr'>lectiones</span> <span class='ocrx_word' id='word_1_169' title='bbox 1058 3056 1149 3118; x_wconf 89' lang='lat' dir='ltr'>ad</span> <span class='ocrx_word' id='word_1_170' title='bbox 1187 3057 1641 3121; x_wconf 88' lang='lat' dir='ltr'>humaniores</span> <span class='ocrx_word' id='word_1_171' title='bbox 1691 3075 1776 3120; x_wconf 91' lang='lat' dir='ltr'>ac</span> <span class='ocrx_word' id='word_1_172' title='bbox 1825 3058 2189 3138; x_wconf 89' lang='lat' dir='ltr'>politiores</span> <span class='ocrx_word' id='word_1_173' title='bbox 2237 3058 2511 3121; x_wconf 89' lang='lat' dir='ltr'>litteras</span> <span class='ocrx_word' id='word_1_174' title='bbox 2560 3055 3021 3136; x_wconf 88' lang='lat' dir='ltr'>pertinentes,</span> <span class='ocrx_word' id='word_1_175' title='bbox 3069 3062 3140 3114; x_wconf 90' lang='lat' dir='ltr'>et</span> 
     </span>
     <span class='ocr_line' id='line_1_23' title="bbox 684 3160 3139 3245; baseline -0.001 -21"><span class='ocrx_word' id='word_1_176' title='bbox 684 3161 848 3239; x_wconf 88' lang='lat' dir='ltr'>quia</span> <span class='ocrx_word' id='word_1_177' title='bbox 877 3160 1162 3240; x_wconf 90' lang='lat' dir='ltr'>Regens</span> <span class='ocrx_word' id='word_1_178' title='bbox 1191 3164 1328 3242; x_wconf 89' lang='lat' dir='ltr'>(sic</span> <span class='ocrx_word' id='word_1_179' title='bbox 1357 3165 1713 3227; x_wconf 88' lang='lat' dir='ltr'>vocabant</span> <span class='ocrx_word' id='word_1_180' title='bbox 1743 3163 2227 3245; x_wconf 88' lang='lat' dir='ltr'>Superiorem)</span> <span class='ocrx_word' id='word_1_181' title='bbox 2257 3182 2417 3227; x_wconf 91' lang='lat' dir='ltr'>eum</span> <span class='ocrx_word' id='word_1_182' title='bbox 2449 3163 2735 3226; x_wconf 87' lang='lat' dir='ltr'>amabat</span> <span class='ocrx_word' id='word_1_183' title='bbox 2765 3172 2832 3224; x_wconf 91' lang='lat' dir='ltr'>et</span> <span class='ocrx_word' id='word_1_184' title='bbox 2863 3178 3025 3223; x_wconf 91' lang='lat' dir='ltr'>cum</span> <span class='ocrx_word' id='word_1_185' title='bbox 3053 3176 3139 3221; x_wconf 90' lang='lat' dir='ltr'>eo</span> 
     </span>
     <span class='ocr_line' id='line_1_24' title="bbox 683 3270 3136 3352; baseline 0 -23"><span class='ocrx_word' id='word_1_186' title='bbox 683 3270 1112 3344; x_wconf 85' lang='lat' dir='ltr'>gravissima</span> <span class='ocrx_word' id='word_1_187' title='bbox 1141 3288 1459 3350; x_wconf 91' lang='lat' dir='ltr'>quaeque</span> <span class='ocrx_word' id='word_1_188' title='bbox 1484 3273 2052 3335; x_wconf 87' lang='lat' dir='ltr'>communicabat</span> <span class='ocrx_word' id='word_1_189' title='bbox 2076 3282 2144 3336; x_wconf 92' lang='lat' dir='ltr'>et</span> <span class='ocrx_word' id='word_1_190' title='bbox 2164 3273 2364 3336; x_wconf 83' lang='lat' dir='ltr'>vices</span> <span class='ocrx_word' id='word_1_191' title='bbox 2385 3270 2763 3352; x_wconf 90' lang='lat' dir='ltr'>aliquando</span> <span class='ocrx_word' id='word_1_192' title='bbox 2789 3285 2958 3331; x_wconf 88' lang='lat' dir='ltr'>suas</span> <span class='ocrx_word' id='word_1_193' title='bbox 2980 3285 3136 3346; x_wconf 90' lang='lat' dir='ltr'>sup·</span> 
     </span>
     <span class='ocr_line' id='line_1_25' title="bbox 681 3375 3138 3461; baseline 0 -25"><span class='ocrx_word' id='word_1_194' title='bbox 681 3375 874 3453; x_wconf 91' lang='lat' dir='ltr'>plere</span> <span class='ocrx_word' id='word_1_195' title='bbox 897 3375 1212 3456; x_wconf 76' lang='lat' dir='ltr'>Jubebat,</span> <span class='ocrx_word' id='word_1_196' title='bbox 1254 3396 1418 3441; x_wconf 90' lang='lat' dir='ltr'>cum</span> <span class='ocrx_word' id='word_1_197' title='bbox 1456 3380 1806 3460; x_wconf 89' lang='lat' dir='ltr'>coepisset</span> <span class='ocrx_word' id='word_1_198' title='bbox 1850 3380 2082 3461; x_wconf 91' lang='lat' dir='ltr'>ipsum</span> <span class='ocrx_word' id='word_1_199' title='bbox 2119 3379 2405 3444; x_wconf 89' lang='lat' dir='ltr'>taedere</span> <span class='ocrx_word' id='word_1_200' title='bbox 2448 3378 2653 3458; x_wconf 89' lang='lat' dir='ltr'>hujus</span> <span class='ocrx_word' id='word_1_201' title='bbox 2695 3377 3138 3440; x_wconf 87' lang='lat' dir='ltr'>administra-</span> 
     </span>
     <span class='ocr_line' id='line_1_26' title="bbox 684 3482 3135 3569; baseline 0.001 -26"><span class='ocrx_word' id='word_1_202' title='bbox 684 3482 915 3562; x_wconf 81' lang='lat' dir='ltr'>tioniS,</span> <span class='ocrx_word' id='word_1_203' title='bbox 950 3483 1036 3546; x_wconf 90' lang='lat' dir='ltr'>de</span> <span class='ocrx_word' id='word_1_204' title='bbox 1067 3501 1280 3547; x_wconf 89' lang='lat' dir='ltr'>onere</span> <span class='ocrx_word' id='word_1_205' title='bbox 1308 3485 1382 3547; x_wconf 91' lang='lat' dir='ltr'>in</span> <span class='ocrx_word' id='word_1_206' title='bbox 1410 3486 1639 3566; x_wconf 90' lang='lat' dir='ltr'>ipsum</span> <span class='ocrx_word' id='word_1_207' title='bbox 1679 3487 2103 3567; x_wconf 87' lang='lat' dir='ltr'>Magistrum</span> <span class='ocrx_word' id='word_1_208' title='bbox 2139 3487 2485 3569; x_wconf 87' lang='lat' dir='ltr'>Joannem</span> <span class='ocrx_word' id='word_1_209' title='bbox 2527 3484 2907 3565; x_wconf 90' lang='lat' dir='ltr'>rejiciendo</span> <span class='ocrx_word' id='word_1_210' title='bbox 2948 3483 3135 3561; x_wconf 88' lang='lat' dir='ltr'>cogi-</span> 
     </span>
     <span class='ocr_line' id='line_1_27' title="bbox 685 3590 3141 3675; baseline 0 -25"><span class='ocrx_word' id='word_1_211' title='bbox 685 3590 899 3652; x_wconf 91' lang='lat' dir='ltr'>tabat.</span> <span class='ocrx_word' id='word_1_212' title='bbox 934 3591 1089 3653; x_wconf 92' lang='lat' dir='ltr'>Hoc</span> <span class='ocrx_word' id='word_1_213' title='bbox 1120 3609 1308 3654; x_wconf 89' lang='lat' dir='ltr'>anno</span> <span class='ocrx_word' id='word_1_214' title='bbox 1333 3601 1570 3656; x_wconf 88' lang='lat' dir='ltr'>tamen</span> <span class='ocrx_word' id='word_1_215' title='bbox 1600 3611 1762 3657; x_wconf 91' lang='lat' dir='ltr'>cum</span> <span class='ocrx_word' id='word_1_216' title='bbox 1792 3594 2089 3657; x_wconf 89' lang='lat' dir='ltr'>consilio</span> <span class='ocrx_word' id='word_1_217' title='bbox 2119 3595 2342 3675; x_wconf 89' lang='lat' dir='ltr'>ipsius</span> <span class='ocrx_word' id='word_1_218' title='bbox 2368 3593 2445 3657; x_wconf 91' lang='lat' dir='ltr'>P.</span> <span class='ocrx_word' id='word_1_219' title='bbox 2479 3592 2834 3657; x_wconf 89' lang='lat' dir='ltr'>Leonardi</span> <span class='ocrx_word' id='word_1_220' title='bbox 2863 3591 2992 3654; x_wconf 91' lang='lat' dir='ltr'>sub</span> <span class='ocrx_word' id='word_1_221' title='bbox 3020 3591 3141 3652; x_wconf 91' lang='lat' dir='ltr'>illo</span> 
     </span>
     <span class='ocr_line' id='line_1_28' title="bbox 683 3697 3138 3780; baseline 0 -22"><span class='ocrx_word' id='word_1_222' title='bbox 683 3697 970 3761; x_wconf 90' lang='lat' dir='ltr'>Leichio</span> <span class='ocrx_word' id='word_1_223' title='bbox 999 3698 1255 3762; x_wconf 89' lang='lat' dir='ltr'>docere</span> <span class='ocrx_word' id='word_1_224' title='bbox 1283 3701 1773 3780; x_wconf 84' lang='lat' dir='ltr'>perseveravit</span> <span class='ocrx_word' id='word_1_225' title='bbox 1795 3710 1867 3764; x_wconf 90' lang='lat' dir='ltr'>et</span> <span class='ocrx_word' id='word_1_226' title='bbox 1895 3702 2177 3765; x_wconf 91' lang='lat' dir='ltr'>interim</span> <span class='ocrx_word' id='word_1_227' title='bbox 2205 3719 2405 3766; x_wconf 88' lang='lat' dir='ltr'>arma</span> <span class='ocrx_word' id='word_1_228' title='bbox 2428 3702 2546 3764; x_wconf 90' lang='lat' dir='ltr'>illa</span> <span class='ocrx_word' id='word_1_229' title='bbox 2575 3699 2992 3764; x_wconf 91' lang='lat' dir='ltr'>eruditionis</span> <span class='ocrx_word' id='word_1_230' title='bbox 3018 3715 3138 3777; x_wconf 88' lang='lat' dir='ltr'>pa·</span> 
     </span>
     <span class='ocr_line' id='line_1_29' title="bbox 682 3803 3142 3890; baseline 0.001 -25"><span class='ocrx_word' id='word_1_231' title='bbox 682 3803 886 3866; x_wconf 86' lang='lat' dir='ltr'>rabat</span> <span class='ocrx_word' id='word_1_232' title='bbox 914 3805 1198 3885; x_wconf 86' lang='lat' dir='ltr'>privato</span> <span class='ocrx_word' id='word_1_233' title='bbox 1227 3808 1461 3870; x_wconf 91' lang='lat' dir='ltr'>studio</span> <span class='ocrx_word' id='word_1_234' title='bbox 1484 3818 1697 3890; x_wconf 91' lang='lat' dir='ltr'>atque</span> <span class='ocrx_word' id='word_1_235' title='bbox 1720 3810 2254 3889; x_wconf 85' lang='lat' dir='ltr'>exercitatione,</span> <span class='ocrx_word' id='word_1_236' title='bbox 2282 3827 2463 3890; x_wconf 88' lang='lat' dir='ltr'>quae</span> <span class='ocrx_word' id='word_1_237' title='bbox 2489 3808 2827 3872; x_wconf 87' lang='lat' dir='ltr'>Societati</span> <span class='ocrx_word' id='word_1_238' title='bbox 2851 3815 3142 3868; x_wconf 89' lang='lat' dir='ltr'>nostrae</span> 
     </span>
     <span class='ocr_line' id='line_1_30' title="bbox 683 3910 2477 3996; baseline 0.004 -26"><span class='ocrx_word' id='word_1_239' title='bbox 683 3910 775 3971; x_wconf 91' lang='lat' dir='ltr'>ad</span> <span class='ocrx_word' id='word_1_240' title='bbox 803 3912 1291 3990; x_wconf 89' lang='lat' dir='ltr'>proximorum</span> <span class='ocrx_word' id='word_1_241' title='bbox 1320 3915 1585 3978; x_wconf 86' lang='lat' dir='ltr'>auxilio</span> <span class='ocrx_word' id='word_1_242' title='bbox 1615 3925 2012 3996; x_wconf 90' lang='lat' dir='ltr'>opportuna</span> <span class='ocrx_word' id='word_1_243' title='bbox 2042 3934 2199 3980; x_wconf 88' lang='lat' dir='ltr'>esse</span> <span class='ocrx_word' id='word_1_244' title='bbox 2228 3917 2477 3979; x_wconf 90' lang='lat' dir='ltr'>solent.</span> 
     </span>
    </p>

    <p class='ocr_par' dir='ltr' id='par_1_4' title="bbox 685 4016 3148 4748">
     <span class='ocr_line' id='line_1_31' title="bbox 802 4016 3141 4096; baseline 0 -16"><span class='ocrx_word' id='word_1_245' title='bbox 802 4016 942 4080; x_wconf 86' lang='lat'>389.</span> <span class='ocrx_word' id='word_1_246' title='bbox 1030 4018 1240 4083; x_wconf 89' lang='lat' dir='ltr'>Pater</span> <span class='ocrx_word' id='word_1_247' title='bbox 1288 4032 1526 4085; x_wconf 91' lang='lat' dir='ltr'>autem</span> <span class='ocrx_word' id='word_1_248' title='bbox 1581 4021 1997 4087; x_wconf 86' lang='lat' dir='ltr'>Leonardus</span> <span class='ocrx_word' id='word_1_249' title='bbox 2052 4024 2126 4086; x_wconf 90' lang='lat' dir='ltr'>in</span> <span class='ocrx_word' id='word_1_250' title='bbox 2174 4023 2440 4086; x_wconf 89' lang='lat' dir='ltr'>eisdem</span> <span class='ocrx_word' id='word_1_251' title='bbox 2495 4020 3141 4096; x_wconf 77' lang='lat' dir='ltr'>exercitationibuS,</span> 
     </span>
     <span class='ocr_line' id='line_1_32' title="bbox 686 4124 3142 4211; baseline 0 -23"><span class='ocrx_word' id='word_1_252' title='bbox 686 4125 937 4204; x_wconf 89' lang='lat' dir='ltr'>quibus</span> <span class='ocrx_word' id='word_1_253' title='bbox 967 4144 1154 4190; x_wconf 89' lang='lat' dir='ltr'>anno</span> <span class='ocrx_word' id='word_1_254' title='bbox 1182 4130 1547 4210; x_wconf 90' lang='lat' dir='ltr'>superiore</span> <span class='ocrx_word' id='word_1_255' title='bbox 1568 4179 1583 4210; x_wconf 95' lang='lat'>,</span> <span class='ocrx_word' id='word_1_256' title='bbox 1617 4131 2066 4206; x_wconf 79' lang='lat' dir='ltr'>versabatur3</span> <span class='ocrx_word' id='word_1_257' title='bbox 2101 4140 2170 4194; x_wconf 93' lang='lat' dir='ltr'>et</span> <span class='ocrx_word' id='word_1_258' title='bbox 2198 4130 2525 4211; x_wconf 83' lang='lat' dir='ltr'>quamvis</span> <span class='ocrx_word' id='word_1_259' title='bbox 2552 4129 2780 4192; x_wconf 91' lang='lat' dir='ltr'>bonus</span> <span class='ocrx_word' id='word_1_260' title='bbox 2809 4126 2982 4190; x_wconf 89' lang='lat' dir='ltr'>odor</span> <span class='ocrx_word' id='word_1_261' title='bbox 3021 4124 3142 4189; x_wconf 83' lang='lat' dir='ltr'>So·</span> 
     </span>
     <span class='ocr_line' id='line_1_33' title="bbox 687 4233 3148 4318; baseline -0 -23"><span class='ocrx_word' id='word_1_262' title='bbox 687 4233 964 4296; x_wconf 90' lang='lat' dir='ltr'>cietatis</span> <span class='ocrx_word' id='word_1_263' title='bbox 1000 4236 1213 4298; x_wconf 90' lang='lat' dir='ltr'>latius</span> <span class='ocrx_word' id='word_1_264' title='bbox 1250 4236 1324 4299; x_wconf 93' lang='lat' dir='ltr'>in</span> <span class='ocrx_word' id='word_1_265' title='bbox 1374 4235 1526 4300; x_wconf 91' lang='lat' dir='ltr'>dies</span> <span class='ocrx_word' id='word_1_266' title='bbox 1567 4247 2028 4318; x_wconf 90' lang='lat' dir='ltr'>spargeretur</span> <span class='ocrx_word' id='word_1_267' title='bbox 2055 4246 2125 4300; x_wconf 91' lang='lat' dir='ltr'>et</span> <span class='ocrx_word' id='word_1_268' title='bbox 2165 4256 2207 4301; x_wconf 90' lang='lat' dir='ltr'>a</span> <span class='ocrx_word' id='word_1_269' title='bbox 2244 4255 2389 4301; x_wconf 91' lang='lat' dir='ltr'>non</span> <span class='ocrx_word' id='word_1_270' title='bbox 2423 4236 2701 4317; x_wconf 84' lang='lat' dir='ltr'>paucis,</span> <span class='ocrx_word' id='word_1_271' title='bbox 2751 4235 2931 4297; x_wconf 90' lang='lat' dir='ltr'>inter</span> <span class='ocrx_word' id='word_1_272' title='bbox 2969 4249 3148 4313; x_wconf 90' lang='lat' dir='ltr'>quos</span> 
     </span>
     <span class='ocr_line' id='line_1_34' title="bbox 687 4342 3141 4426; baseline 0 -24"><span class='ocrx_word' id='word_1_273' title='bbox 687 4349 841 4403; x_wconf 89' lang='lat' dir='ltr'>erat</span> <span class='ocrx_word' id='word_1_274' title='bbox 880 4342 1135 4405; x_wconf 90' lang='lat' dir='ltr'>nobilis</span> <span class='ocrx_word' id='word_1_275' title='bbox 1183 4344 1302 4407; x_wconf 89' lang='lat' dir='ltr'>illa</span> <span class='ocrx_word' id='word_1_276' title='bbox 1334 4345 1721 4409; x_wconf 89' lang='lat' dir='ltr'>Abbatissa</span> <span class='ocrx_word' id='word_1_277' title='bbox 1752 4344 1940 4409; x_wconf 88' lang='lat' dir='ltr'>Stae.</span> <span class='ocrx_word' id='word_1_278' title='bbox 1975 4346 2310 4425; x_wconf 89' lang='lat' dir='ltr'>Ursulae,</span> <span class='ocrx_word' id='word_1_279' title='bbox 2359 4345 2508 4426; x_wconf 87' lang='lat' dir='ltr'>ejus</span> <span class='ocrx_word' id='word_1_280' title='bbox 2539 4353 2836 4408; x_wconf 91' lang='lat' dir='ltr'>conatus</span> <span class='ocrx_word' id='word_1_281' title='bbox 2867 4359 3141 4423; x_wconf 89' lang='lat' dir='ltr'>promo·</span> 
     </span>
     <span class='ocr_line' id='line_1_35' title="bbox 685 4450 3145 4534; baseline 0.002 -25"><span class='ocrx_word' id='word_1_282' title='bbox 685 4458 1045 4530; x_wconf 88' lang='lat' dir='ltr'>verentur,</span> <span class='ocrx_word' id='word_1_283' title='bbox 1078 4467 1210 4514; x_wconf 90' lang='lat' dir='ltr'>nec</span> <span class='ocrx_word' id='word_1_284' title='bbox 1241 4450 1517 4515; x_wconf 89' lang='lat' dir='ltr'>deesset</span> <span class='ocrx_word' id='word_1_285' title='bbox 1546 4470 1709 4533; x_wconf 90' lang='lat' dir='ltr'>spes</span> <span class='ocrx_word' id='word_1_286' title='bbox 1739 4454 2035 4533; x_wconf 92' lang='lat' dir='ltr'>Collegii</span> <span class='ocrx_word' id='word_1_287' title='bbox 2067 4453 2444 4534; x_wconf 90' lang='lat' dir='ltr'>aliquando</span> <span class='ocrx_word' id='word_1_288' title='bbox 2475 4452 2904 4530; x_wconf 91' lang='lat' dir='ltr'>instituendi,</span> <span class='ocrx_word' id='word_1_289' title='bbox 2932 4451 3145 4513; x_wconf 89' lang='lat' dir='ltr'>etiam</span> 
     </span>
     <span class='ocr_line' id='line_1_36' title="bbox 687 4555 3143 4642; baseline 0 -25"><span class='ocrx_word' id='word_1_290' title='bbox 687 4555 822 4618; x_wconf 93' lang='lat' dir='ltr'>hoc</span> <span class='ocrx_word' id='word_1_291' title='bbox 853 4574 1040 4619; x_wconf 89' lang='lat' dir='ltr'>anno</span> <span class='ocrx_word' id='word_1_292' title='bbox 1070 4568 1406 4638; x_wconf 89' lang='lat' dir='ltr'>expertus</span> <span class='ocrx_word' id='word_1_293' title='bbox 1434 4570 1541 4623; x_wconf 88' lang='lat' dir='ltr'>est</span> <span class='ocrx_word' id='word_1_294' title='bbox 1580 4561 1749 4623; x_wconf 90' lang='lat' dir='ltr'>illud</span> <span class='ocrx_word' id='word_1_295' title='bbox 1778 4560 2138 4642; x_wconf 90' lang='lat' dir='ltr'>Apostoli,</span> <span class='ocrx_word' id='word_1_296' title='bbox 2181 4561 2373 4641; x_wconf 90' lang='lat' dir='ltr'>quod</span> <span class='ocrx_word' id='word_1_297' title='bbox 2415 4577 2693 4639; x_wconf 76' lang='lat' dir='ltr'>omneS,</span> <span class='ocrx_word' id='word_1_298' title='bbox 2731 4559 2862 4640; x_wconf 83' lang='lat' dir='ltr'>qui</span> <span class='ocrx_word' id='word_1_299' title='bbox 2885 4559 3005 4639; x_wconf 82' lang='lat' dir='ltr'>pie</span> <span class='ocrx_word' id='word_1_300' title='bbox 3043 4557 3143 4619; x_wconf 83' lang='lat' dir='ltr'>vi-</span> 
     </span>
     <span class='ocr_line' id='line_1_37' title="bbox 690 4664 3144 4748; baseline 0.002 -24"><span class='ocrx_word' id='word_1_301' title='bbox 690 4680 855 4725; x_wconf 85' lang='lat' dir='ltr'>vere</span> <span class='ocrx_word' id='word_1_302' title='bbox 884 4664 1140 4727; x_wconf 87' lang='lat' dir='ltr'>volunt</span> <span class='ocrx_word' id='word_1_303' title='bbox 1179 4665 1255 4727; x_wconf 79' lang='lat' dir='ltr'>in</span> <span class='ocrx_word' id='word_1_304' title='bbox 1293 4665 1603 4747; x_wconf 81' lang='lat' dir='ltr'>Christo,</span> <span class='ocrx_word' id='word_1_305' title='bbox 1639 4669 2211 4748; x_wconf 76' lang='lat' dir='ltr'>persecutionem</span> <span class='ocrx_word' id='word_1_306' title='bbox 2241 4669 2639 4748; x_wconf 83' lang='lat' dir='ltr'>patientur.</span> <span class='ocrx_word' id='word_1_307' title='bbox 2673 4667 2928 4731; x_wconf 89' lang='lat' dir='ltr'>Primis</span> <span class='ocrx_word' id='word_1_308' title='bbox 2956 4683 3144 4729; x_wconf 89' lang='lat' dir='ltr'>men·</span> 
     </span>
    </p>
   </div>
  </div>
 </body>
</html>
