3679 5414
1596 437 1724 497 Ax.
1771 437 1912 497 1552
2304 524 2309 528 ἢ
2881 437 2999 498 οιτ

647 581 788 645 462.
877 582 1054 647 Cum
1085 584 1270 647 ratio
1298 584 1726 663 studiorum,
1760 600 1899 664 qua
1928 584 1999 646 in
2028 583 2281 647 litteris
2310 591 2380 646 et
2415 583 2670 664 spiritu
2713 584 2989 648 externi

525 690 936 754 scholastici
980 689 1319 771 juvantur
1358 693 1430 756 in
1469 691 1803 772 Collegiis
1847 692 2104 756 italicis
2152 690 2560 770 SocietatiS,
2616 690 2989 756 Salmanti-

521 814 682 861 cam
710 799 931 862 missa
961 809 1170 876 esset,
1204 801 1461 863 mirum
1491 801 1563 863 in
1591 800 1880 864 modum
1907 800 2193 881 placuit.
2227 800 2426 862 Licet
2454 799 2643 862 enim
2673 799 2860 879 quod
2894 800 2987 864 ad

515 905 791 969 litteras
821 907 1103 987 attinet,
1146 924 1410 988 magna
1452 916 1995 988 praeceptorum
2039 908 2245 988 copia
2284 906 2718 971 Salmantica
2769 907 2984 971 abun-

519 1012 754 1093 daret,
790 1013 882 1076 ad
910 1014 1472 1094 promovendum
1502 1024 1738 1078 tamen
1783 1032 1945 1078 cum
1987 1015 2238 1078 litteris
2275 1014 2599 1095 spiritum
2640 1033 2725 1078 ac
2764 1015 2983 1079 virtu-

519 1128 685 1199 tem,
721 1121 1207 1185 instructionis
1232 1122 1518 1185 modum
1545 1122 1760 1186 talem
1787 1140 1931 1185 non
1961 1121 2315 1185 habebant
2347 1119 2387 1184 ⁸.

637 1227 778 1290 463.
866 1227 1356 1308 Significatum
1386 1230 1617 1293 fuerat
1659 1228 1748 1293 D.
1795 1229 2162 1307 Torrensi,
2198 1229 2387 1309 quod
2424 1228 2818 1309 capellania
2862 1245 2980 1308 ap-

517 1336 779 1413 plicata
835 1353 963 1415 per
1012 1336 1462 1401 Cardinalem
1530 1337 1970 1416 Burgensem
2035 1336 2351 1415 Collegio
2411 1334 2982 1413 Salmanticensi,

514 1441 825 1521 litigiosa
856 1453 1032 1523 erat,
1066 1453 1135 1508 et
1165 1444 1264 1507 ita
1293 1462 1436 1507 non
1468 1462 1624 1507 esse
1654 1443 1862 1524 hujus
1888 1444 2322 1507 fundationis
2342 1443 2691 1507 rationem
2721 1443 2982 1506 haben—

514 1549 701 1628 dam,
736 1559 804 1612 et
833 1549 1195 1615 Cardinali
1223 1552 1595 1632 Burgensi,
1628 1551 1716 1615 D.
1752 1552 2141 1615 Francisco
2173 1550 2260 1614 de
2289 1549 2665 1629 Mendoza,
2694 1550 2979 1614 minime

516 1656 888 1738 displicere
917 1667 994 1721 ut
1039 1660 1253 1723 aliam
1282 1659 1768 1724 fundationem
1796 1679 1883 1723 ac
1924 1660 2138 1723 etiam
2177 1659 2624 1723 fundatorem
2674 1659 2781 1722 sui
2825 1658 2982 1722 Col-

510 1764 677 1843 legii
708 1765 1128 1830 invenirent.
1163 1766 1540 1847 Displicuit
1564 1778 1802 1831 autem
1823 1768 2121 1831 Doctori
2144 1766 2219 1830 P.
2255 1768 2594 1831 Torrensi
2623 1765 2812 1847 quod
2834 1784 2981 1832 non

514 1880 679 1934 ante
719 1873 1077 1937 biennium
1121 1876 1256 1938 hoc
1301 1894 1341 1938 a
1383 1875 1744 1938 Cardinali
1782 1875 2134 1955 Burgensi
2183 1874 2660 1954 significatum
2701 1874 2973 1950 fuisset,

512 1995 678 2041 narn
717 1978 804 2043 de
844 1982 1169 2045 manibus
1220 1983 1403 2046 elabi
1450 1984 1872 2065 permiserat
1919 1983 2189 2046 reditus
2239 1999 2382 2045 non
2421 1982 2754 2060 exiguos,
2809 1980 2977 2045 dum

509 2084 956 2151 fundatorem
971 2090 1232 2153 habere
1256 2090 1646 2171 Collegium
1671 2089 2232 2154 Salmanticense
2253 2090 2716 2167 existimaret,
2743 2089 2973 2169 ipsum

508 2194 780 2259 scilicet
809 2194 1074 2260 dictum
1105 2196 1579 2261 Cardinalem.
1615 2197 1901 2262 Patrem
1930 2207 2168 2260 tamen
2196 2196 2474 2275 Strada‚
2508 2196 2766 2275 Burgis
2808 2213 2974 2259 evo-

506 2300 812 2365 candum
842 2304 1206 2384 censebat,
1239 2314 1316 2368 ut
1345 2323 1536 2368 nova
1564 2306 1992 2368 excitatione
2023 2305 2420 2368 animorum
2451 2320 2577 2384 per
2614 2302 2764 2383 ejus
2802 2320 2968 2365 con-

411 2456 415 2461 .
505 2408 750 2472 ciones
786 2410 1009 2490 facta,
1055 2412 1339 2475 occasio
1381 2412 1593 2475 alicui
1632 2411 1920 2475 daretur
1959 2411 2050 2475 ad
2088 2411 2572 2474 fundationem
2611 2409 2762 2490 ejus
2812 2409 2966 2473 Col·

501 2517 671 2596 legii
700 2519 1223 2598 suscipiendam
1262 2520 1305 2582 ³.

621 2625 764 2688 464.
851 2626 925 2692 Ρ.
961 2627 1301 2707 Ignatius,
1335 2627 1637 2691 liberare
1665 2627 1740 2691 P.
1777 2627 2135 2692 Simonem
2165 2643 2379 2690 onere
2411 2624 2765 2705 regendae
2797 2623 2966 2687 Pro-

501 2734 815 2813 vinciae,
848 2744 923 2798 ut
954 2736 1276 2817 superius
1308 2737 1575 2800 dictum
1606 2746 1713 2800 est
1733 2786 1747 2815 ,
1780 2738 2061 2814 volenS,
2097 2736 2481 2816 scripserat
2509 2734 2585 2798 P.
2630 2732 2966 2796 Torrensi

502 2850 571 2902 et
602 2841 816 2904 etiam
844 2842 919 2905 P.
954 2842 1340 2907 Francisco
1378 2844 1643 2923 Borgia
1681 2853 1758 2906 ut
1798 2844 1871 2906 in
1911 2842 2418 2922 Portugalliam
2462 2859 2538 2905 se
2584 2839 2963 2904 conferret.

503 2947 760 3012 Visum
788 2958 895 3012 est
923 2960 1161 3013 tamen
1191 2950 1266 3014 P.
1303 2951 1660 3031 Torrensi,
1694 2951 1812 3031 qui
1838 2951 2142 3014 vicinior
2165 2959 2340 3027 erat,
2373 2949 2646 3012 litteras
2676 2964 2802 3027 per
2826 2945 2963 3009 fra-

501 3064 683 3119 trem
712 3057 1087 3137 quemdam
1118 3059 1190 3122 in
1219 3057 1729 3138 Portugalliam
1759 3059 2186 3123 destinatum
2217 3056 2306 3119 ad
2331 3056 2405 3119 P.
2440 3056 2786 3119 Mironem
2808 3054 2965 3117 mit·

499 3172 673 3244 tere,
730 3165 981 3245 quibus
1037 3166 1100 3228 ei
1157 3165 1605 3245 significabat
1662 3165 1828 3247 quid
1889 3167 2021 3229 sibi
2071 3185 2114 3229 a
2163 3163 2237 3227 P.
2293 3164 2571 3244 Ignatio
2619 3162 2962 3242 scriptum

500 3281 687 3335 esset
727 3272 812 3335 de
853 3272 1082 3335 officio
1122 3273 1592 3337 Provincialis
1641 3273 1870 3336 eidem
1919 3273 1995 3337 P.
2051 3273 2309 3336 Mironi
2349 3270 2872 3346 committendo,
2919 3286 2961 3331 a

501 3396 641 3459 quo
693 3378 767 3442 P.
823 3379 1067 3443 Simon
1115 3380 1553 3460 liberaretur,
1603 3390 1671 3444 et
1711 3381 1848 3444 sibi
1887 3399 1971 3445 ac
2016 3379 2092 3442 P.
2134 3379 2519 3443 Francisco
2571 3376 2964 3457 injunctum

501 3503 659 3548 esse
688 3498 764 3549 ut
792 3487 866 3550 in
894 3487 1404 3567 Portugalliam
1436 3506 1510 3551 se
1542 3488 1968 3565 conferrent,
2004 3488 2170 3569 quia
2198 3486 2352 3550 Rex
2385 3494 2634 3566 optare
2677 3484 2959 3548 videba-

503 3602 619 3655 tur
659 3602 727 3656 et
765 3595 977 3657 etiam
1021 3594 1262 3659 Infans
1298 3596 1738 3673 LudovicuS,
1793 3595 1945 3675 ejus
1998 3595 2244 3672 frater,
2287 3604 2362 3657 ut
2401 3593 2475 3656 P.
2532 3592 2961 3656 Franciscus

500 3699 795 3780 Borgia,
830 3702 915 3764 de
946 3720 1083 3782 quo
1109 3712 1256 3766 tam
1284 3705 1504 3765 multa
1533 3703 1724 3766 fama
1754 3702 2056 3780 ferebat,
2092 3703 2182 3765 ad
2211 3718 2512 3782 regnum
2539 3701 2734 3763 illum
2763 3716 2959 3762 acce-

499 3806 727 3885 deret;
762 3818 831 3872 et
863 3811 960 3872 ita
981 3809 1058 3872 P.
1086 3810 1551 3874 Franciscum
1573 3811 1837 3891 Borgia
1860 3810 2343 3890 exspectabat,
2371 3817 2445 3872 ut
2470 3808 2677 3872 simul
2701 3808 2772 3870 in
2794 3805 2958 3869 Por·

501 3917 870 3996 tugalliam
901 3919 1307 3981 transirent.
1340 3918 1730 3998 Respondit
1762 3927 2001 3981 autem
2030 3917 2105 3981 P.
2140 3916 2405 3996 Miron,
2452 3933 2529 3979 re
2570 3932 2730 3979 cum
2758 3931 2958 3995 prae-

500 4025 726 4106 cipuis
776 4023 1149 4089 Societatis
1197 4026 1551 4105 religiosis
1600 4027 2157 4106 communicata,
2202 4026 2393 4089 nullo
2442 4023 2658 4088 modo
2707 4039 2964 4087 conve-

499 4132 651 4196 nire
682 4143 757 4196 ut
790 4133 937 4212 ipse
969 4141 1037 4195 et
1066 4132 1300 4196 minus
1344 4135 1584 4214 utique
1626 4133 1703 4196 P.
1745 4133 2175 4196 Franciscus
2212 4132 2477 4212 Borgia
2521 4149 2605 4194 eo
2645 4141 2963 4211 ternpore

502 4240 573 4302 in
623 4240 1133 4318 Portugalliam
1184 4241 1539 4321 venirent,
1583 4239 1707 4304 sed
1759 4252 1834 4303 ut
1888 4240 2436 4321 expeditionem,
2491 4256 2705 4319 quam
2752 4238 2964 4301 habe-

496 4346 702 4426 bant,
736 4346 811 4410 P.
847 4347 1103 4427 Ignatii
1134 4348 1225 4411 ad
1255 4347 1822 4411 transferendum
1855 4347 2159 4410 officium
2181 4346 2650 4411 Provincialis
2679 4364 2721 4409 a
2751 4345 2828 4409 P.
2861 4344 2962 4409 Si·

580 4558 597 4589 ¹
656 4555 927 4609 Polancus,
950 4567 1015 4598 ex
1034 4567 1184 4606 com„
1203 4555 1348 4599 Patri
1369 4555 1610 4600 Michaeli
1644 4556 1706 4599 de
1741 4555 1949 4608 Torres,
1984 4556 2047 4600 de
2081 4561 2343 4610 potestate
2374 4555 2670 4599 conferendi
2700 4555 2894 4609 gradus
2913 4556 2967 4599 in

497 4629 691 4673 nostris
711 4628 921 4681 scholis,
943 4629 1005 4672 de
1027 4628 1416 4672 exercitationis
1438 4629 1781 4683 scholasticis,
1801 4629 1865 4673 de
1881 4629 2207 4683 praepositis,
2228 4635 2348 4681 etc..
2371 4630 2389 4672 l
2417 4627 2749 4683 Septembris.

578 4704 601 4734 ἱ
655 4702 722 4745 V.
746 4703 896 4754 infra.
920 4713 1057 4745 num.
1078 4702 1174 4745 475.
