3679 5414
1476 492 1604 550 AN.
1652 491 1789 549 1550
2785 497 2862 556 33

407 646 756 716 teressent;
801 637 996 717 quod
1035 637 1329 699 multum
1372 637 1884 700 aedificationis
1921 638 2195 701 civitati
2236 641 2650 720 praebebat,
2696 660 2856 706 cum

405 762 501 823 ea,
545 762 719 823 quae
767 745 845 806 in
895 744 1444 824 quadragesima
1483 744 1635 806 fieri
1673 744 2024 823 solebant,
2058 745 2130 807 in
2169 747 2665 827 carnis-privio
2704 750 2857 825 fieri

407 851 869 914 observarent.

510 957 606 1019 60.
691 957 1000 1037 Quidam
1029 959 1243 1020 etiam
1274 975 1358 1021 eo
1398 968 1715 1038 tempore
1755 959 1845 1020 ab
1885 960 2245 1022 immundo
2289 962 2538 1040 spiritu
2567 980 2693 1042 per
2722 962 2857 1025 Dei

405 1066 690 1144 gratiam
719 1065 1062 1128 liberatus
1091 1073 1219 1143 est,
1253 1083 1295 1126 a
1326 1082 1464 1144 quo
1496 1075 1799 1152 quatuor
1839 1066 2045 1127 annis
2084 1076 2384 1129 vexatus
2421 1068 2682 1148 fuerat;
2723 1088 2854 1132 nec

408 1172 675 1234 deerant
702 1172 777 1234 id
805 1172 1147 1251 temporis
1176 1172 1296 1251 qui
1325 1172 1515 1234 domi
1551 1179 1838 1235 nostrae
1880 1173 2454 1253 carnis-privium
2494 1174 2859 1239 honestius

407 1279 776 1357 exigerent,
819 1297 984 1341 cum
1034 1288 1180 1341 tres
1230 1287 1297 1341 et
1349 1288 1654 1358 quatuor
1703 1279 2003 1357 singulis
2051 1280 2376 1342 noctibus
2425 1290 2677 1360 sponte
2727 1301 2854 1345 sua

407 1402 647 1464 magna
676 1404 839 1448 cum
867 1386 1260 1449 humilitate
1289 1403 1418 1465 pro
1450 1386 1597 1448 suis
1637 1396 1706 1448 et
1747 1386 2047 1466 publicis
2073 1388 2404 1465 peccatis
2441 1388 2740 1467 flagellis
2781 1408 2858 1452 se

407 1492 784 1572 caederent,
839 1511 1003 1556 curn
1051 1510 1314 1571 magna
1365 1493 1646 1556 interim
1692 1493 2041 1556 charitate
2086 1494 2268 1556 inter
2313 1511 2388 1557 se
2432 1504 2499 1557 et
2542 1495 2858 1558 fraterna

405 1599 641 1663 unione
667 1600 824 1663 Deo
854 1600 1344 1663 inservientes,

508 1708 603 1770 61.
689 1707 996 1787 Quidam
1024 1727 1114 1770 ex
1142 1708 1405 1770 nostris
1431 1707 1794 1786 fratribuS,
1829 1708 2085 1771 Petrus
2126 1709 2397 1772 scilicet
2417 1692 2668 1788 *Riera,
2712 1720 2856 1773 tam

401 1815 703 1893 graviter
733 1823 899 1877 tunc
931 1815 1368 1894 aegrotavit,
1403 1823 1479 1876 ut
1509 1814 1855 1876 miraculo
1888 1814 2135 1877 datum
2164 1816 2285 1894 sit,
2320 1817 2506 1896 quod
2537 1817 2707 1880 illud
2743 1835 2855 1897 pe·

401 1910 683 1984 riculum
720 1921 969 1983 mortis
1016 1920 1357 1997 evaserit,
1403 1919 1591 2000 quod
1637 1920 1967 1982 humanis
2005 1921 2271 1984 viribus
2314 1923 2503 1985 haud
2552 1923 2702 1986 fieri
2739 1941 2857 2003 po·

399 2029 602 2090 tuisse
630 2028 1010 2090 videbatur
1043 2026 1083 2090 ¹.

502 2133 602 2197 62.
687 2134 1123 2198 Consuetum
1151 2142 1305 2196 erat
1333 2142 1409 2195 ut
1440 2143 1698 2196 octavo
1732 2152 2009 2214 quoque
2039 2135 2149 2197 die
2174 2134 2473 2198 Romam
2497 2154 2535 2198 e
2560 2137 2859 2216 singulis

398 2242 559 2303 locis
588 2240 1038 2319 scriberetur,
1073 2249 1141 2302 et
1173 2258 1217 2303 a
1245 2239 1322 2302 P.
1354 2238 1630 2318 Ignatio
1662 2240 2038 2319 diligenter
2069 2241 2139 2303 id
2177 2242 2615 2321 exigebatur,
2658 2242 2858 2323 cujus

396 2349 680 2429 litterae,
728 2349 788 2411 si
837 2357 1127 2429 propter
1175 2349 1677 2426 occupationes
1714 2348 2093 2428 aliquando
2133 2350 2395 2412 nostris
2440 2352 2599 2429 plus
2638 2352 2849 2415 solito

399 2455 642 2519 dilatae
670 2456 990 2532 fuissent,
1016 2455 1220 2535 quasi
1247 2457 1432 2517 lacte
1463 2464 1846 2518 consuetae
1879 2457 2381 2519 consolationis
2409 2458 2671 2535 privati
2694 2477 2852 2521 con-

397 2563 880 2642 querebantur,
915 2572 985 2625 et
1014 2561 1506 2642 castigationis
1537 2562 1694 2624 loco
1725 2562 1793 2624 id
1826 2562 2146 2625 ferebant
2178 2560 2222 2625 ².

496 2668 598 2733 63.
689 2669 867 2734 Cum
905 2669 1399 2751 processiones
1439 2669 1763 2748 publicae
1812 2667 2184 2732 Messanae
2235 2677 2343 2732 ter
2380 2686 2641 2750 magna
2693 2689 2854 2734 cum

397 2794 639 2858 pompa
677 2755 913 2841 sactae
951 2777 1281 2855 fuissent,
1326 2778 1399 2839 in
1439 2777 1764 2840 omnibus
1801 2794 1844 2838 a
1875 2777 2139 2838 nostris
2169 2794 2331 2838 cum
2359 2777 2850 2842 aedificatione

398 2885 882 2947 concionatum
911 2893 1052 2961 est,
1087 2901 1247 2947 cum
1278 2901 1523 2946 eorum
1553 2900 1770 2963 opera
1802 2882 1894 2945 ad
1923 2883 1995 2945 id
2024 2891 2499 2961 expeteretur.

496 2993 598 3053 64.
690 2991 866 3055 Cum
917 2991 1289 3071 epistolam
1326 2990 1420 3053 ad
1461 3007 1794 3053 romanos
1846 2988 1919 3051 Ρ.
1963 2989 2236 3052 Natalis
2273 2991 2740 3070 prael'egisset
2781 2993 2848 3054 in

399 3099 774 3162 cathedrali
822 3097 1121 3163 ecclesia
1171 3098 1443 3160 aestivo
1483 3106 1830 3176 ternpore,
1884 3097 2201 3176 psalmos
2250 3096 2551 3160 Davidis
2592 3099 2846 3161 ibidem

398 3207 615 3285 legere
645 3222 1035 3285 aggressus
1063 3213 1191 3282 est,
1224 3213 1292 3267 et
1319 3205 1478 3266 loco
1508 3203 1874 3266 doctrinae
1897 3204 2328 3267 christianae
2358 3206 2430 3268 in
2460 3206 2847 3270 meditatio·

397 3313 489 3374 nis
515 3313 808 3375 modum
834 3311 1058 3374 vitam
1087 3311 1372 3390 Christi,
1404 3320 1615 3391 prout
1644 3311 1718 3372 in
1747 3310 2143 3391 Evangelio
2191 3312 2612 3390 continetur,
2657 3313 2846 3376 audi-

399 3419 645 3483 toribus
685 3437 851 3482 cum
902 3436 1044 3481 non
1094 3418 1518 3497 poenitendo
1559 3417 1794 3481 fructu
1835 3419 2192 3498 exposuit,
2239 3428 2308 3481 et
2350 3428 2664 3498 tempore
2703 3420 2844 3496 illo,

398 3542 515 3604 quo
541 3547 581 3589 a
609 3525 869 3590 studiis
896 3525 1302 3588 vacandum
1329 3535 1480 3587 erat
1498 3574 1512 3602 ,
1561 3526 1941 3616 sphaeram
1971 3526 2187 3588 etiam
2216 3526 2561 3606 praelegit
2590 3527 2661 3589 in
2693 3527 2845 3590 Col-

399 3632 581 3711 legio.

498 3740 593 3801 65.
684 3738 868 3803 Cum
898 3739 1111 3819 aliqui
1143 3739 1455 3801 amicitia
1481 3739 1688 3801 valde
1720 3737 2075 3818 conjuncti
2106 3757 2540 3821 magnopere
2561 3740 2841 3820 jubilaei

401 3848 684 3922 gratiam
727 3846 1102 3909 Messanae
1153 3845 1467 3908 obtinere
1516 3863 1726 3925 posse
1777 3855 2173 3925 optassent,
2221 3864 2347 3927 per
2398 3847 2475 3910 P.
2522 3848 2845 3911 Natalem

402 3968 621 4016 eorum
650 3952 1006 4016 desideria
1033 3952 1109 4014 P.
1137 3950 1413 4031 Ignatio
1444 3950 1725 4015 fuerunt
1757 3952 2188 4030 significata,
2222 3954 2342 4034 qui
2372 3972 2530 4017 cum
2568 3973 2612 4017 a
2651 3953 2844 4018 Sum-

473 4155 485 4185 ¹
537 4155 806 4209 Polaticus,
828 4167 896 4199 ex
915 4157 1314 4209 commissione,
1334 4155 1481 4199 Patri
1505 4154 1820 4212 Hieronymo
1842 4155 2036 4208 Natali,
2059 4156 2121 4198 de
2155 4156 2484 4211 aegritudine
2507 4158 2647 4202 Petri
2670 4157 2846 4207 Riera.

403 4236 555 4269 mense
573 4227 763 4271 Martio
784 4228 882 4271 sub
902 4226 1071 4270 finem.

470 4299 491 4328 ²
539 4298 610 4341 De
631 4300 934 4343 litterarum
951 4298 1170 4341 Romam
1187 4310 1252 4341 ex
1272 4299 1504 4342 omnibus
1523 4295 1667 4353 locis,
1692 4299 1775 4342 ubi
1814 4300 2002 4354 aliquis
2023 4301 2084 4344 de
2107 4300 2367 4345 Societate
2390 4303 2531 4356 degit
2552 4309 2605 4346 et
2626 4304 2849 4358 laborat,

402 4366 767 4424 mittendarum,
802 4370 969 4424 modo,
1003 4376 1248 4424 tempore,
1279 4371 1521 4425 materia,
1558 4371 1741 4424 forma,
1776 4377 1895 4423 etc..
1931 4372 2226 4429 encyclicae
2240 4405 2250 4425 ,
2284 4385 2374 4417 seu
2390 4407 2400 4427 ,
2438 4381 2494 4418 ut
2529 4373 2849 4430 dicebantur,

402 4438 677 4484 circulares
693 4443 906 4485 litterae
936 4441 1001 4486 ad
1021 4451 1197 4485 omnes
1216 4445 1268 4483 et
1289 4440 1521 4494 singulas
1541 4441 1820 4486 Societatis
1842 4444 2019 4489 domos
2038 4445 2246 4498 missae,
2266 4445 2346 4488 die
2364 4445 2392 4488 Β
2413 4445 2854 4492 Februarii.—Po·

403 4509 576 4563 laneus,
604 4523 672 4555 ex
704 4512 1098 4564 commissa‘one,
1127 4510 1279 4556 Mtro.
1313 4510 1527 4555 Nicolao
1559 4511 1825 4569 Launoyo.
1859 4522 1916 4559 ut
1950 4517 2166 4570 singulis
2201 4517 2607 4561 hebdomadibus
2626 4517 2845 4563 Romam

403 4581 976 4632 ecribat.221·'ebruarii.
1009 4583 1147 4627 Idem
1184 4582 1327 4627 Patri
1362 4582 1676 4640 Hieronymo
1698 4585 1889 4639 Natali,
1925 4594 1981 4630 ut
2013 4588 2300 4640 nitidiores,
2336 4600 2467 4642 quae
2504 4591 2570 4633 ab
2600 4591 2718 4634 aliis
2750 4594 2853 4646 legi

405 4650 700 4709 intelligique
719 4656 933 4710 possint.
955 4657 1074 4700 dum
1091 4656 1210 4701 aliis
1229 4657 1428 4710 scribit,
1450 4656 1698 4712 effingere
1719 4664 1865 4701 curet
1887 4659 2109 4714 litteras,
2136 4661 2190 4704 22
2208 4660 2400 4706 Martii.
2423 4661 2563 4705 Idem
2583 4664 2764 4718 eidem,
2786 4677 2817 4708 n
2831 4675 2847 4707 t

407 4731 510 4766 cum
530 4723 746 4769 Romam
763 4727 962 4780 scribit,
982 4728 1203 4780 litteras,
1223 4738 1324 4771 non
1343 4727 1567 4772 Polanco
1588 4728 1678 4772 sed
1699 4728 1905 4782 Ignatio
1926 4730 2202 4787 inscriptas
2224 4734 2416 4788 mittat,
2439 4736 2466 4777 7
2484 4734 2512 4786 J
2517 4734 2638 4779 unii.

2535 4840 2564 4895 3
