3679 5414
1602 494 1730 549 Ax.
1775 491 1915 550 1552
2881 489 2989 549 449

558 679 563 684 -
628 639 729 700 75.
817 637 988 717 Ejus
1030 654 1250 718 opera
1289 623 1567 717 aliquae
1611 637 2050 716 peccatrices
2091 635 2592 715 resipiscentes
2633 645 2987 700 monaste·

504 747 693 809 rium
744 745 1277 809 Conversarum
1333 753 1497 807 sunt
1554 743 1956 822 ingressae,
2018 752 2217 805 tanta
2274 760 2436 806 cum
2493 742 2984 807 aedificatione

506 852 781 934 populi,
827 861 903 914 ut
944 852 1069 914 vix
1114 851 1459 931 explicari
1498 851 1742 931 possit.
1796 850 2002 914 Duae
2045 850 2394 929 insignes,
2449 867 2631 929 quae
2680 867 2988 930 magnae

508 959 940 1023 multitudini
998 958 1364 1021 hominum
1430 956 1852 1021 offendiculo
1916 957 2231 1036 fuerant,
2312 955 2767 1022 deducendae
2826 976 2991 1022 cum

496 1076 791 1130 -armata
820 1083 1036 1129 manu
1068 1067 1159 1129 ad
1188 1066 1698 1128 monasterium
1735 1064 2056 1144 suerunt,
2105 1082 2269 1128 cum
2306 1064 2561 1129 milites
2601 1066 2858 1128 armati
2890 1066 2988 1130 in-

493 1190 840 1253 gressum
882 1189 1130 1237 earum
1166 1172 1508 1252 impedire
1546 1173 1728 1235 velle
1759 1181 2212 1253 putarentur;
2256 1172 2376 1252 qui
2403 1180 2666 1250 tamen,
2700 1173 2989 1236 comita·

510 1290 662 1344 tum
691 1282 945 1344 harum
984 1281 1359 1343 mulierum
1396 1288 1466 1342 et
1494 1279 1855 1359 publicam
1893 1279 2393 1343 auctoritatem
2435 1279 2783 1357 timenteS,
2815 1280 2992 1343 nihil

509 1396 894 1450 tentarunt.
945 1387 1287 1466 Virgines
1331 1386 1546 1450 etiam
1586 1384 1938 1465 quaedam
1988 1385 2061 1449 in
2101 1385 2287 1448 idem
2332 1386 2840 1450 monasterium
2889 1388 2989 1451 in·

505 1511 807 1573 gressae
857 1503 1022 1558 sunt
1070 1503 1360 1575 propter
1405 1494 1670 1556 bonum
1721 1492 2012 1556 odorem
2061 1492 2438 1572 religiosae
2477 1511 2562 1556 ac
2602 1494 2990 1574 spiritualis

512 1602 740 1677 vitae,
785 1620 999 1681 quam
1042 1602 1204 1664 illae
1234 1601 1574 1679 agebant;
1609 1619 1741 1663 nec
1774 1599 1991 1663 defuit
2036 1617 2127 1662 ex
2156 1600 2287 1678 his,
2335 1600 2449 1663 cui
2494 1617 2657 1663 cum
2685 1601 2990 1665 facultas

512 1707 606 1771 ad
637 1709 1038 1788 ingressum
1066 1717 1453 1788 negaretur
1495 1709 1582 1771 ab
1623 1708 1940 1770 externis
1983 1707 2436 1786 quibusdam,
2486 1725 2646 1771 cum
2684 1709 2985 1788 silenti0‚

502 1813 680 1878 dum
711 1815 1074 1897 praesides
1120 1834 1203 1878 ac
1247 1815 1657 1878 visitatores
1687 1814 2105 1877 monasterii
2148 1814 2724 1894 ingrederentur,
2774 1817 2990 1879 tacite

508 1922 764 2002 illapsa
793 1932 860 1985 et
890 1921 1133 2002 egredi
1163 1930 1411 2002 postea
1440 1923 1710 2000 nolenS,
1748 1939 1910 1985 cum
1940 1910 2432 1985 aedificatione
2461 1923 2776 1985 civitatis
2807 1923 2987 1986 inso-

512 2030 639 2093 lita
670 2030 931 2093 ibidem
962 2032 1241 2093 mansit.
1274 2028 1483 2092 ‘Aliae
1526 2030 1739 2091 etiam
1778 2029 1865 2091 de
1907 2028 2172 2091 civium
2201 2046 2526 2107 numero,
2571 2029 2759 2108 quod
2796 2027 2986 2093 vide·

510 2146 671 2200 rent
722 2137 1233 2200 monasterium
1282 2136 1452 2199 illud
1502 2135 1638 2198 frui
1690 2135 2152 2198 concionibus
2194 2144 2261 2198 et
2305 2136 2699 2199 ministerio
2750 2154 2987 2199 sacra·

512 2254 918 2306 mentorum
968 2243 1041 2306 P.
1097 2242 1482 2323 Sylvestri,
1545 2243 1637 2305 ad
1695 2241 1883 2305 idem
1938 2242 2446 2331 monasterium
2497 2242 2983 2323 adspirabant;

516 2352 736 2430 quod,
779 2360 855 2414 ut
894 2350 1271 2431 aliquando
1317 2349 1607 2413 infamia
1651 2350 2138 2428 laboraverat,
2192 2350 2290 2412 ita
2335 2368 2523 2413 nunc
2566 2352 2773 2413 suavi
2816 2352 2986 2415 boni

514 2459 822 2522 nominis
857 2458 1256 2537 fragrantia
1295 2458 1509 2520 etiam
1546 2457 1929 2536 primarias
1967 2466 2335 2520 matronas
2373 2457 2755 2537 invitabat,
2803 2476 2987 2538 quae

515 2566 686 2629 illud
729 2564 918 2628 haud
964 2565 1169 2628 dubie
1219 2573 1422 2626 erant
1471 2564 1958 2642 ingressurae,
2013 2563 2073 2625 si
2123 2563 2556 2636 subumbra
2606 2562 2988 2628 Societatis

515 2684 803 2737 nostrae
854 2670 1023 2736 illud
1072 2680 1695 2753 perseveraturum
1744 2668 2230 2733 credidissent.
2289 2669 2470 2750 Quia
2521 2680 2760 2734 autem
2816 2681 2985 2737 tem·

516 2784 709 2861 plum
739 2781 1267 2845 Conversarum
1294 2790 1364 2842 et
1398 2797 1606 2842 mane
1652 2787 2035 2858 angustum
2076 2779 2287 2841 nimis
2317 2789 2470 2842 erat
2515 2780 2605 2843 ad
2650 2780 2985 2844 confiten-

515 2889 693 2951 tium
721 2897 790 2950 et
820 2887 1491 2951 communicantium
1520 2886 1993 2965 frequentiam
2032 2885 2552 2966 excipiendam,
2596 2897 2666 2951 et
2696 2906 2738 2950 a
2776 2906 2986 2968 pran-

502 2995 634 3058 dio
665 2995 756 3057 ad
796 2995 1152 3058 auditores
1203 2994 1652 3071 concionum,
1711 3002 1999 3055 auctum
2042 3002 2147 3055 est
2191 3002 2261 3055 et
2306 2994 2516 3073 duplo
2560 2994 2789 3075 majus
2828 2994 2987 3058 effe-

517 3111 744 3180 ctum;
799 3101 921 3165 sed
973 3121 1060 3165 ne
1112 3102 1181 3165 id
1226 3101 1509 3181 quidem
1551 3099 1974 3178 sufficiebat,
2023 3117 2186 3162 cum
2226 3100 2445 3163 multo
2489 3102 2728 3181 plures
2773 3119 2987 3182 quam

512 3226 774 3288 capere
803 3219 1043 3289 posset
1072 3226 1156 3271 eo
1189 3208 1638 3284 accederent,
1684 3217 1755 3270 et
1795 3207 1886 3269 ad
1929 3216 2210 3286 portam
2251 3225 2336 3269 ac
2379 3208 2732 3287 porticum
2760 3218 2988 3273 exter·

516 3333 685 3378 num
716 3318 914 3379 multi
946 3316 1346 3378 audiebant.
1382 3314 1798 3378 Sacristiam
1828 3315 2045 3377 etiam
2076 3314 2170 3376 ibi
2200 3314 2564 3378 aedificari
2595 3307 2902 3382 curavit.

640 3423 739 3486 76.
830 3423 1007 3487 Cum
1063 3433 1339 3504 partem
1391 3422 1736 3484 dioecesis
1793 3420 2213 3483 mutin'ensis
2272 3439 2524 3485 versus
2579 3422 2989 3487 Ferrariam

519 3530 909 3608 visitasset,
945 3533 1202 3593 multas
1234 3529 1770 3610 superstitiones
1810 3539 1880 3590 et
1919 3545 2202 3590 errores
2245 3529 2527 3592 sustulit
2570 3541 2637 3593 et
2681 3548 2811 3610 pro
2858 3549 2988 3595 suo

520 3654 716 3701 more
746 3638 1185 3717 frequentem
1215 3636 1783 3700 communionem
1813 3635 2232 3698 introduxit.

641 3745 740 3807 77.
828 3744 1061 3822 Multi,
1097 3745 1214 3824 qui
1245 3744 1578 3806 carnibus
1608 3744 1680 3805 in
1710 3743 2261 3822 quadragesima
2291 3745 2488 3806 vesci
2527 3746 2715 3808 soliti
2759 3756 2988 3827 erant,

506 3850 671 3930 ejus
702 3869 919 3931 opera
951 3852 1041 3914 ad
1070 3852 1595 3928 abstinentiam,
1624 3867 1837 3930 quam
1861 3849 2184 3912 Ecclesia
2207 3851 2577 3931 praecipit,
2610 3853 2993 3917 observan-

510 3958 687 4021 dam
725 3959 1010 4022 adducti
1051 3959 1354 4021 fuerunt.
1409 3958 1589 4022 Cum
1639 3957 1847 4036 pauci
1901 3957 1992 4019 ad
2041 3958 2417 4020 ecclesiam
2466 3960 2807 4023 accedere
2858 3963 2994 4042 ipsi

520 4065 935 4129 viderentur
985 4075 1053 4128 et
1101 4067 1338 4145 plures
1390 4066 1461 4128 in
1510 4065 1767 4144 plateis
1810 4064 2117 4127 inveniri
2158 4082 2404 4145 posse,
2451 4067 2735 4145 petebat
2776 4068 2996 4132 facul-

521 4181 740 4235 tatem
769 4173 844 4236 P.
878 4173 1243 4253 Sylvester
1275 4192 1318 4235 a
1348 4171 1422 4235 P.
1458 4171 1734 4250 Ignatio
1766 4180 1839 4234 ut
1871 4172 1942 4233 in
1974 4170 2374 4250 huJ'usmodi
2412 4174 2665 4252 plateis
2693 4177 2997 4255 publicis

517 4280 936 4343 concionari
974 4282 1040 4343 ei
1077 4280 1352 4355 liceret;
1400 4281 1565 4360 quia
1609 4289 1847 4342 tamen
1896 4278 1967 4341 id
2017 4278 2349 4358 expedire
2399 4297 2545 4343 non
2595 4283 2992 4365 videbatur,

522 4395 813 4465 propter
850 4388 987 4449 alia
1027 4388 1300 4466 munia,
1346 4387 1600 4466 quibus
1638 4385 1955 4447 Mutinae
1993 4385 2145 4464 ipse
2181 4385 2632 4468 fungebatur,
2675 4390 2853 4454 haec
2894 4392 2995 4455 fa·

523 4495 751 4556 cultas
780 4494 845 4556 ei
874 4512 1017 4557 non
1043 4504 1147 4557 est
1173 4512 1539 4558 concessa.

642 4599 742 4663 78.
831 4600 1226 4665 Postulavit
1275 4620 1318 4663 a
1368 4600 1442 4663 P.
1499 4600 1776 4678 Ignatio
1825 4599 2138 4680 Joannes
2196 4599 2681 4666 Castelvetrus
2737 4622 2868 4668 suo
2926 4617 2996 4671 et

510 4705 825 4771 aliorum
853 4708 1169 4787 nomine,
1213 4709 1333 4788 qui
1375 4709 1626 4771 domus
1666 4706 2201 4770 Conversarum
2233 4725 2477 4771 curam
2516 4713 2885 4795 gerebant,
2920 4725 2997 4779 ut

2608 4842 2679 4897 29
