3679 5414
728 474 799 533 12
1632 472 1890 532 Cimon.
1932 470 2086 531 Soc.
2132 471 2272 544 Jsss.

854 617 946 682 18.
1036 618 1363 683 Cesserat
1419 618 1517 681 illi
1573 618 1648 681 P.
1708 617 2027 697 Ignatius
2083 617 2465 697 quamdam
2530 633 2870 679 romanae
2936 616 3187 679 domus

722 735 1023 808 partem,
1050 744 1231 806 quae
1252 727 1511 805 templo
1526 726 1944 806 adhaerens,
1968 725 2177 788 horto
2200 724 2430 788 medio
2454 725 2544 787 ab
2564 722 2998 786 habitatione
3022 723 3187 785 alio·

724 851 885 897 rum
914 833 1354 911 cernebatur,
1389 841 1457 895 et
1486 840 1895 911 separatum
1922 832 2226 895 habebat
2248 831 2529 909 ostium,
2554 848 2681 911 per
2704 830 2892 911 quod
2913 831 3187 893 externi

722 950 796 1004 et
826 939 1100 1004 admitti
1131 940 1221 1003 ad
1250 940 1756 1003 habitationem
1785 949 1854 1003 et
1884 939 2140 1002 dimitti
2170 939 2387 1002 etiam
2406 949 2725 1019 possent,
2752 955 2898 1000 non
2919 945 3186 1018 pertur-

725 1047 893 1110 bata
922 1046 1176 1110 domus
1205 1056 1493 1109 nostrae
1524 1047 1786 1126 quiete;
1821 1045 2134 1127 quotidie
2171 1045 2624 1108 nihilominus
2660 1061 2825 1107 cum
2863 1044 2940 1108 P.
2984 1044 3187 1123 Igna-

726 1153 826 1217 tio
849 1162 918 1216 et
942 1153 1098 1216 aliis
1121 1153 1562 1216 familiariter
1586 1170 1803 1232 agere
1826 1161 2129 1233 poterat;
2156 1160 2227 1215 et
2248 1151 2911 1232 omnibus'profecto
2930 1199 2944 1228 ,
2975 1151 3188 1214 etiam

726 1259 799 1322 in
827 1260 1171 1339 religione
1197 1260 1590 1338 veteraniS,
1625 1276 1967 1339 magnum
2001 1277 2174 1322 suae
2213 1258 2705 1338 abnegationis
2745 1276 2830 1322 ac
2868 1257 3189 1321 obedien·

723 1368 866 1430 tiae
915 1384 1002 1429 ac
1051 1367 1437 1430 solidarum
1486 1368 1828 1430 virtutum
1875 1367 2275 1446 exemplum
2321 1365 2665 1447 praebuit.
2720 1364 3049 1428 Nondum
3089 1373 3189 1427 ta-

727 1491 889 1537 men
931 1473 1253 1537 omnibus
1283 1473 1688 1537 domesticis
1717 1473 1868 1554 ejus
1905 1473 2295 1554 professi0,
2337 1473 2553 1537 immo
2582 1490 2713 1546 nec
2750 1472 3190 1553 propositum

725 1582 1127 1645 innotuerat
1155 1631 1169 1662 ,
1241 1580 1567 1661 quamvis
1633 1598 1722 1643 ex
1789 1581 2225 1645 abundantia
2289 1580 2526 1644 cordis
2592 1579 2829 1660 aliqua
2898 1579 2969 1641 in
3044 1576 3192 1657 ejus
3251 1618 3254 1622 »

725 1689 929 1752 vultu
957 1698 1026 1751 et
1065 1688 1305 1751 verbis
1343 1688 1550 1766 signa
1589 1695 2068 1750 cernerentur.
2112 1687 2200 1750 Et
2238 1696 2314 1750 ut
2357 1705 2448 1750 ex
2489 1686 2726 1749 multis
2762 1702 2981 1748 unum
3017 1684 3191 1747 refe·

725 1813 906 1874 ram,
940 1812 1103 1858 cum
1132 1795 1348 1875 aliqui
1376 1813 1465 1857 ex
1496 1793 1826 1857 Patribus
1856 1792 2231 1857 Societatis
2271 1811 2434 1856 cum
2463 1792 2537 1856 P.
2572 1792 2849 1873 Ignatio
2878 1792 2951 1854 in
2973 1791 3194 1871 ipsius

725 1902 1053 1966 cubiculo
1102 1901 1469 1965 coenaturi
1498 1910 1764 1980 essent,
1806 1901 2095 1965 advenit
2133 1919 2224 1964 ex
2266 1900 2655 1981 improviso
2683 1900 2835 1980 ipse
2866 1898 3030 1961 Dux
3051 1916 3193 1961 una

723 2027 891 2073 cum
938 2009 1111 2089 filio,
1166 2008 1471 2072 Domino
1519 2008 1794 2091 Joanne
1833 2007 1921 2071 de
1968 2008 2262 2087 Borgia,
2312 2006 2604 2088 Reynae
2642 2005 3190 2085 Comendatarii,

725 2134 936 2197 quem
967 2133 1207 2180 secum
1244 2127 1318 2179 ut
1356 2116 1627 2179 itineris
1664 2115 1937 2178 socium
1977 2114 2400 2193 adduxerat,
2444 2123 2515 2177 et
2559 2123 2852 2195 uterque
2891 2114 3191 2195 parvulo

730 2224 944 2287 linteo
1000 2223 1360 2286 succintus
1415 2240 1545 2304 pro
1605 2239 1801 2285 more
1860 2222 2322 2285 coenantibus
2376 2221 2724 2284 inservire
2787 2222 3185 2301 voluerunt,

723 2349 815 2393 ac
869 2331 1065 2411 prius
1119 2330 1442 2393 manibus
1499 2346 1759 2410 aquam
1814 2329 2208 2407 infundere3
2258 2329 2426 2391 illud
2474 2338 2732 2407 tamen,
2795 2327 2983 2408 quod
3032 2345 3191 2391 con-

726 2446 1003 2500 suetum
1052 2455 1195 2499 non
1246 2445 1429 2516 erat,
1485 2436 1861 2515 addebant,
1914 2436 2102 2516 quod
2150 2436 2384 2515 capite
2434 2443 2681 2516 aperto
2730 2445 2799 2499 et
2848 2435 3047 2497 cibos
3095 2434 3190 2497 of·

728 2544 1048 2607 ferebant
1077 2553 1147 2606 et
1175 2553 1439 2625 potum.
1475 2542 1652 2608 Cum
1680 2552 1949 2623 autem,
1982 2554 2275 2624 peracta
2308 2560 2562 2621 coena,
2606 2543 2677 2605 in
2715 2542 3188 2620 refectorium,

725 2652 941 2715 immo
970 2659 1040 2715 et
1067 2651 1140 2714 in
1162 2651 1491 2730 culinam,
1527 2650 1619 2715 ad
1641 2650 2030 2714 abluendos
2052 2650 2287 2715 discos
2317 2650 2420 2715 ire
2441 2651 2733 2729 vellent,
2768 2648 2842 2713 P.
2878 2649 3194 2729 Ignatius

730 2759 1129 2839 suspicatus
1180 2759 1249 2821 id
1298 2758 1611 2822 facturos
1648 2775 1835 2838 esse,
1880 2758 2202 2822 ministro
2241 2758 2491 2821 domus
2529 2756 2829 2837 injunxit
2871 2767 2946 2821 ut
2985 2758 3191 2820 simul

729 2884 891 2930 cum
921 2866 1077 2929 aliis
1106 2866 1178 2928 in
1209 2867 1707 2945 ambulatoriO,
1741 2883 1882 2946 quo
1921 2866 2013 2929 ad
2040 2866 2491 2930 refectorium
2520 2865 2827 2928 eundum
2856 2874 3032 2944 erat,
3066 2881 3190 2927 eos

724 2973 1086 3053 exciperet
1116 2981 1185 3036 et
1207 2981 1624 3053 exspectare
1647 2972 1946 3053 juberet:
1969 2973 2248 3036 interim
2281 2973 2398 3035 alii
2428 2972 2817 3051 domestici,
2851 2980 2999 3034 tam
3028 2989 3187 3035 con-

728 3081 890 3144 ferti
921 3080 1366 3143 ambulatorii
1396 3079 1663 3142 exitum
1695 3079 2122 3146 obsederunt
2160 3089 2235 3143 ut
2273 3096 2730 3159 perrumpere
2770 3078 2842 3140 in
2882 3078 3191 3141 culinam

726 3205 873 3250 non
921 3189 1240 3250 valentes
1288 3181 1360 3248 in
1399 3184 1475 3248 P.
1529 3185 1786 3264 Ignatii
1827 3186 2224 3249 cubiculum
2261 3185 2632 3248 coenaturi
2670 3185 3001 3248 redirent.
3044 3184 3191 3248 Nec

726 3296 958 3357 solum
978 3295 1324 3374 exemplO,
1351 3291 1474 3356 sed
1498 3293 1716 3356 verbo
1740 3293 1954 3355 etiam
1971 3301 2040 3355 et
2057 3291 2445 3372 colloquiiS,
2469 3301 2619 3355 tam
2641 3293 2954 3356 externis
2978 3308 3190 3372 quam

725 3402 1136 3465 domesticis
1192 3400 1631 3480 spiritualem
1680 3397 2242 3462 aedificationem
2286 3415 2721 3479 magnopere
2750 3400 3186 3480 praestabat;

726 3526 898 3571 nam
924 3517 1207 3589 praeter
1238 3507 1529 3588 spiritus
1558 3514 1865 3586 gustum,
1890 3505 2255 3569 doctrinae
2277 3505 2492 3568 etiam
2514 3507 2856 3570 talentum
2877 3523 3020 3568 non
3041 3506 3187 3567 vul-

726 3632 905 3695 gare
934 3632 1107 3696 prae
1137 3632 1213 3677 se
1242 3613 1533 3678 ferebat.

856 3722 947 3784 19.
1037 3721 1437 3801 Antequam
1469 3720 1767 3784 Romam
1797 3720 2231 3801 perveniret,
2275 3737 2438 3784 cum
2476 3721 2880 3784 Ferrariam
2920 3719 3010 3782 ad
3048 3719 3189 3782 Du·

731 3846 887 3892 cem
915 3828 1314 3907 Herculem,
1347 3828 1479 3890 sibi
1509 3845 1769 3907 genere
1797 3828 2302 3908 propinquum,
2349 3827 2796 3891 invisendum
2833 3845 2910 3890 se
2949 3832 3192 3890 contu·

729 3936 947 4014 lisset,
981 3936 1067 3998 de
1097 3934 1412 4013 Collegio
1443 3935 1515 3998 in
1545 3935 1662 3998 illa
1694 3934 1982 3997 civitate
2019 3933 2447 3998 instituendo
2485 3935 2652 4014 egit;
2693 3934 2879 3997 unde
2902 3933 3050 4013 Jam
3079 3953 3193 3998 ex-

730 4042 893 4105 inde
943 4042 1029 4104 de
1076 4043 1233 4104 loco
1286 4041 1689 4122 quaerendo
1740 4050 1809 4104 et
1849 4040 1935 4103 de
1986 4041 2297 4105 subsidio
2336 4041 2744 4122 pecuniario
2787 4040 2878 4104 ad
2911 4050 3197 4105 nostros

729 4149 1023 4211 alendos
1052 4148 1458 4228 praebendo
1490 4146 1656 4210 Dux
1684 4147 2059 4210 Ferrariae
2090 4148 2408 4227 cogitare
2439 4148 2691 4229 coepit.

848 4255 950 4320 20.
1037 4254 1466 4337 Januensem
1521 4254 2157 4335 Archiepiscopum
2207 4254 2300 4318 ad
2342 4253 2734 4335 Collegium
2764 4256 3055 4320 Genuae
3097 4254 3194 4316 in·

728 4363 1165 4439 choandum‚
1199 4362 1557 4425 Bononiae
1589 4370 1824 4424 autem
1855 4362 2167 4441 legatum
2195 4362 2287 4425 ad
2308 4362 2868 4442 promovendum
2889 4360 3078 4441 quod
3101 4359 3195 4422 di-

730 4479 1007 4533 rectum
1038 4469 1203 4548 (sic)
1227 4478 1403 4547 erat,
1428 4468 1751 4539 hortatus
1774 4477 1904 4548 est;
1931 4469 2368 4533 tantumdem
2388 4469 2791 4533 Florentiae
2815 4485 2975 4532 cum
2997 4465 3196 4531 Duce

732 4587 800 4641 et
832 4577 1169 4656 Ducissa,
1202 4593 1384 4657 quae
1423 4575 1559 4655 ipsi
1602 4575 1816 4638 etiam
1855 4576 2202 4655 sanguine
2242 4574 2620 4657 conjuncta
2656 4582 2840 4654 erat,
2883 4573 2970 4637 de
3004 4574 3194 4637 insti-

729 4684 994 4748 tuendo
1025 4683 1342 4763 Collegio
1372 4682 1730 4761 tractavit,
1766 4691 1833 4745 et
1862 4691 1939 4745 ut
1963 4698 2176 4762 quam
2202 4682 2537 4746 citissime
2560 4680 2743 4745 mitti
2767 4690 3053 4760 possent
3067 4669 3196 4743 'ali-
