3679 5414
731 463 837 519 1⁴26
1647 459 1902 519 Cimon.
1945 458 2098 519 See.
2140 459 2279 532 Jas,

732 606 1052 698 primarii
1101 606 1345 685 templi
1398 606 1901 686 complutensis
1939 605 2482 686 expostulabant
2521 620 2682 666 cum
2722 604 3197 668 Universitate

733 723 803 775 et
829 712 1135 775 Rectore
1164 722 1233 775 et
1262 711 1592 792 injuriam
1620 713 1755 776 sibi
1783 712 1935 776 fieri
1968 712 2606 793 conquerebantur,
2633 719 2702 774 et
2732 712 2982 774 saltem
3013 712 3196 775 diem

732 837 952 883 unum
982 820 1280 899 singulis
1309 820 1771 883 hebdomadis
1799 829 2252 883 extorserunt
2279 827 2356 881 ut
2386 818 2458 880 in
2481 835 2758 881 summo
2791 819 2908 881 illo
2937 820 3195 899 templo

733 925 944 990 Pater
966 924 1223 989 Strada
1255 927 1818 990 concionaretur.

852 1033 993 1096 301.
1080 1033 1160 1096 In
1198 1033 1485 1097 civitate
1525 1033 2033 1097 Guadalaxara
2072 1042 2441 1113 tantopere
2480 1035 2830 1114 urgebant
2872 1041 2942 1096 et
2978 1034 3194 1112 magi·

732 1150 1029 1220 stratuS,
1065 1141 1370 1221 propriis
1402 1139 1491 1203 ad
1522 1141 1592 1203 id
1621 1140 1897 1203 nunciis
1928 1140 2325 1220 destinatiS,
2370 1149 2439 1204 et
2479 1140 2788 1204 Comites
2827 1140 2914 1203 de
2955 1138 3193 1202 Salda-

729 1263 910 1326 gna,
944 1245 1281 1326 Corugna
1310 1256 1378 1309 et
1408 1247 1677 1324 Melit0,
1711 1247 1947 1309 missis
1976 1247 2227 1310 litteris
2257 1265 2341 1310 ac
2384 1247 2693 1326 nunciiS,
2727 1255 2804 1309 ut
2835 1245 3196 1309 erubesce·

735 1362 892 1417 rent
921 1354 1144 1416 nostri
1175 1354 1484 1433 quodam
1516 1353 1727 1416 modo
1758 1354 1950 1433 quod
1981 1371 2111 1416 nec
2136 1370 2385 1416 eorum
2407 1353 2774 1417 desideriis
2796 1370 2927 1416 nec
2950 1352 3197 1428 Ducis·

733 1478 860 1523 sae
894 1460 1020 1522 ,del
1070 1459 1484 1539 Infantazgo
1529 1458 1946 1523 satisfacere
1988 1470 2300 1541 possent.
2355 1458 2497 1523 Sed
2545 1477 2706 1523 cum
2754 1460 3201 1524 Universitas

738 1567 1125 1647 promissas
1154 1567 1286 1630 sibi
1316 1567 1693 1630 conciones
1717 1567 2307 1647 quadragesimae
2339 1568 2554 1631 nollet
2588 1567 2941 1647 amittere,
2976 1576 3053 1630 ut
3083 1567 3199 1629 ali·

736 1691 876 1753 quo
932 1675 1140 1736 modo
1197 1673 1596 1754 petentibus
1653 1674 2028 1737 satisfieret
2050 1723 2065 1754 ,
2118 1683 2292 1752 ante
2348 1674 2967 1755 quadragesimam
3026 1674 3203 1737 duas

738 1780 927 1859 apud
966 1771 1543 1844 illos'conciones
1590 1780 1665 1843 P.
1725 1779 1985 1844 Strada
2033 1781 2309 1860 habuit,
2362 1781 2613 1861 quibus
2649 1782 2950 1863 populus
2994 1781 3203 1843 valde

738 1888 868 1951 fuit
897 1897 1295 1950 commotus
1324 1897 1392 1950 et
1432 1889 1630 1970 multi
1669 1896 1869 1950 tanto
1910 1887 2171 1950 affectu
2208 1886 2637 1951 Societatem
2674 1888 3007 1968 prosequi
3049 1904 3204 1951 coe·

739 2003 1019 2075 perunt,
1067 2003 1143 2057 ut
1192 1994 1640 2074 Complutum
1692 1994 2159 2074 confessionis
2209 1994 2446 2073 gratia·
2483 1995 2728 2058 venire
2780 1994 2872 2057 ad
2922 2002 3204 2057 nostros

625 2137 629 2140 Δ
740 2102 1270 2165 constituerent.
1305 2100 1569 2164 Ibidem
1599 2102 1812 2164 etiam
1842 2101 2275 2163 intellectum
2315 2109 2421 2163 est
2465 2102 2556 2164 ad
2595 2101 2968 2179 religiosos
2998 2101 3203 2164 solito

739 2209 961 2272 multo
997 2208 1510 2288 frequentiores
1553 2208 1991 2288 poenitentes
2032 2208 2123 2271 ad
2162 2207 2704 2271 Sacramentum
2742 2208 3204 2271 confessionis

739 2315 1153 2378 accessisse.
1188 2314 1443 2378 Comes
1472 2315 1558 2377 de
1587 2315 1861 2394 Melit0,
1896 2315 2014 2394 qui
2043 2314 2300 2378 ibidem
2328 2323 2495 2378 tunc
2526 2324 2708 2394 erat,
2743 2332 2904 2378 cum
2933 2315 3204 2378 videret

745 2440 888 2485 non
936 2439 1147 2502 posse
1184 2420 1762 2484 Guadalaxaram
1801 2420 2055 2483 abduci
2098 2421 2175 2485 P.
2218 2420 2552 2485 Stradam
2589 2431 2663 2484 ut
2703 2422 2775 2484 in
2815 2423 3204 2501 quadrage-

739 2528 925 2616 sima·
949 2528 1044 2591 ibi
1079 2528 1644 2606 concionaretur,
1680 2528 1996 2591 decrevit
2026 2528 2177 2609 ipse
2206 2545 2371 2590 cum
2400 2537 2549 2591 tota
2577 2546 2707 2592 sua
2748 2525 2961 2590 domo
3005 2528 3204 2591 Com·

750 2637 1020 2716 plutum
1047 2635 1321 2715 venire,
1357 2633 1474 2697 ubi
1505 2634 1833 2697 assiduus
1863 2634 2293 2698 concionum
2332 2634 2481 2716 ejus
2519 2635 2796 2698 auditor
2838 2634 2987 2711 fuit.
3017 2634 3206 2698 ,Ven-

743 2744 993 2807 titabat
1022 2742 1303 2806 interim
1333 2741 1620 2805 domum
1647 2752 1966 2821 nostram
1995 2751 2066 2805 et
2097 2751 2356 2806 octavo
2388 2761 2663 2823 quoque
2693 2743 2804 2823 die
2833 2742 3206 2806 confiteba-

742 2859 884 2929 tur;
918 2849 1107 2931 quod
1145 2849 1363 2912 etiam
1402 2848 1813 2927 Comitissa,
1861 2847 2011 2928 ejus
2051 2867 2254 2927 uxor,
2299 2858 2369 2912 et
2412 2850 2613 2913 multi
2652 2847 2800 2929 ejus
2844 2850 3211 2912 domestici

738 2957 1077 3020 fecerunt.
1113 2955 1506 3036 Optaverat
1537 2956 1649 3018 hic
1696 2955 1954 3019 Comes
1983 2956 2461 3037 spiritualibus
2491 2957 2850 3019 exercitiis
2880 2956 3111 3019 excoli
3140 2966 3209 3018 et

738 3064 1023 3145 saepius
1051 3081 1136 3126 ea
1164 3063 1676 3143 postulaverat;
1710 3080 1872 3145 cum
1903 3072 2142 3126 autem
2163 3062 2514 3145 Compluti
2545 3065 2677 3126 hoc
2709 3074 3027 3144 tempore
3052 3081 3206 3126 ver·

733 3179 1035 3249 saretur‚
1069 3170 1201 3232 sibi
1229 3188 1316 3232 ea
1342 3170 1640 3251 proponi
1669 3170 1876 3233 facile
1905 3171 2315 3250 impetravit
2355 3180 2425 3233 et
2455 3186 2716 3250 magno
2763 3188 2924 3233 cum
2969 3171 3205 3234 fructu

736 3295 865 3341 suo
894 3277 1242 3357 spirituali
1271 3276 1575 3357 peregit3
1608 3285 1677 3339 et
1707 3293 1871 3339 cum
1899 3284 2061 3356 post
2090 3276 2607 3340 confessionem
2637 3279 3044 3356 generalem
3090 3294 3205 3340 res

738 3403 905 3450 suas
953 3402 1197 3448 omnes
1237 3383 1328 3447 ad
1363 3382 1500 3446 Dei
1547 3384 1851 3463 gloriam
1902 3384 2332 3447 constituere
2382 3385 2625 3463 vellet,
2679 3384 2772 3447 ad
2824 3384 3088 3465 oppida
3138 3392 3207 3446 et

738 3494 896 3555 loca
923 3492 1058 3554 sibi
1086 3491 1362 3554 subdita
1392 3489 1579 3553 misit
1611 3489 1845 3552 virum
1876 3491 2252 3573 quemdam
2273 3489 2777 3571 jurisperitum,
2822 3490 2940 3571 qui
2969 3491 3040 3553 in
3073 3490 3207 3570 spi·

736 3598 1107 3661 ritualibus
1154 3596 1512 3660 exercitiis
1559 3596 1919 3679 Compluti·
1959 3596 2389 3677 profecerat,
2442 3606 2519 3660 ut
2570 3614 2730 3661 cum
2782 3596 3206 3667 auctoritate

743 3705 978 3785 ampla
1015 3703 1351 3767 ditionem
1386 3704 1607 3784 ipsius
1645 3702 2004 3779 visitaret,
2048 3713 2116 3765 et
2157 3702 2457 3782 injunxit
2498 3714 2605 3782 ut,
2653 3705 2712 3767 si
2751 3721 2933 3784 quae
2974 3712 3211 3775 essent

736 3810 1179 3875 subditorum
1206 3811 1532 3890 querelae
1563 3818 1815 3872 eontra
1859 3809 2092 3890 ipsum
2136 3809 2520 3891 Comitem,
2572 3829 2702 3892 pro
2750 3792 2877 3874 suo
2921 3810 3212 3874 arbitrio

744 3916 932 3998 quod
962 3917 1282 3998 aequitas
1311 3915 1715 3995 postulabat
1753 3914 2023 4001 faceret
2066 3926 2135 3980 et
2181 3933 2357 3996 erga
2398 3935 2474 3981 se
2513 3918 2750 3998 potius
2789 3936 3002 3999 quam
3042 3934 3213 3998 erga

743 4023 1061 4088 subditos
1088 4024 1402 4103 rigorem
1432 4023 1865 4100 ostenderet,
1904 4023 2119 4087 etiam
2150 4024 2223 4087 in
2260 4024 2428 4105 illiS,
2476 4042 2657 4105 quae
2699 4043 2826 4106 per
2870 4025 3217 4089 incuriam

751 4132 864 4196 vel
890 4131 1316 4195 residentiae
1346 4130 1695 4193 defectum
1728 4130 1917 4192 mala
1949 4131 2374 4195 accidissent
2411 4132 2484 4195 in
2530 4132 2969 4196 subditorum
3012 4132 3214 4195 detri-

743 4247 1091 4318 mentum,
1124 4247 1202 4301 ut
1232 4239 1303 4301 id
1333 4245 1825 4317 compensaret
1856 4246 1925 4299 et
1957 4238 2237 4318 quidem
2266 4240 2493 4318 gratis
2522 4239 2657 4303 hoc
2705 4239 2934 4303 officio
2977 4239 3215 4318 funge-

746 4357 937 4410 retur
987 4346 1157 4409 nulli
1207 4363 1298 4408 ex
1345 4343 1644 4407 subditis
1696 4361 2078 4429 onerosus;
2134 4346 2465 4425 expensis
2516 4346 2702 4427 enim
2760 4347 2907 4409 suis
2966 4346 3220 4425 Comes

742 4453 982 4516 omnia
1011 4453 1163 4516 fieri
1194 4452 1440 4515 voluit.
3178 4516 3192 4527 ι

863 4557 1003 4622 302.
1092 4560 1200 4622 Ex
1231 4558 1387 4621 aliis
1415 4558 1590 4620 locis
1616 4559 1968 4638 expetitus
1997 4559 2210 4621 etiam
2239 4558 2368 4623 fuit
2397 4559 2485 4623 Ρ.·
2508 4560 2798 4638 Strada‚
2834 4561 3016 4623 inter
3043 4577 3224 4640 quae

745 4667 875 4729 fuit
904 4665 1205 4746 Ocania,
1243 4683 1424 4747 quae
1454 4665 1738 4728 domum
1761 4663 2110 4729 ‘Societati
2139 4668 2587 4758 commodam
2619 4667 2981 4758 offerebat.
3052 4754 3059 4759 .
3089 4751 3097 4759 .
3125 4748 3151 4754 γ’
