3679 5414
1616 481 1743 539 AN.
1792 481 1930 540 1552
2905 483 3014 542 445

534 624 839 687 tantium
862 633 1025 687 sunt
1049 624 1363 704 auditae;
1389 625 1598 706 pauci
1621 634 1860 688 tamen
1885 625 1982 688 ibi
2004 622 2403 704 hujusmodi
2424 624 2745 689 homines
2776 635 3004 704 erant,

533 731 663 795 sed
692 732 955 795 multae
983 733 1701 813 puellae-parentibus
1730 732 2132 811 destitutae,
2169 749 2347 811 quas
2374 731 2449 795 P.
2486 731 2820 796 Albertus
2858 734 3006 797 suis

533 838 1151 902 exhortationibus
1197 839 1580 903 reficiebat.
1634 838 2055 917 Indigebant
2105 838 2266 901 illae
2316 838 2599 918 quidem
2646 839 3013 903 doctrinae

534 945 966 1009 christianae
990 946 1450 1025 institutione;
1479 947 1603 1010 sed
1625 955 1773 1009 tam
1793 963 2019 1026 prona
2044 953 2151 1008 est
2174 945 2429 1008 civitas
2453 945 2544 1008 ad
2568 946 3012 1026 suspiciones

537 1061 614 1115 ut
641 1052 1138 1116 abstinendum
1181 1054 1272 1116 ab
1303 1054 1439 1116 hoc
1467 1053 1752 1133 pietatis
1784 1051 2012 1116 officio
2042 1052 2284 1130 suerit,
2331 1070 2418 1114 ne
2449 1051 2617 1132 quid
2647 1052 3012 1116 sinistrum

539 1158 943 1222 hominibus
971 1160 1043 1222 in
1072 1169 1379 1223 mentem
1408 1160 1707 1223 veniret.

657 1265 759 1328 68.
847 1266 926 1329 In
956 1276 1261 1347 quatuor
1290 1267 1743 1331 monasteriis
1772 1266 2216 1344 monialium,
2251 1282 2430 1345 quae
2470 1265 2824 1346 Episcopo
2855 1267 3009 1330 sub-

537 1372 685 1436 dita
731 1382 896 1437 sunt
937 1383 1006 1437 et
1049 1374 1313 1438 nostris
1353 1393 1395 1437 a
1438 1374 1801 1438 Cardinali
1841 1372 2147 1437 Sanctae
2189 1371 2440 1435 Crucis
2485 1373 3002 1452 commendata,

532 1480 792 1543 crebro
824 1499 866 1544 a
904 1481 1170 1544 nostris
1208 1482 1588 1545 conciones
1625 1489 1789 1544 sunt
1835 1481 2153 1558 habitae,
2188 1488 2256 1542 et
2285 1478 2494 1541 unius
2523 1478 3007 1543 confessiones

538 1588 835 1667 ipsemet
887 1588 1193 1667 audivit,
1246 1597 1316 1651 et
1365 1604 1628 1668 magna
1677 1588 1748 1650 in
1807 1588 1945 1650 illis
1993 1587 2219 1649 sacris
2277 1584 2674 1662 virginibus
2731 1603 3010 1650 morum

533 1695 957 1774 >immutatiO,
993 1696 1105 1758 his
1133 1696 1576 1776 praesertim,
1610 1712 1909 1775 quarum
1940 1693 2425 1758 confessiones
2449 1691 2636 1754 idem
2663 1691 2740 1755 P.
2777 1695 3007 1758 audie-

541 1811 690 1881 rat,
726 1812 1111 1866 consecuta
1141 1812 1272 1866 est.

659 1908 759 1972 69.
850 1909 1056 1989 Quod
1088 1910 1179 1973 ad
1210 1910 1692 1974 confessiones
1720 1910 1961 1990 populi
1991 1911 2271 1989 attinet,
2306 1911 2515 1990 pauci
2545 1927 2840 1992 prorsus
2871 1912 3008 1973 viri

527 2033 659 2079 eas
685 2016 1261 2098 frequentabant,
1297 2034 1559 2097 magna
1598 2027 1837 2081 tamen
1879 2018 2254 2081 mulierum
2292 2018 2662 2081 multitudo
2707 2018 3006 2098 singulis

532 2126 898 2189 'mensibus
964 2134 1034 2188 et
1101 2126 1568 2189 confitebatur
1632 2134 1701 2188 et
1768 2125 2339 2188 communicabat
2361 2174 2375 2203 ,
2449 2135 2520 2189 et
2572 2126 3009 2206 frequentius

541 2232 702 2294 illae
742 2241 811 2295 et
852 2232 971 2295 alii
1020 2233 1342 2296 homines
1382 2233 1454 2296 id
1492 2232 2044 2313 praestitissent,
2091 2232 2153 2295 si
2202 2233 2427 2295 nostri
2471 2234 2809 2312 templum
2851 2250 3006 2312 pro·

537 2340 770 2419 prium
802 2340 1249 2419 habuissent3
1291 2357 1459 2403 nam
1499 2340 1591 2403 ad
1634 2338 2117 2403 cathedralem
2155 2340 2531 2403 ecclesiam
2569 2340 2854 2419 saepius
2891 2358 3006 2402 ve-

536 2446 689 2509 nire
745 2456 814 2510 et
870 2457 1321 2516 sacramenta
1380 2448 1706 2528 accipere
1766 2447 2308 2525 erubescebant,
2370 2456 2440 2510 et
2495 2456 2735 2510 tamen
2791 2449 2863 2510 in
2920 2464 3004 2510 eo

532 2570 812 2618 summo
873 2556 1135 2635 templo
1196 2555 1546 2618 sacrificia
1595 2556 1822 2619 nostri
1873 2555 2326 2618 celebrabant
2381 2563 2451 2617 et
2500 2555 2715 2618 etiam
2769 2572 3006 2618 sacra-

535 2670 773 2726 menta
803 2662 1321 2726 ministrabant.
1357 2662 1630 2727 Verum
1666 2662 1793 2727 vix
1831 2661 1982 2726 dies
2028 2662 2213 2725 ullus
2251 2662 2682 2740 elabebatur,
2718 2680 2856 2742 quo
2886 2663 3003 2725 ali-

536 2769 694 2848 quis
724 2769 815 2832 ad
845 2770 1366 2834 consessionem
1395 2788 1539 2833 non
1569 2770 1963 2832 accederet.
2001 2768 2345 2848 Quamvis
2383 2778 2620 2833 autem
2658 2779 2726 2833 et
2764 2771 3003 2833 huma-

534 2887 671 2937 nus
709 2876 939 2956 pudor
978 2855 1174 2939 viros
1213 2885 1282 2939 et
1320 2876 1671 2957 zelotypia
1720 2876 2071 2939 foeminas
2114 2894 2157 2937 a
2198 2875 2547 2956 frequenti
2588 2893 2720 2940 usu
2768 2894 3004 2940 sacra·

535 2994 934 3045 mentorum
962 2993 1361 3063 revocaret,
1395 2992 1465 3048 et
1491 2983 2077 3064 inspirationibus
2105 2983 2401 3046 interius
2427 2984 2775 3063 pulsantis
2804 2984 3000 3062 spiri·

532 3098 650 3152 tus
682 3090 1135 3169 obsisterent,
1178 3101 1248 3155 et
1287 3091 1547 3154 liberos
1584 3099 1919 3171 parentes
1962 3090 2127 3170 ipsi,
2175 3107 2435 3153 uxores
2464 3091 2606 3152 viri
2648 3099 2998 3168 arcerent,

534 3193 911 3260 Adventus
939 3206 1179 3261 tamen
1209 3206 1529 3278 tempore
1567 3206 1809 3261 tantus
1853 3196 2335 3261 confitentium
2373 3214 2711 3261 numerus
2748 3198 3000 3261 utrius·

535 3321 670 3383 que
700 3321 938 3383 sexus,
968 3304 1089 3368 sed
1115 3306 1535 3385 praesertim
1556 3306 2053 3384 foeminarum,
2081 3304 2213 3368 suit
2235 3314 2304 3368 et
2329 3305 3001 3368 communicantium

532 3410 751 3474 etiam
778 3412 851 3474 in
881 3413 1224 3475 natalitiis
1251 3413 1483 3492 festiS,
1530 3422 1608 3476 ut
1637 3429 1933 3492 prorsus
1963 3412 2290 3475 canonici
2320 3420 2389 3474 et
2428 3412 2548 3474 alii
2591 3411 3002 3476 sacerdotes

530 3527 872 3599 tanquam
922 3538 1073 3583 rem
1121 3521 1333 3583 valde
1383 3521 1796 3583 inusitatam
1846 3520 2456 3599 obstupescerent;
2502 3537 2668 3582 nam
2707 3521 3000 3599 praesti·

533 3625 697 3704 giae
727 3627 816 3689 ab
847 3627 1071 3690 oculis
1100 3627 1483 3690 multorum
1512 3627 1833 3691 sublatae
1874 3635 1943 3689 et
1982 3626 2245 3689 inutilis
2289 3625 2504 3688 immo
2548 3634 2617 3688 et
2659 3626 2999 3706 pernicio-

534 3748 656 3795 sus
679 3733 907 3811 pudor
939 3733 1255 3814 abjectus
1284 3743 1423 3813 est,
1456 3743 1526 3797 et
1554 3751 1789 3797 vanae
1819 3734 2261 3814 suspiciones
2290 3742 2768 3813 contemptae3
2803 3742 2872 3796 et
2901 3735 3000 3798 ita

532 3838 935 3920 frequentes
966 3850 1035 3904 et
1065 3841 1328 3905 nostris
1358 3841 1631 3905 duobus
1662 3850 1731 3904 et
1761 3842 1921 3905 aliis
1949 3843 2166 3905 etiam
2206 3840 2693 3903 sacerdotibus
2721 3842 2998 3920 religio·

532 3946 634 4009 sis
694 3947 1001 4011 confessi
1056 3958 1242 4012 sunt.
1301 3948 1697 4012 Accidebat
1748 3958 1986 4012 autem
2039 3957 2116 4011 ut
2165 3949 2393 4026 multi,
2449 3947 2614 4010 alibi
2666 3947 2997 4028 confessi,

529 4053 783 4117 eodem
833 4054 946 4118 die
994 4065 1403 4120 nostrorum
1450 4074 1742 4136 operam
1791 4055 2283 4136 implorarent,
2336 4071 2420 4118 eo
2471 4054 2658 4134 quod
2717 4055 2849 4117 sibi
2909 4057 3000 4118 ab

531 4160 690 4223 aliis
738 4162 1184 4226 satisfactum
1234 4182 1378 4227 non
1427 4180 1584 4227 esse
1635 4163 1983 4242 dicerent;
2025 4163 2213 4242 quod
2264 4180 2428 4226 cum
2468 4162 2994 4243 impetrassent,

531 4265 795 4332 hilares
823 4270 1023 4333 vultu
1053 4279 1122 4333 et
1148 4270 1383 4334 animo
1406 4271 1738 4334 laetiores
1762 4270 2219 4348 recedebant;
2250 4269 2566 4350 plerique
2598 4270 2809 4332 altius
2833 4287 2997 4332 con-

528 4372 877 4439 fessiones
907 4376 1135 4441 factas
1165 4386 1598 4458 repetentes,
1632 4378 1851 4441 totius
1880 4377 2028 4440 sere
2061 4377 2253 4439 vitae
2282 4376 2675 4456 insigniora
2701 4385 2998 4457 peccata

529 4481 969 4546 confessario
1001 4483 1418 4564 prodebant,
1454 4485 1828 4548 consilium
1858 4501 1945 4547 ac
1974 4483 2363 4547 remedium
2395 4483 2780 4564 accepturi.

650 4588 750 4653 70.
838 4589 998 4654 Non
1025 4607 1281 4670 parum
1322 4590 1413 4653 ad
1444 4590 1842 4672 hujusmodi
1872 4599 2324 4654 sacramenta
2356 4590 2761 4669 exoptanda
2798 4608 2997 4671 prae·

528 4694 792 4760 dicatio
821 4697 1023 4761 verbi
1053 4697 1188 4761 Dei
1220 4701 1543 4778 contulit;
1571 4718 1738 4763 nam
1765 4700 2079 4782 Joannes
2102 4698 2422 4779 Baptista
2453 4697 2721 4777 Velati,
2758 4715 2997 4779 quam·
