3679 5414
1642 410 1769 471 AN.
1815 412 1956 471 1552
2923 412 3033 472 519

545 558 938 622 rdilectione
970 557 1255 620 accensi
1285 557 1375 620 ad
1402 574 1519 620 res
1556 556 1959 636 spirituales
1996 564 2200 619 erant
2243 542 2318 620 ut
2364 572 2580 635 aegre
2626 574 2668 619 a
2714 556 3031 636 Collegio

568 663 813 728 nostro
859 664 1070 728 avelli
1099 674 1419 745 possent,
1452 664 1587 728 nisi
1616 664 1801 728 serio
1830 663 2011 727 hora
2040 663 2396 727 discessus
2435 661 2880 743 urgerentur.
2915 664 3027 753 Et,

547 773 631 836 ·si
655 773 884 836 nostri
911 771 1431 853 permisissent,
1466 771 1556 836 ad
1587 780 1788 835 actus
1817 771 2235 835 humilitatis
2257 780 2326 834 et
2350 771 2882 851 abnegationis,
2916 789 3032 836 cu-

561 877 869 959 jusmodi
907 887 1071 942 sunt
1111 877 1327 959 pedes
1354 879 1663 942 osculari
1705 887 1775 942 et
1814 878 2091 959 publice
2122 896 2326 942 suam
2368 880 2650 959 culpam
2695 878 2927 959 fateri,
2962 890 3031 943 et

566 988 705 1051 alia
742 985 1179 1067 hujusmodi,
1221 986 1531 1067 prompti
1571 996 1808 1063 erant,
1854 985 2182 1067 quamvis
2220 1002 2364 1049 non
2404 986 2506 1049 eis
2543 986 3031 1066 permitteren-

562 1102 675 1158 tur
703 1094 962 1158 nedum
1005 1094 1483 1172 exigerentur.
1529 1092 1933 1173 Coeperunt
1974 1103 2044 1156 et
2084 1093 2639 1157 declamationes
2677 1110 2722 1156 a
2759 1094 3031 1157 schola-

546 1201 761 1265 sticis
814 1201 1093 1281 publice
1147 1200 1395 1264 haberi
1443 1217 1642 1265 more
1698 1217 1996 1264 romano
2048 1210 2116 1264 et
2172 1182 2456 1264 omnino
2507 1200 2684 1265 satis
2733 1200 3033 1264 feliciter

542 1308 850 1372 :scholae
879 1308 1390 1389 procedebant;
1424 1307 1549 1371 sed
1579 1316 1850 1372 aestate
1880 1307 2297 1387 accedente,
2324 1308 2586 1388 partim
2616 1308 2705 1371 ob
2732 1308 3030 1371 nimium

559 1425 856 1491 aestum,
898 1416 1160 1495 partim
1199 1414 1287 1478 ob
1324 1416 1530 1495 regni
1558 1416 1994 1494 neapolitani
2024 1416 2397 1494 tumultuS,
2432 1415 2696 1496 partim
2728 1414 2909 1478 alias
2939 1415 3030 1477 ob

541 1536 822 1585 causas
847 1523 1081 1586 rarior
1118 1540 1273 1585 esse
1311 1524 1543 1604 coepit
1581 1540 1921 1587 numerus
1950 1539 2163 1602 quam
2206 1521 2453 1602 primis
2494 1522 2859 1585 mensibus
2888 1521 3034 1585 fue·

562 1638 697 1692 rat.
741 1630 1008 1693 Tamen
1050 1630 1169 1711 qui
1206 1630 1796 1709 perseverabant,
1838 1629 2028 1710 quod
2065 1645 2362 1693 numero
2393 1628 2830 1709 decesserat,
2877 1646 3036 1712 pro·

560 1735 747 1799 fectu
777 1736 952 1799 satis
981 1737 1429 1817 supplebant,
1465 1753 1628 1800 cum
1656 1753 1903 1800 eorum
1931 1736 2216 1817 plurimi
2242 1736 2545 1813 singulis
2573 1736 3036 1799 hebdomadis

559 1852 629 1906 et
659 1843 732 1906 in
760 1843 1262 1907 celebrioribus
1314 1844 1879 1907 solemnitatibus
1929 1843 2019 1907 ad
2070 1843 2521 1908 sacramenta
2566 1842 3035 1906 confessionis

540 1958 631 2014 ·et
662 1950 1175 2014 communionis
1205 1950 1645 2014 accedebant
1671 1948 1713 2010 ¹.

678 2056 822 2120 254.
909 2056 1068 2121 Non
1095 2057 1307 2138 pauci
1336 2076 1426 2120 ex
1455 2057 1557 2120 eis
1574 2106 1589 2136 ,
1622 2056 2068 2137 perfectioris
2096 2057 2287 2121 vitae
2334 2056 2734 2120 institutum
2762 2066 3035 2120 sectan-

563 2172 697 2243 tes,
736 2165 809 2226 in
854 2164 1313 2244 religionibus
1354 2181 1431 2226 se
1475 2163 1630 2227 Deo
1675 2172 2217 2243 consecrarunt,
2266 2171 2335 2227 et
2380 2163 2730 2245 plerique,
2783 2164 2875 2227 ad
2915 2180 3036 2227 no-

538 2281 782 2334 ·stram
809 2269 1238 2335 Societatem
1281 2271 1758 2352 adspirantes,
1803 2270 2030 2334 donec
2074 2270 2618 2334 admitterentur
2664 2278 3031 2352 exspecta·

558 2379 748 2442 bant.
787 2378 866 2442 In
893 2378 1147 2442 litteris
1176 2379 1390 2442 etiam
1419 2385 1761 2459 quantum
1796 2377 2304 2458 profecissent,
2351 2378 2469 2439 vel
2512 2395 2602 2440 ex
2635 2377 2773 2440 hoc
2801 2377 3036 2458 patuit

561 2486 751 2566 quod
781 2485 1065 2567 quidam
1097 2502 1315 2549 succo
1345 2485 1745 2550 litterarum
1770 2485 2026 2549 leviter
2055 2484 2247 2564 illiti,
2293 2501 2457 2548 cum
2495 2484 2805 2565 primum
2836 2484 3037 2547 scho-

562 2593 670 2656 las
710 2601 995 2656 nostras
1039 2591 1489 2671 accederent,
1536 2592 1825 2656 easdem
1872 2590 2188 2673 profiteri
2237 2600 2400 2673 post
2445 2591 2715 2672 aliquot
2757 2607 3039 2654 menses

559 2699 1049 2782 incoeperunt,
1094 2709 1163 2763 et
1205 2699 1325 2780 qui
1352 2699 1479 2763 vix
1520 2698 1784 2781 aliquid
1813 2699 2033 2763 latine
2061 2698 2576 2779 balbutiebant,
2611 2698 3040 2762 declamato-

566 2808 720 2871 riae
749 2806 1093 2871 functioni
1114 2806 1261 2887 jam
1292 2807 1466 2871 satis
1495 2806 1732 2871 idonei
1761 2806 2259 2871 censebantur.

686 2912 827 2977 255.
913 2914 989 2978 P.
1023 2913 1391 2977 Bobadilla
1420 2913 2011 2995 quadragesimae
2039 2922 2358 2994 tempore
2397 2911 2626 2995 Jonae
2669 2911 3043 2977 historiam

545 3020 1037 3101 quadraginta
1092 3021 1514 3084 lectionibus
1569 3038 1655 3085 ea
1707 3020 2032 3085 doctrina
2081 3037 2308 3100 eoque
2366 3019 2578 3083 modo
2640 3027 2749 3081 est
2804 3037 3042 3100 prose·

545 3137 851 3207 ·quutu8,
913 3137 989 3191 ut
1047 3127 1650 3209 Archiepiscopus
1715 3144 2102 3208 numquam
2157 3134 2476 3190 cessaret
2536 3143 2698 3189 eum
2752 3141 3036 3205 rogare,

546 3235 787 3299 donec
816 3235 1254 3316 impetravit,
1289 3219 1767 3316 ut'epistolam
1807 3235 1885 3299 B.
1933 3234 2136 3299 Pauli
2176 3233 2266 3298 ad
2304 3234 2672 3297 Romanos
2701 3233 2776 3296 in
2804 3232 3038 3297 cathe-

548 3342 746 3406 drali
771 3342 1075 3406 ecclesia
1103 3342 1613 3424 interpretandi
1641 3342 2089 3424 provinciam
2117 3341 2531 3422 susciperet.
2557 3339 2798 3404 Prima
2820 3340 3039 3420 igitur

547 3448 915 3512 dominica
947 3449 1020 3512 in
1051 3459 1311 3512 octava
1340 3448 1658 3512 Paschae
1688 3467 1849 3513 eam
1875 3449 2253 3512 lectionem
2282 3463 2704 3528 aggressuS,
2741 3446 3039 3527 singulis

548 3555 936 3619 ›dominicis
965 3573 1052 3618 ac
1080 3554 1278 3619 festis
1307 3548 1555 3619 diebus'
1592 3556 1916 3620 eamdem
1955 3564 2061 3619 est
2100 3564 2603 3636 prosequutus,
2646 3562 2716 3618 et
2755 3553 3039 3635 quidem

563 3669 762 3725 tanta
801 3662 1203 3727 auditorum
1239 3663 1606 3744 utriusque
1642 3680 1859 3727 sexus
1897 3661 2375 3741 multitudine,
2416 3661 2618 3742 ‚quod
2663 3679 2907 3725 rarum
2945 3659 3039 3724 ibi

548 3777 750 3847 erat,
799 3777 876 3832 ut
916 3786 1064 3833 non
1105 3770 1316 3833 facile
1359 3769 1432 3834 id
1482 3768 1676 3833 credi
1722 3770 2092 3851 potuisset.
2139 3768 2280 3833 Sed
2323 3777 2392 3833 et
2436 3768 2516 3832 P.
2569 3766 2901 3832 Andreas
2951 3767 3039 3832 de

644 4011 663 4043 Ι
720 4009 920 4065 Plures,
943 4022 1060 4056 cum
1077 4012 1174 4056 hoc
1196 4012 1481 4067 Collegium
1502 4012 1774 4068 Neapolim
1802 4014 2014 4058 missum
2035 4019 2114 4057 est
2130 4045 2140 4065 ,
2163 4011 2621 4057 commendatitias
2643 4010 2852 4065 scripsit
2882 4011 3045 4056 misit-

549 4092 660 4135 ·que
681 4081 891 4125 litteras
911 4081 1171 4138 Ignatius3
1207 4085 1428 4139 primam
1460 4084 1696 4139 Pro-regi
1719 4084 2090 4140 Neapolitano,
2126 4084 2347 4128 alteram
2379 4082 2508 4127 Duci
2542 4080 2921 4137 Montisleonis,
2943 4088 3044 4126 ter·

551 4152 693 4195 'tiam
728 4151 915 4196 Comiti
948 4154 1011 4196 de
1046 4153 1317 4203 Montorio.
1352 4161 1593 4209 quartam
1626 4155 1773 4209 Lupo
1807 4155 1869 4198 de
1904 4154 2205 4209 Mardones,
2240 4154 2473 4209 quintam
2508 4152 2661 4196 fratri
2693 4151 2944 4208 Dionysio
2976 4152 3040 4196 de

556 4223 814 4278 ‘Caeseum
849 4231 1054 4269 sextam
1086 4226 1312 4271 Antonio
1345 4227 1615 4275 Minturno.
1647 4228 1923 4282 septimam
1957 4227 2272 4283 Hieronymo
2303 4225 2520 4281 Vignes,
2557 4231 2802 4268 octavam
2821 4223 3039 4279 denique

564 4291 877 4350 Hieronymo
898 4297 960 4341 de
982 4295 1238 4352 Fonseca,
1262 4298 1313 4340 17
1330 4297 1590 4351 januar-in
1613 4298 1838 4353 itemque
1868 4298 2009 4342 dedit
2044 4297 2288 4342 Andreae
2325 4286 2386 4340 de
2423 4295 2618 4340 Oviedo
2647 4296 2854 4349 plenam
2884 4294 3038 4348 modi,

550 4376 714 4420 quem
732 4367 785 4410 in
805 4367 1101 4413 ordinandis
1121 4369 1395 4413 litterariis
1414 4370 1871 4414 exercitationibus
1901 4376 2080 4414 tenere
2110 4370 2353 4423 deberet,
2386 4368 2822 4412 informationem.
2854 4366 3042 4411 Paucis

553 4442 681 4491 ¹post
701 4438 894 4492 diebus,
914 4449 1004 4491 sc.,
1026 4438 1080 4482 20
1100 4437 1371 4482 Februarii
1399 4440 1608 4493 scripsit
1642 4440 1777 4485 idem
1810 4441 2048 4492 Ignatius
2084 4440 2215 4485 Duci
2249 4440 2604 4486 Montisleonis
2639 4450 2855 4493 eumque
2889 4439 3040 4482 enixe

563 4510 785 4562 rogabat
802 4521 864 4552 ne
883 4508 1055 4553 nimiis
1076 4510 1311 4554 laudibus
1333 4510 1545 4556 efferret
1566 4514 1698 4567 quod
1720 4525 1752 4557 a
1773 4513 1965 4558 nostris
1986 4514 2038 4557 in
2060 4512 2290 4567 Collegio
2311 4512 2470 4557 flebat
2488 4545 2500 4565 ‚
2523 4512 2837 4564 nimiumque
2859 4510 3040 4565 largus

552 4579 615 4624 =in
641 4581 928 4635 pollicendo
957 4589 1096 4626 esset
1115 4582 1255 4626 circa
1276 4583 1525 4627 lectiones
1540 4617 1551 4639 ,
1582 4591 1708 4639 etc.;
1731 4584 1844 4630 fieri
1874 4586 2010 4630 enim
2031 4584 2222 4640 poterit
2238 4617 2249 4639 ,
2271 4592 2329 4629 ut
2343 4616 2354 4638 ,
2377 4585 2502 4629 licet
2524 4584 2748 4628 maxime
2768 4589 3040 4638 conentur,

556 4657 744 4697 tantae
766 4653 1144 4708 exspectationi
1167 4655 1478 4707 respondere
1498 4658 1661 4702 nostri
1681 4668 1780 4702 non
1801 4659 2035 4702 valeant.
