3679 5414
1600 492 1726 551 Aa.
1771 490 1913 551 1552
2873 490 2986 549 639

496 640 657 703 suis
678 639 1075 720 privilegiis
1099 648 1167 701 et
1189 638 1493 701 instituti
1517 638 1815 716 ratione,
1844 635 2414 717 quandoquidem
2439 635 2661 715 ipsius
2685 636 2978 715 promis-

499 747 614 810 sio
643 746 796 809 sine
824 754 1070 809 nostro
1101 762 1452 809 consensu
1483 762 1617 807 nos
1644 745 1962 824 obligare
1992 761 2133 806 non
2163 751 2466 823 poterat.

626 852 768 915 504.
857 852 1202 932 Quamvis
1250 861 1487 916 autem
1537 853 1624 915 de
1675 850 2085 915 intimandis
2127 849 2689 930 Archiepiscopo
2731 850 2984 913 litteris

496 961 922 1042 apostolicis
947 959 1324 1025 Societatis
1363 959 1590 1023 Roma
1634 960 1977 1039 scriptum
2021 958 2288 1037 fuerat,
2322 958 2557 1021 visum
2595 966 2703 1020 est
2745 966 2983 1021 tamen

425 1128 430 1133 ,
509 1065 702 1131 Patri
731 1067 1117 1130 Villanova
1159 1085 1303 1130 non
1342 1067 1597 1130 debere
1626 1075 1911 1130 nostros
1940 1083 1981 1128 a
2013 1065 2413 1129 Cardinalis
2441 1063 2697 1144 Poggii
2739 1066 2980 1127 volun-

475 1156 655 1237 ''tate
686 1174 1017 1237 recedere
1048 1174 1236 1252 (licet
1267 1174 1339 1236 in
1368 1173 1606 1236 multis
1636 1173 1724 1235 ab
1755 1189 1841 1236 eo
1875 1171 2350 1249 dissentirent)
2382 1190 2471 1234 ne
2501 1189 2660 1234 eum
2690 1188 2979 1251 exaspe-

507 1292 775 1360 rarent,
810 1298 1017 1361 quem
1046 1279 1398 1359 refugium
1436 1290 1505 1343 et
1542 1288 2147 1360 propugnatorem
2172 1278 2479 1341 habituri
2508 1287 2735 1342 erant.
2770 1277 2977 1342 Vide-

505 1388 715 1451 batur
756 1395 993 1450 autem
1031 1385 1225 1450 Patri
1255 1387 1638 1450 Villanova
1679 1386 1860 1448 alias
1910 1386 2182 1449 litteras
2222 1404 2265 1448 a
2307 1384 2597 1450 Summo
2639 1384 2979 1449 Pontifice

497 1494 957 1572 obtinendaS,
992 1494 1242 1575 quibus
1271 1494 1547 1573 gratias
1594 1501 1841 1572 ageret
1878 1492 2465 1573 Archiepiscopo,
2501 1501 2577 1555 ut
2608 1493 2711 1556 sic
2750 1494 2842 1556 ad
2879 1492 2978 1555 fa-

502 1601 815 1664 vendum
845 1599 1183 1663 Societati
1215 1600 1448 1679 magis
1476 1617 1637 1663 eum
1666 1600 2031 1663 excitaret.
2068 1597 2141 1662 P.
2186 1609 2421 1662 autern
2461 1599 2781 1679 Ignatius
2810 1601 2977 1663 scri-

503 1709 643 1788 psit
672 1707 1234 1788 Archiepiscopo
1265 1707 1608 1770 Toletano
1639 1707 2007 1786 eidemque
2036 1707 2311 1785 gratias
2346 1706 2491 1785 egit
2522 1706 2608 1769 de
2637 1706 2976 1770 beneficio

504 1815 576 1877 in
607 1813 1039 1878 Societatem
1070 1815 1365 1893 collato,
1400 1824 1468 1877 et
1499 1831 1574 1876 se
1605 1812 1918 1893 eJ‘usdem
1949 1813 2304 1893 obsequiis
2345 1822 2671 1877 amanter
2699 1815 2971 1889 obtulit,

495 1930 573 1984 ·et
604 1898 978 2000 scripsisse
1010 1922 1276 1984 nostris
1321 1920 1922 2001 complutensibus
1959 1920 2390 1999 significavit
2429 1938 2518 1983 ne
2555 1921 2628 1984 in
2667 1919 2976 1985 Societa-

499 2038 648 2091 ‘tem
698 2028 1001 2108 aliquem
1052 2029 1503 2091 admitterent
1554 2037 1806 2091 contra
1860 2028 2318 2091 intentionem
2368 2038 2489 2090 aut
2538 2028 2977 2092 voluntatem

503 2135 725 2215 ipsius
774 2135 1348 2216 Archiepiscopi‚
1400 2153 1532 2198 nec
1585 2136 1742 2199 aliis
1792 2135 2186 2216 privilegiis
2237 2154 2279 2198 a
2331 2133 2512 2198 Sede
2551 2118 2975 2215 'Apostolica

501 2243 866 2305 concessis
903 2251 1287 2321 uterentur,
1329 2243 1465 2306 nisi
1507 2253 1853 2323 quatenus
1891 2242 2119 2305 eidem
2162 2241 2723 2323 Archiepiscopo
2768 2260 2972 2324 expe-

509 2348 660 2412 dire
690 2349 1073 2425 videretur,
1109 2350 1200 2413 ad
1229 2350 1461 2430 ipsum
1491 2350 2004 2413 sublevandum
2042 2368 2133 2412 ex
2172 2349 2407 2429 aliqua
2451 2360 2654 2429 parte
2697 2367 2827 2429 pro
2855 2368 2971 2413 no·

507 2463 658 2518 stra
688 2456 1029 2519 tenuitate
1059 2456 1130 2520 in
1161 2457 1296 2519 hoc
1327 2473 1615 2535 magno.
1634 2474 1849 2519 onere
1880 2456 2100 2536 ipsius
2138 2456 2452 2519 humeris
2482 2457 2844 2536 imposito;
2877 2468 2970 2535 et,

505 2571 582 2625 ut
621 2580 728 2640 ea,
757 2580 938 2643 quae
967 2565 1164 2644 prius
1192 2573 1398 2643 gesta
1427 2564 1740 2641 fuerant,
1774 2563 2125 2626 tribuebat
2156 2564 2375 2626 animi
2404 2564 2875 2643 magnitudini
2904 2575 2974 2628 et

501 2669 655 2732 zelo
710 2669 930 2733 divini
990 2671 1335 2752 obsequii,
1391 2680 1772 2752 antequam
1821 2669 2072 2734 modus
2121 2668 2549 2751 procedendi
2599 2669 2975 2735 Societatis

505 2776 641 2854 ipsi
670 2786 880 2841 notus
903 2787 1120 2858 esset,
1155 2779 1253 2841 ita
1282 2779 1616 2860 sperabat
1647 2795 1806 2842 eum
1837 2795 2009 2857 prae
2033 2779 2335 2841 caeteris
2357 2779 2743 2859 Hispaniae
2768 2777 2973 2843 Prae-

502 2883 667 2945 latis
694 2902 944 2947 verum
976 2896 1449 2966 protectorem
1487 2884 1865 2949 Societatis
1906 2894 1976 2947 et
2016 2894 2293 2964 patrem
2334 2884 2680 2965 futurum,
2730 2887 2822 2949 ad
2861 2905 2968 2962 ea,

503 3006 686 3068 quae
715 2989 1035 3055 Societas
1066 2994 1158 3056 ad
1186 2994 1322 3056 Dei
1343 2994 1645 3073 gloriam
1675 3002 1743 3055 et
1775 2992 2176 3054 animarum
2205 2992 2506 3054 salutem
2534 2992 2771 3056 facere
2799 2994 2971 3056 nite·

501 3096 730 3160 batur.
765 3096 1064 3179 Scripsit
1102 3101 1315 3163 etiam
1355 3100 1717 3164 Cardinali
1761 3098 2068 3178 Poggi0,
2109 3099 2384 3178 gratias
2423 3099 2651 3162 eidem
2692 3101 2972 3179 agendo

501 3212 570 3266 et
599 3205 966 3282 probando
998 3225 1178 3287 quae
1208 3224 1368 3270 cum
1399 3207 1962 3287 Archiepiscopo
1987 3214 2350 3268 transacta
2374 3216 2602 3268 erant.
2629 3207 2716 3269 Et
2739 3208 2971 3286 magis

492 3324 794 3376 suavem
827 3315 1020 3377 illurn
1049 3315 1334 3378 modurn
1364 3314 1696 3395 expedire
1728 3331 1941 3393 quam
1972 3313 2186 3376 alium
2208 3314 2645 3392 asperiorem
2668 3315 2967 3392 censuit;

493 3427 567 3480 et
599 3420 695 3481 ita
727 3421 1010 3487 omnino
1043 3422 1255 3484 etiam
1286 3421 1483 3484 initio
1514 3421 1720 3501 hujus
1751 3422 1919 3483 anni
1945 3420 2309 3484 Cardinali
2332 3420 2557 3483 eidem
2584 3423 2968 3504 scripserat

485 3533 573 3585 *ut
601 3541 763 3588 cum
794 3528 1216 3592 dexteritate
1247 3535 1640 3602 curaretur,
1674 3537 1887 3608 prout
1924 3527 2059 3606 ipsi
2090 3527 2451 3590 videretur
2492 3529 2857 3608 expedire,
2892 3539 2966 3592 ut

491 3647 703 3695 suum
733 3635 1040 3699 edictum
1069 3634 1676 3715 Archiepiscopus
1707 3633 2172 3712 suspenderet
2210 3633 2247 3696 ¹.

626 3741 768 3807 505.
858 3742 1203 3821 Quamvis
1242 3751 1479 3805 autem
1523 3742 1799 3804 litterae
1851 3739 2262 3803 Pontificiae
2311 3751 2471 3821 post
2522 3759 2773 3822 pacem
2817 3741 2964 3823 jam

498 3851 763 3915 factam
795 3861 1294 3930 pervenerunt,
1328 3867 1471 3912 non
1517 3849 1761 3912 inutile
1790 3848 1923 3910 fuit
1952 3857 2029 3911 ut
2074 3847 2677 3928 Archiepiscopus
2718 3850 2962 3913 intelli·

487 3967 695 4040 geret
727 3958 914 4038 quod
936 3967 1313 4036 patronum
1336 3956 1640 4020 habebat
1663 3955 1984 4019 Societas
2010 3954 2276 4018 Christi
2300 3956 2705 4033 Vicarium;
2732 3975 2962 4020 exem·

575 4236 591 4267 ¹
649 4234 919 4284 Polancus,
943 4245 1008 4276 ex
1029 4245 1186 4286 com„
1209 4233 1355 4277 Patri
1377 4233 1657 4277 Francisco
1680 4233 1741 4276 de
1763 4232 2098 4282 Villanueva.
2126 4232 2187 4275 de
2219 4232 2282 4275 iis
2302 4243 2434 4286 quae
2455 4232 2651 4275 Romae
2683 4233 2733 4275 in
2755 4235 2962 4287 negotio

483 4300 727 4349 'Toletani
751 4306 1141 4359 Archiepiscopi
1164 4305 1305 4357 fiunt,
1327 4306 1354 4349 2
1371 4305 1633 4358 januum
1657 4304 1951 4348 cardinalis
1971 4304 2032 4346 de
2055 4303 2223 4346 Monte
2254 4303 2450 4347 Nuncio
2473 4303 2669 4358 Pogglo
2700 4312 2751 4348 et
2774 4307 2959 4352 Archi-

490 4378 731 4431 episcopo
753 4377 1004 4420 Toletano
1026 4378 1075 4420 in
1096 4377 1589 4421 commendationem
1611 4375 1916 4426 societatis:
1944 4375 2197 4418 Polancus
2213 4408 2223 4427 ,
2251 4376 2494 4419 Patribus
2514 4375 2671 4419 Petro
2694 4377 2754 4419 de
2778 4377 2963 4422 Tabla·

485 4455 572 4492 res
594 4455 645 4491 et
666 4448 987 4492 Emmanueli
1011 4447 1196 4502 Lopez,
1218 4449 1279 4491 de
1301 4449 1478 4492 codem
1499 4448 1731 4503 negotio;
1769 4448 1905 4491 idem
1941 4446 2131 4491 Simoni
2166 4446 2456 4498 RodericiO,
2496 4454 2552 4490 ut
2588 4454 2733 4491 curet
2767 4460 2798 4491 a
2822 4448 2960 4504 Rege

488 4519 843 4573 portugalliae
865 4521 1072 4564 litteras
1091 4520 1157 4563 ad
1184 4519 1552 4574 Hispaniarum
1575 4520 1866 4574 Principem
1902 4520 2110 4570 habere.
2142 4529 2273 4571 quae
2308 4518 2599 4572 Principem
2629 4526 2872 4563 moveant
2894 4523 2958 4564 ad

486 4591 765 4634 favendum
785 4591 1036 4636 Societati
1058 4590 1109 4633 in
1131 4578 1339 4645 negotio
1361 4592 1752 4647 Archiepiscopi
1773 4589 2011 4634 Toletani
2031 4623 2041 4641 ,
2063 4591 2090 4632 7
2121 4589 2371 4642 januarii.
2404 4590 2544 4633 Idem
2579 4591 2784 4644 plenam
2819 4592 2957 4636 dedit

486 4663 648 4706 totius
669 4664 859 4717 negotii
884 4662 1325 4718 informationem
1345 4663 1700 4717 Portugatnae
1725 4664 1774 4706 in
1797 4662 2029 4705 Romana
2052 4661 2210 4704 Curia
2231 4663 2444 4710 oratori.
2467 4668 2523 4704 ut
2546 4662 2591 4705 is
2612 4673 2726 4705 eam
2749 4662 2894 4717 Regi.
2915 4666 2958 4708 si

485 4733 778 4786 videretur,
800 4734 1223 4778 communicaret.
2966 4723 2971 4730 ’
