3679 5414
673 479 781 539 284
1588 475 1852 537 Cimon.
1886 476 2042 536 Soc.
2083 475 2224 549 Jas.

670 633 1039 689 eramento
1057 623 1529 705 poenitentiae
1546 632 1757 703 atque
1773 622 2288 686 communionis
2309 621 2650 703 plurimos
2672 621 2764 684 ad
2779 620 3136 685 Christum

673 732 999 796 trahebat
1025 730 1065 795 ¹.

793 838 933 903 242.
1020 839 1275 902 Visum
1306 848 1543 902 autem
1570 838 1702 902 fuit
1732 838 1808 901 P.
1841 838 2117 918 Ignatio
2147 837 2222 901 P.
2258 837 2445 901 hunc
2474 836 2905 916 Adrianum,
2940 836 3141 917 cujus

672 948 946 1028 puritas
991 964 1074 1009 ac
1112 947 1340 1009 virtus
1392 945 1661 1009 Romae
1711 946 2002 1024 cognita
2037 945 2302 1025 fuerat,
2346 944 2439 1008 ad
2474 944 2988 1025 professionem
3019 944 3136 1008 ad·

672 1053 1120 1132 mittendum,
1167 1071 1329 1117 cum
1360 1054 1431 1116 in
1473 1054 1608 1115 illis
1638 1053 1996 1116 inferioris
2039 1052 2466 1116 Germaniae
2506 1052 2685 1115 locis
2725 1052 2988 1130 nulluS,
3023 1051 3142 1132 qui

670 1160 1186 1241 professionem
1235 1160 1307 1223 in
1356 1159 1709 1224 Societate
1757 1168 2004 1224 nostra
2051 1160 2432 1237 emisisset,
2478 1168 2912 1222 versaretur.
2958 1158 3143 1222 Suas

670 1285 846 1349 ergo
876 1267 1075 1331 vices
1104 1266 1412 1330 Domino
1441 1266 1738 1330 Doctori
1778 1266 2068 1330 Ruardo
2112 1266 2368 1347 Taper‚
2411 1265 2704 1329 Decano
2744 1274 2814 1329 et
2852 1265 3139 1329 Cancel-

668 1375 847 1438 lario
901 1375 1320 1454 lovaniensi,
1368 1373 1459 1437 ad
1498 1373 1650 1454 ejus
1685 1374 2207 1455 professionem
2236 1373 2744 1437 admittendam
2775 1374 3139 1437 commise-

671 1492 816 1561 rat3
850 1492 919 1546 et
949 1473 1315 1561 trigesima
1346 1482 1458 1545 die
1501 1482 1765 1544 mensis
1808 1481 2012 1558 Maii,
2058 1482 2131 1544 in
2178 1483 2439 1561 templo
2485 1482 2728 1560 magni
2769 1480 3144 1561 hospitalis

671 1590 1174 1669 LovaniensiS,
1209 1587 1407 1669 qu'us
1438 1590 1590 1669 ipse
1617 1588 1949 1652 Ruardus
1993 1589 2383 1669 spiritualis
2429 1597 2633 1669 pater
2675 1596 2745 1652 et
2788 1587 3137 1652 confessa·

674 1698 822 1760 rius
865 1705 1051 1776 erat,
1095 1696 1479 1776 Virginum
1522 1697 1710 1759 enim
1749 1696 2204 1774 coenobium,
2251 1696 2663 1776 provinciae
2696 1696 2881 1759 illius
2918 1712 3137 1776 more,

673 1803 1020 1884 hospitale
1051 1804 1438 1884 dicebatur,
1472 1804 1569 1866 ibi
1596 1803 1859 1866 Missae
1888 1801 2253 1866 Sacrificio
2298 1820 2460 1866 cum
2502 1819 2765 1882 magna
2807 1820 3141 1883 compun-

675 1912 909 1975 ctione
940 1911 1030 1974 ab
1059 1930 1143 1974 eo
1175 1911 1363 1974 dicto
1407 1919 1477 1973 et
1519 1911 1608 1973 ab
1649 1910 1808 1974 aliis
1853 1910 2116 1990 audito,
2162 1927 2323 1973 cum
2363 1920 2619 1973 ornatu
2657 1910 2867 1973 valde
2905 1911 3143 1991 splen-

675 2018 838 2082 dido
868 2028 1017 2082 tam
1046 2026 1646 2097 ornamentorum,
1675 2034 1891 2097 quam
1920 2017 2184 2097 caliciS,
2219 2018 2687 2098 ampullarum
2717 2027 2785 2080 et
2814 2026 3139 2098 patenae,

674 2143 854 2207 quae
897 2134 1281 2205 argenteae
1325 2134 1528 2188 erant
1569 2133 1638 2188 et
1677 2124 2062 2188 deauratae
2102 2134 2171 2187 et
2207 2125 2491 2188 nomine
2527 2124 2697 2207 Jesu
2736 2125 3138 2204 insignitae,

674 2233 1190 2314 professionem
1220 2249 1424 2296 suam
1452 2231 1529 2294 P.
1564 2231 1928 2295 Adrianus
1970 2232 2042 2295 in
2086 2230 2234 2312 ejus
2275 2232 2602 2295 manibus
2641 2232 2896 2295 emisit.
2938 2231 3144 2295 Prius

674 2349 912 2404 tamen
963 2339 1313 2403 Dominus
1353 2337 1687 2402 Decanus
1734 2339 1950 2401 latine
2004 2339 2448 2417 concionari,
2503 2348 2572 2402 et
2612 2337 2902 2418 deinde,
2951 2349 3027 2402 ut
3068 2355 3145 2401 se

675 2446 1023 2526 frequenti
1052 2445 1401 2508 auditorio
1434 2454 1969 2525 attemperaret,
2012 2446 2401 2508 vernacula
2437 2445 2715 2524 lingua,
2758 2446 3001 2508 voluit.
3055 2446 3146 2509 Et

676 2555 844 2633 quia
872 2555 984 2616 vir
1015 2552 1484 2633 gravissimus
1515 2561 1583 2615 et
1625 2552 2007 2632 probitate,
2057 2553 2381 2616 doctrina
2420 2562 2489 2616 et
2530 2553 2954 2616 auctoritate
2996 2550 3144 2631 ejus

676 2660 1176 2726 Universitatis
1204 2659 1414 2724 facile
1451 2660 1784 2741 princeps
1827 2677 1956 2723 suo
2006 2669 2319 2740 tempore
2356 2659 2520 2740 fuit,
2568 2670 2638 2724 et
2688 2659 2839 2741 ejus
2876 2660 3140 2740 scripta

675 2776 924 2830 contra
953 2767 1349 2830 haereticos
1388 2768 1461 2830 in
1502 2769 1733 2848 pretio
1774 2768 2028 2831 merito
2071 2767 2439 2847 habentur,
2474 2785 2824 2831 summam
2865 2768 3144 2831 concio-

674 2875 786 2937 nis
815 2874 987 2956 ejuS,
1022 2874 1209 2955 quod
1241 2875 1333 2937 ad
1361 2873 1787 2938 Societatem
1818 2877 2090 2955 attinet,
2124 2876 2239 2938 hic
2272 2876 2602 2956 inseram,
2634 2884 2846 2956 prout
2879 2877 2967 2939 ab
2990 2876 3143 2956 ipso

674 2980 751 3045 P.
812 2981 1135 3045 Adriano
1196 2982 1498 3045 collecta
1554 2981 1851 3046 fideliter
1913 2993 1981 3046 et
2037 2981 2115 3045 P.
2174 2981 2451 3062 Ignatio
2508 2984 2931 3046 transmissa
2986 2983 3139 3063 fuit;

675 3090 1002 3169 quamvis
1051 3089 1394 3170 majorem
1443 3091 1515 3153 in
1566 3088 1844 3154 dicente
1883 3090 2248 3170 energiam
2279 3089 2633 3171 habuerit,
2678 3092 2844 3170 quia
2882 3107 3142 3170 magno

675 3213 837 3260 cum
872 3197 1124 3277 spiritu
1154 3206 1225 3261 et
1254 3197 1602 3261 charitate
1642 3207 1711 3261 et
1752 3216 1842 3261 ex
1883 3198 2147 3261 intimis
2185 3194 3038 3278 visceribus'loquebatur
3077 3207 3146 3261 et

673 3304 992 3383 gestibus
1023 3304 1440 3367 ostendebat
1468 3322 1545 3367 se
1575 3305 1791 3367 animi
1837 3305 1948 3367 sui
1985 3303 2315 3367 affectum
2353 3321 2496 3367 non
2536 3304 2767 3368 adhuc
2803 3306 2980 3368 satis
3024 3323 3142 3367 ex-

673 3411 981 3490 primere
1004 3428 1185 3491 quae
1217 3412 1290 3474 in
1319 3410 1603 3491 scriptis
1634 3411 1927 3474 haberet
1966 3410 2011 3474 ⁸.

792 3515 931 3580 243.
1021 3517 1501 3598 Proposuerat
1540 3517 1710 3581 illud
1747 3519 2019 3582 thema:
2061 3519 2485 3581 mandatum
2528 3536 2795 3583 novum
2824 3520 2913 3582 do
2945 3518 3145 3582 vobis

674 3629 754 3686 ut
784 3622 1123 3703 diligatis
1151 3625 1489 3705 invicem,
1517 3624 1705 3688 sicut
1727 3630 1795 3687 et
1821 3642 1958 3705 ego
1983 3624 2221 3687 dilexi
2234 3641 2389 3688 vos:
2408 3625 2672 3708 Joann,
2696 3675 2722 3701 „
2738 3625 2831 3689 13.
2860 3625 2939 3689 In
2961 3627 3144 3705 lege,

675 3731 932 3810 inquit,
978 3732 1382 3795 carnalibus
1417 3732 1854 3812 rudibusque
1892 3731 2168 3813 judaeis
2216 3732 2627 3796 mandatum
2665 3732 2829 3797 fuit:
2873 3732 3144 3812 diliges

666 3836 1096 3916 proximum
1125 3843 1331 3900 tuum
1360 3839 1547 3901 sicut
1575 3844 1644 3901 te
1674 3838 1935 3918 ipsum.
1970 3838 2124 3901 Hoc
2154 3856 2329 3902 vero
2350 3856 2541 3903 novo
2566 3839 2832 3903 Christi
2854 3839 3140 3903 Domini

672 3943 917 4006 Nostri
974 3944 1309 4008 mandato
1360 3944 1696 4026 J'ubentur
1744 3946 2072 4026 discipuli
2128 3946 2425 4026 diligere
2472 3946 2876 4026 proximum
2926 3963 3140 4026 supra

755 4139 770 4172 ¹
829 4139 1097 4195 Polancus,
1134 4151 1200 4184 ex
1231 4141 1637 4193 commissione,
1657 4141 1891 4185 Adriano
1913 4141 2317 4193 Adriaenssens,
2349 4141 2624 4195 respondet
2653 4142 2819 4185 variis
2838 4141 3146 4195 quaestioui-

673 4212 766 4254 bus
787 4211 848 4253 de
868 4213 1023 4255 rebus
1043 4213 1108 4255 ad
1131 4212 1333 4256 animae
1354 4212 1645 4266 profectum
1666 4218 1717 4256 et
1739 4213 1803 4256 ad
1827 4213 2114 4256 ministeria
2134 4213 2510 4266 pertinentibus
2525 4245 2536 4267 ,
2557 4223 2629 4256 sc.
2652 4212 2712 4256 de
2733 4213 2989 4267 frequenti
3011 4222 3142 4256 com·

672 4282 935 4336 munione,
961 4282 1023 4325 de
1046 4283 1466 4336 inspirationibus
1481 4283 1671 4328 divinis
1685 4316 1696 4338 ,
1719 4284 1780 4328 de
1800 4295 1897 4328 usu
1916 4284 2135 4328 rationis
2155 4290 2208 4327 et
2231 4282 2532 4338 Scripturae
2554 4283 2604 4327 in
2625 4283 3001 4339 concionando,
3022 4288 3141 4336 etc.‚

670 4353 722 4397 31
744 4352 938 4397 Martii.

753 4426 776 4457 ¹
832 4425 1103 4477 Polancns.
1129 4437 1195 4469 ex
1215 4428 1618 4480 commissione,
1640 4427 1874 4470 Adriano
1897 4427 2294 4478 Adriaenssens,
2318 4426 2364 4469 ei
2396 4426 2700 4470 facultatem
2733 4425 2929 4469 faciens
2957 4431 3016 4469 ut
3036 4436 3149 4481 pro·

671 4497 944 4541 sessionem
970 4497 1019 4540 in
1041 4498 1275 4541 manibus
1297 4497 1493 4543 Ruardi
1514 4498 1687 4554 Taper
1708 4498 1948 4542 emittere
1971 4499 2148 4552 possit.
2169 4498 2220 4541 31
2242 4496 2435 4541 Martii.
2458 4496 2694 4551 Ignatius
2724 4497 2935 4541 Ruardo
2957 4497 3146 4551 Taper,

674 4569 734 4611 de
751 4568 926 4613 Patris
942 4568 1162 4613 Adriani
1185 4569 1564 4615 Adriaenssens
1579 4570 1912 4625 professione,
1929 4570 1958 4614 5
1970 4569 2109 4614 Maii.
2121 4569 2319 4614 Eadem
2335 4569 2417 4613 die
2435 4569 2620 4612 missae
2636 4573 2756 4612 sunt
2778 4568 3009 4613 Adriano
3029 4579 3146 4623 pro·

673 4639 909 4682 sessionis
930 4639 1165 4693 formula,
1184 4646 1426 4694 patentes
1446 4641 1650 4696 literae,
1669 4641 1854 4694 quibus
1872 4641 1916 4683 ei
1936 4646 2172 4695 potestas
2187 4639 2244 4683 fit
2265 4639 2567 4683 absolvendi
2584 4639 2744 4682 etiam
2760 4639 2898 4683 intra
2915 4638 3145 4682 Pascha·

672 4711 720 4753 le
743 4716 960 4764 tempus,
981 4715 1033 4753 et
1054 4710 1336 4755 historicae
1359 4711 1568 4756 litterae
1591 4713 1651 4756 de
1675 4712 1862 4756 Italiae
1886 4713 2057 4756 rebus.
