3679 5414
731 414 850 475 368
1642 411 1898 472 Canon.
1939 411 2094 472 Soc.
2132 413 2274 487 Jsss.

732 578 825 624 ac
855 560 1144 638 diviteS,
1180 558 1389 622 valde
1419 558 1491 621 in
1531 559 1648 621 illo
1693 559 1953 638 oppido
1995 559 2458 637 timebantur;
2502 558 2756 622 horum
2799 561 2977 623 alter
3019 578 3192 624 sem-

735 684 866 749 per
898 666 1115 730 armis
1146 674 1439 729 onustus
1469 675 1655 745 erat,
1702 665 1888 744 quod
1919 664 2134 728 alium
2162 666 2396 728 virum
2424 666 2729 729 nobilem
2760 665 3189 745 offendisset,

739 792 783 837 a
826 791 962 853 quo
1001 783 1069 837 et
1108 772 1658 852 consanguineis
1696 770 1847 852 ejus
1885 772 2019 835 sibi
2069 781 2368 836 mortem
2417 773 2729 835 timebat.
2782 772 2934 836 Hos
2984 774 3196 853 igitur

733 881 995 945 fratres
1046 898 1206 944 cum
1254 880 1326 943 in
1376 879 1796 960 quibusdam
1845 879 2421 942 meditationibus
2468 887 2632 943 ante
2681 880 3193 944 confessionem

735 988 814 1052 P.
858 989 1224 1053 Cornelius
1263 988 1727 1066 exercuisset,
1769 988 1891 1067 qui
1938 987 2245 1051 nobilem
2293 988 2529 1050 virum
2579 986 2967 1051 offenderat
3018 988 3192 1051 dixit

739 1095 817 1159 P.
860 1094 1189 1159 Cornelio
1231 1113 1308 1159 se
1349 1103 1677 1176 paratum
1721 1112 1878 1158 esse
1928 1095 2123 1158 illum
2168 1094 2365 1158 adire
2404 1104 2473 1157 et
2510 1095 2808 1173 genibus
2845 1095 3047 1158 flexis
3083 1114 3194 1158 ve·

736 1203 932 1267 niam
963 1203 1051 1265 ab
1082 1219 1166 1264 eo
1197 1216 1460 1282 petere,
1497 1219 1738 1265 ensem
1766 1202 2134 1283 proprium
2173 1201 2270 1264 illi
2307 1202 2648 1264 exhibens
2690 1203 2893 1282 quasi
2936 1201 3085 1282 eJus
3122 1220 3198 1265 se

735 1310 1070 1391 potestati
1100 1309 1540 1372 submittens.
1575 1306 1732 1371 Non
1760 1308 1832 1371 id
1862 1308 2145 1388 quidem
2172 1307 2491 1389 permisit
2519 1308 2595 1371 P.
2632 1307 3032 1388 Cornelius,
3074 1309 3198 1372 sed

739 1434 819 1480 re
847 1433 1010 1480 cum
1035 1415 1388 1495 Episcopo
1430 1416 1720 1494 collata,
1772 1413 2120 1478 offensum
2159 1415 2310 1495 ipse
2355 1415 2578 1478 adivit
2618 1425 2687 1478 et
2724 1432 2974 1496 pacem
3015 1432 3195 1479 com·

738 1523 995 1605 posuit.
1030 1522 1212 1586 Cum
1239 1532 1476 1585 autem
1516 1521 1588 1585 hi
1626 1519 1878 1585 Patres
1919 1530 2067 1585 tarn
2106 1530 2536 1585 commotum
2578 1524 2914 1602 populum
2945 1522 3036 1585 ad
3074 1540 3197 1602 op·

739 1630 911 1695 tima
962 1647 1280 1710 quaeque
1328 1630 1683 1708 viderent,
1739 1639 1808 1692 et
1860 1646 1999 1710 qua
2049 1628 2323 1692 ratione
2373 1629 2786 1693 conservari
2836 1639 2903 1692 et
2953 1630 3199 1708 augeri

735 1737 1097 1818 profectus
1146 1736 1260 1799 hic
1309 1736 1696 1816 spiritualis
1733 1736 1806 1798 in
1857 1736 1960 1799 eis
2010 1744 2250 1816 posset
2300 1738 2732 1816 cogitarent,
2788 1755 2872 1799 ea
2920 1737 3199 1800 demum

742 1844 976 1908 media
1004 1844 1097 1907 ad
1124 1843 1431 1907 fructum
1461 1844 2034 1907 conservandum
2064 1843 2437 1906 utilissima
2465 1845 2621 1907 visa
2651 1852 2845 1923 sunt,
2887 1861 3068 1923 quae
3111 1842 3201 1907 ad

736 1969 902 2015 eum
930 1949 1462 2031 producendum
1485 1951 1684 2012 utilia
1711 1950 1994 2013 fuerant
2022 1950 2326 2030 experti,
2361 1968 2444 2013 ea
2476 1959 2712 2014 autem
2743 1949 3198 2014 Sacramenta

739 2059 1160 2122 videbantur
1191 2058 1441 2121 crebro
1471 2067 1785 2137 sumpta,
1818 2075 1947 2138 per
1987 2076 2169 2139 quae
2198 2058 2548 2122 Dominus
2591 2060 2887 2122 multum
2924 2058 3201 2138 gratiae

740 2167 842 2229 illi
869 2167 1131 2247 populo
1162 2166 1836 2229 communicaverat.

885 2272 1024 2336 414.
1134 2271 1806 2336 Confraternitatem
1876 2273 2114 2352 itaque
2186 2272 2637 2335 instituerunt
2711 2273 2840 2335 sub
2920 2272 3204 2335 nomine

742 2380 823 2444 B.
883 2379 1206 2458 Virginis
1263 2379 1350 2442 de
1406 2379 1754 2442 charitate
1804 2389 1875 2441 et
1927 2379 2273 2460 quasdam
2330 2379 2866 2443 constitutiones
2925 2379 3201 2442 addide—

745 2495 943 2566 runt,
976 2488 1159 2550 inter
1192 2503 1369 2566 quas
1399 2496 1551 2549 erat
1581 2494 1657 2549 ut
1696 2486 1996 2566 singulis
2039 2486 2398 2549 mensibus
2441 2487 2658 2549 semel
2702 2484 3206 2550 confiterentur

745 2602 818 2656 et
848 2594 1487 2672 communicarent,
1522 2610 1607 2656 ac
1645 2602 2019 2673 praeterea
2058 2593 2381 2656 omnibus
2420 2593 2494 2656 in
2530 2591 2731 2656 festis
2775 2592 3205 2655 solemniori·

745 2699 881 2764 bus
910 2699 1180 2764 Christi
1207 2698 1528 2780 Domini,
1562 2709 1631 2763 et
1659 2699 1739 2763 B.
1772 2698 2126 2780 VirginiS,
2176 2710 2244 2763 et
2286 2699 2813 2780 Apostolorum.
2862 2698 3039 2763 Cum
3088 2718 3201 2763 au·

745 2815 890 2871 tem
922 2808 993 2870 in
1035 2808 1291 2870 librum
1333 2807 1686 2887 redigeret
1731 2807 2018 2871 nomina
2057 2824 2335 2886 eorum,
2380 2807 2500 2888 qui
2539 2807 2701 2870 huic
2747 2807 3204 2870 confraterni-

740 2915 875 2978 tati
906 2915 1217 2978 adscribi
1247 2916 1611 2994 volebant,
1645 2915 1813 2978 dum
1842 2923 2002 2996 post
2030 2914 2307 2977 Pascha
2337 2915 2567 2995 primo
2598 2914 2918 2977 confiteri
2952 2913 3199 2976 debue-

742 3030 944 3101 runt,
1000 3020 1147 3101 jam
1209 3022 1577 3102 quingenti
1631 3022 1923 3085 nomina
1988 3020 2330 3084 dederant
2386 3021 2600 3098 (inter
2667 3038 2846 3101 quos
2907 3022 3201 3100 triginta

743 3128 1074 3192 mulieres
1113 3127 1552 3209 peccatrices
1591 3145 1676 3191 ea
1720 3126 2268 3208 quadragesima
2319 3129 2787 3207 conversae),
2831 3137 2900 3189 et
2942 3145 3206 3190 novum

740 3235 921 3298 satis
951 3234 1350 3314 videbatur,
1382 3235 1498 3298 ubi
1524 3235 1740 3297 semel
1769 3243 2045 3297 tantum
2075 3234 2146 3296 in
2177 3252 2364 3298 anno
2397 3233 2714 3297 confiteri
2753 3233 3071 3297 homines
3102 3251 3205 3297 so·

742 3342 1014 3421 lebant,
1048 3350 1208 3422 post
1255 3341 1533 3405 Pascha
1575 3340 1978 3422 huJusmodi
2023 3341 2493 3422 frequentiam
2538 3341 2629 3404 ad
2671 3351 2922 3404 sancta
2960 3340 3205 3404 Sacra-

744 3458 983 3512 menta
1015 3447 1277 3512 videre.
1315 3448 1454 3528 Qui
1485 3457 1722 3511 autem
1751 3466 1915 3512 cum
1945 3447 2435 3512 aedificatione
2456 3448 2530 3511 id
2566 3449 3014 3529 spectabant,
3048 3466 3204 3512 con·

744 3554 886 3618 fusi
941 3556 1460 3635 quodammodo
1512 3551 1897 3618 manebant
1952 3555 2141 3636 quod
2188 3555 2375 3618 idem
2424 3573 2567 3617 non
2615 3563 3094 3636 praestarent,
3140 3565 3209 3617 et

746 3662 947 3725 multi
995 3662 1485 3741 proponebant
1522 3663 1595 3725 in
1632 3670 1993 3742 posterum
2041 3662 2113 3725 id
2148 3661 2409 3725 facere.
2455 3662 2659 3726 Unde
2700 3679 2860 3725 cum
2898 3662 3208 3725 secundo

744 3768 1353 3832 confraternitatis
1381 3769 1703 3831 homines
1732 3768 2053 3832 confiteri
2082 3777 2150 3832 et
2185 3769 2710 3832 communicare
2741 3770 3033 3848 vellent,
3061 3768 3207 3849 jam

743 3875 1174 3955 septingenti
1222 3885 1446 3953 erant,
1500 3875 1750 3955 quibus
1790 3876 2039 3939 aderat
2080 3875 2478 3956 Episcopus
2507 3886 2576 3939 et
2619 3893 2749 3938 sua
2795 3893 3004 3938 manu
3051 3892 3204 3938 san·

743 3979 1137 4048 ctissimam
1169 3982 1693 4046 Eucharistiam
1719 3982 1868 4046 fere
1908 3983 2315 4074 quingentis
2356 3999 2446 4045 ex
2486 3983 2590 4044 eis
2627 3983 2976 4062 porrexit,
3025 3992 3206 4063 post·

746 4103 961 4166 quam
1017 4087 1278 4155 Missae
1320 4089 1749 4153 sacrificium
1796 4090 2207 4153 solemniter
2258 4090 2705 4152 celebrasset.
2752 4089 2840 4153 Et
2881 4097 2957 4152 ut
2994 4090 3206 4152 maxi-

747 4210 940 4257 mam
991 4194 1140 4274 ipse
1186 4195 1580 4275 Episcopus
1631 4196 2194 4280 consolationem
2239 4195 2513 4276 accepit
2563 4196 2661 4257 ita
2713 4203 2780 4258 et
2829 4213 2957 4259 suo
3006 4196 3208 4276 gregi

748 4301 963 4365 dedit.
996 4301 1403 4380 Ingressum
1433 4303 1505 4365 in
1534 4302 2195 4367 confraternitatem
2233 4304 2442 4366 istam
2472 4311 2542 4365 et
2585 4300 3212 4366 Sacramentorum

748 4407 1186 4488 frequentem
1215 4426 1422 4472 usum
1450 4427 1711 4490 magna
1750 4410 1942 4474 vitae
1973 4429 2059 4474 ac
2090 4427 2367 4474 morum
2406 4410 2706 4472 mutatio
2737 4411 3207 4491 consequeba-

749 4523 896 4595 tur;
943 4523 1011 4578 et
1041 4515 1159 4578 alii
1190 4516 1366 4579 alios
1396 4516 1486 4579 ad
1524 4517 1789 4598 optima
1819 4535 2138 4602 quaeque
2167 4517 2566 4584 invitabant
2606 4527 2674 4579 et
2716 4516 3204 4580 hortabantur.

872 4620 1013 4684 415.
1101 4622 1281 4686 Cum
1328 4631 1566 4687 autern
1613 4623 1699 4686 ad
1753 4623 2145 4704 Collegium
2192 4634 2512 4690 nostrum
2563 4624 2796 4687 redire
2845 4624 2920 4688 hi
2965 4623 3213 4688 Patres
