3679 5414
623 411 733 471 310
1549 412 1805 472 Cnnou.
1846 411 1998 473 See.
2038 412 2179 486 Jsss.

627 556 986 638 hospitale
1012 556 1244 620 rediit.
1288 557 1448 620 Nec
1486 557 1832 637 explicari
1869 566 2110 637 posset
2150 562 2488 637 quantam
2539 560 3096 623 consolationem

622 672 777 727 tota
805 681 892 726 ea
919 663 1295 744 provincia
1316 665 1681 743 acceperit
1710 674 1780 728 et
1812 681 2027 743 quam
2069 679 2373 743 magnus
2410 664 2681 776 fructus
2719 666 2811 730 sit
2849 672 3090 730 conse·

628 767 884 834 cutus¹
1040 827 1047 832 ,
2837 797 2840 800 ’
2983 795 3036 833 z.

744 877 899 944 289
973 876 1241 955 Scribit
1284 878 1748 957 magistratus
1788 877 1860 941 et
1901 880 2367 959 congregatio
2408 879 2721 942 civitatis
2770 879 2847 942 Ρ.
2882 879 3092 959 Igna-

624 984 724 1046 tio
752 984 811 1047 6.
823 985 853 1016 ⁸
878 985 990 1046 die
1019 982 1457 1063 Septembris
1478 981 1695 1064 hujus
1725 986 1895 1050 anni
1935 986 2176 1049 deberi
2213 986 2302 1049 ab
2344 986 2680 1049 universo
2711 986 2882 1048 orbe
2913 986 3090 1049 chri·

629 1091 861 1155 stiano
893 1109 1100 1155 omne
1130 1092 1545 1172 obsequium
1581 1092 1830 1171 eidem,
1868 1093 2055 1173 quod
2082 1102 2358 1157 tantum
2385 1094 2565 1156 lucis
2593 1103 2741 1156 tam
2766 1111 3088 1157 necessa·-

628 1198 733 1260 rio
754 1208 1090 1279 ,tempore
1134 1198 1474 1277 attulerit,
1523 1199 1649 1263 sed
1698 1200 2038 1280 peculiari
2086 1200 2361 1263 ratione
2409 1200 2856 1279 provinciam
2901 1200 3094 1263 illam

624 1305 967 1369 montium
1007 1323 1529 1387 pyrenaeorum
1557 1306 1745 1387 quod
1773 1316 1922 1370 tam
1965 1307 2225 1369 bonum
2263 1305 2633 1370 luciferum
2657 1315 2726 1370 et
2750 1307 3093 1370 mentium

624 1413 1088 1482 excitatorem
1144 1414 1216 1476 in
1271 1414 1464 1476 illam
1512 1414 1808 1493 miserit,
1863 1413 1938 1476 P.
1993 1413 2488 1493 Franciscum,
2546 1413 2713 1477 olim
2771 1413 3092 1477 Gandiae

624 1519 928 1598 Ducem,
962 1530 1031 1584 et
1071 1520 1487 1584 nominatim
1529 1521 1864 1601 oppidum
1907 1521 1993 1585 de
2042 1520 2396 1600 Vergara,
2443 1521 2572 1583 ubi.
2611 1520 3092 1600 significatum

628 1625 858 1690 fuerat
896 1628 1085 1708 quod
1123 1627 1579 1690 residentiam
1625 1638 1813 1696 esset
1852 1628 2205 1707 facturus;
2249 1638 2323 1690 et
2366 1628 2693 1708 quamvis
2730 1629 2804 1692 in
2847 1629 3090 1691 eremi-

627 1734 808 1797 torio
858 1735 936 1797 B.
990 1733 1456 1814 Magdalenae
1498 1752 1718 1814 prope
1761 1735 2096 1816 oppidum
2140 1734 2227 1798 de
2271 1734 2549 1814 Ognate
2597 1743 2846 1814 postea
2890 1752 3093 1798 suam

627 1841 1132 1904 habitationem
1161 1841 1490 1920 elegisset
1524 1841 1736 1920 (quod
1772 1859 1936 1905 cum
1974 1857 2238 1921 magno
2283 1841 2548 1905 doloris
2588 1859 2801 1905 sensu
2842 1842 3087 1905 tulisse

625 1965 701 2010 se
731 1943 1096 2025 fatentur),
1133 1948 1269 2011 hoc
1298 1965 1374 2011 se
1407 1957 1646 2011 tamen
1682 1948 1961 2027 gratiae
1999 1967 2042 2011 a
2079 1947 2235 2011 Deo
2279 1948 2641 2028 accepisse
2682 1948 2871 2028 quod
2901 1949 3081 2013 deci-

625 2072 741 2117 ma
769 2054 1014 2134 quinta
1044 2054 1469 2117 Novembris
1509 2055 1805 2118 Missam
1846 2057 2033 2135 apud
2069 2073 2146 2118 se
2176 2055 2462 2134 dixerit,
2504 2065 2573 2118 et
2608 2054 2897 2135 Jubilaei
2928 2073 3086 2135 gra-

625 2161 813 2225 tiam¹
837 2161 942 2224 eis
984 2161 1618 2224 communicaverit
1668 2179 1828 2225 cum
1878 2179 2142 2242 magna
2191 2161 2341 2242 ejus
2387 2161 2626 2243 oppidi
2668 2173 2736 2231 et
2785 2163 3088 2226 aliorum

624 2286 708 2332 eo
739 2268 1241 2331 confluentium
1277 2267 1788 2332 aedificatione.
1832 2270 1921 2332 Et
1964 2269 2130 2348 quia
2175 2269 2511 2351 oppidum
2541 2269 2629 2333 de
2656 2269 2989 2349 Vergara
3019 2279 3089 2333 et

622 2375 855 2439 nobile
902 2383 972 2438 et
1025 2374 1330 2438 aliorum
1381 2375 1708 2438 ordinum
1770 2377 2223 2439 monasteriis
2274 2367 2685 2440 destitutum
2747 2376 3090 2457 majorem

622 2482 1070 2544 occasionem
1125 2481 1519 2544 communis
1573 2482 1738 2545 boni
1789 2483 2131 2563 praebere
2178 2492 2411 2564 potest
2461 2501 2675 2563 quam
2723 2483 2918 2563 prior
2969 2484 3088 2546 illa

616 2588 1051 2667 Ognatensis
1099 2588 1512 2667 residentia,
1563 2598 1821 2668 rogant
1861 2590 1936 2652 P.
1983 2589 2336 2669 Ignatium
2381 2599 2474 2666 ut,
2498 2590 2872 2654 admittere
2918 2591 3088 2653 velit

620 2694 965 2776 hospitale
1015 2695 1374 2775 quoddam
1416 2694 1714 2775 insignis
1765 2695 2066 2760 aedificii
2109 2716 2269 2761 cum
2311 2698 2645 2776 ecclesia,
2682 2707 2788 2775 ut,
2833 2698 3080 2761 relicta

619 2803 1111 2882 in·pauperum
1151 2819 1357 2869 usum
1398 2802 1637 2866 infima
1676 2813 1911 2883 parte,
1957 2805 2031 2868 in
2073 2806 2424 2885 superiori
2464 2804 2862 2885 Collegium
2888 2805 3082 2868 insti·

616 2919 886 2989 tuatur,
919 2909 1036 2972 ubi
1067 2919 1133 2972 et
1163 2910 1633 2988 grammatica
1663 2919 1732 2974 et
1772 2912 2250 2975 conscientiae
2288 2929 2497 2975 casus
2538 2913 2959 2991 doceantur;
3010 2920 3081 2975 et

620 3012 836 3097 agros
866 3034 951 3079 ac
979 3016 1188 3078 villas
1227 3015 1575 3096 quasdam
1611 3016 1703 3080 ad
1742 3016 2232 3097 Collegialium
2259 3019 2898 3083 sustentantionem
2924 3018 3081 3082 offe-

618 3124 900 3203 rebant;
933 3131 1003 3187 et
1031 3123 1135 3187 sic
1179 3122 1460 3186 demum
1488 3132 1566 3186 ut
1593 3124 1670 3187 P.
1719 3124 2151 3189 Franciscus
2193 3126 2485 3206 apudse
2527 3126 2840 3190 residere
2869 3126 3081 3206 impe·-

622 3240 812 3294 trare
834 3231 1249 3294 *nitebantur
1279 3228 1326 3291 ².

688 3365 692 3368 ⁴
737 3337 877 3401 290.
968 3337 1316 3400 Dominus
1359 3336 1574 3400 etiam
1629 3336 1733 3401 de‘
1777 3337 2076 3417 Ozaeta,
2132 3340 2533 3403 Beltramus
2582 3341 2855 3420 Lopez,
2890 3338 3089 3419 cujus

619 3446 871 3509 domus
899 3464 943 3508 a
972 3445 1285 3524 Loyolae
1314 3443 1526 3506 domo
1549 3443 1901 3524 pendebat
1922 3463 2015 3508 ex
2041 3454 2269 3527 parte,
2296 3446 2542 3509 scribit
2566 3447 2841 3526 gratias
2865 3461 3088 3524 agens

621 3553 774 3617 Deo
823 3562 893 3616 et
930 3553 1006 3616 P.
1050 3554 1326 3633 Ignatio
1372 3554 1459 3615 de
1503 3551 1752 3615 eodem
1796 3551 2107 3616 adventu
2149 3552 2225 3615 P.
2277 3553 2678 3632 Francisci,
2728 3551 2917 3633 quod
2959 3568 3088 3631 pro

617 3660 867 3725 favore
897 3663 1241 3742 singulari
1271 3671 1420 3726 tota
1463 3680 1548 3726 ea
1591 3660 1964 3742 provincia
1994 3660 2467 3739 agnoscebat,
2503 3668 2574 3722 et
2603 3668 2751 3722 tam
2780 3660 3086 3740 singula-

618 3785 773 3831 rem
798 3769 1176 3849 provenire
1206 3770 1513 3832 fructum
1543 3787 1629 3831 ea
1661 3769 1734 3831 in
1761 3767 2054 3846 regione
2095 3765 2426 3844 affirmat,
2470 3775 2548 3829 ut
2586 3766 2710 3828 vix
2748 3764 3090 3846 explicari

622 3875 877 3954 possit;
921 3876 1094 3939 nihil
1133 3876 1318 3939 enim
1362 3884 1636 3939 tentare
1678 3875 1795 3937 vel
1825 3873 2125 3953 aggredi
2152 3872 2230 3935 P.
2272 3874 2736 3936 Franciscum
2774 3872 2963 3952 quod
2990 3872 3088 3934 illi

624 3999 767 4044 non
796 3983 1160 4062 succedat,
1196 3983 1269 4045 in
1297 3983 1407 4046 his
1439 4000 1619 4063 quae
1654 3980 1744 4044 ad
1773 3980 1907 4043 Dei
1931 3980 2299 4044 servitium
2320 3981 2710 4061 pertinent;
2743 3980 3090 4043 factiones

617 4107 711 4150 ac
740 4088 1119 4152 seditiones
1149 4107 1330 4170 quae
1360 4090 1557 4168 prius
1589 4089 1958 4168 vigebant,
1993 4086 2343 4151 extinctas
2367 4105 2528 4151 ‘esse
2548 4087 2621 4149 in
2644 4094 2794 4148 tota
2817 4105 2903 4149 ea
2930 4103 3089 4167 pro-

705 4367 722 4399 ¹
779 4366 1013 4421 Ignatius
1035 4366 1164 4410 Duci
1186 4366 1435 4417 Gandiae.
1456 4375 1754 4409 concessam
1775 4375 1888 4408 esse
1910 4375 1943 4408 a
1965 4363 2174 4409 Summo
2191 4364 2436 4409 Pontiflce
2457 4362 2833 4419 indulgentiam
2853 4363 2916 4407 lis
2935 4362 3093 4406 omni-

622 4440 718 4481 bus
737 4439 823 4493 qui
844 4437 1076 4491 Missam,
1098 4446 1257 4493 quam
1275 4434 1440 4492 primo
1463 4437 1580 4480 Dux
1599 4436 1798 4491 publice
1820 4437 2138 4490 celebravit,
2168 4436 2406 4489 audient,
2431 4437 2450 4479 1
2473 4435 2609 4489 Julii.
2641 4436 2839 4479 Eodem
2859 4441 3090 4489 tempore

625 4511 814 4554 misene
834 4516 952 4554 sunt
974 4516 1216 4564 patentes
1235 4508 1427 4564 Ignatii
1450 4509 1659 4553 litterae
1682 4508 1933 4563 adipsum
1954 4508 2150 4552 Ducem
2167 4508 2231 4551 de
2254 4509 2433 4552 eadem
2453 4508 2792 4562 indulgentia.

702 4582 724 4613 ¹
780 4580 1188 4635 Vergarensium
1209 4581 1416 4625 litteras
1436 4581 1504 4624 nd
1523 4580 1785 4634 Ignatium
1807 4580 1969 4623 habes
1989 4580 2041 4660 in
2061 4579 2397 4631 Ctmcwncos,
2426 4578 2560 4623 Vidn
2581 4580 2648 4622 de
2670 4578 2781 4621 San
2802 4578 3095 4622 Francisco

622 4653 689 4695 de
710 4652 904 4708 Borja,
922 4652 1011 4697 lib.
1032 4664 1104 4707 iv,
1123 4663 1237 4707 cap.
1256 4651 1311 4704 3,
1334 4651 1452 4705 siv.
