3679 5414
1536 419 1664 477 ΑΝ.
1710 419 1852 477 1552
2815 418 2925 479 757

563 776 705 843 DE
762 774 1335 842 COLLEGIIS
1394 775 1869 854 COCHINI,
1930 775 2059 839 ET
2113 775 2252 839 DE
2316 773 2792 853 NOSTRIS,

811 958 927 1012 QUI
969 958 1039 1001 IN
1079 951 1430 1002 MA'RITIMA
1476 956 1806 1002 COMU'RINI
1851 957 1991 1001 ORA
2035 955 2555 1001 VERSABANTUR

446 1272 455 1275 ,
563 1208 704 1271 724.
791 1208 1013 1271 Multa
1049 1206 1346 1271 Cochini
1376 1214 1678 1285 operata
1708 1214 1816 1268 est
1845 1205 2087 1269 divina
2117 1205 2555 1290 bonitas-per
2585 1203 2662 1267 P.
2697 1203 2915 1267 Anto-

437 1317 637 1386 nium
666 1316 752 1379 de
777 1297 1125 1389 >Heredia,
1161 1314 1300 1393 cui,
1334 1330 1498 1377 cum
1528 1314 1726 1376 solus
1756 1322 1946 1376 esset
1977 1313 2313 1376 sacerdos
2334 1344 2356 1390 ,·
2383 1312 2681 1375 multum
2710 1319 2778 1373 et
2809 1328 2915 1373 as·

431 1423 642 1494 sidue
672 1423 743 1486 in
771 1421 1332 1485 confessionibus
1362 1419 1736 1483 audiendis
1766 1419 1899 1483 fuit
1944 1419 2473 1483 elaborandum.
2524 1417 2915 1482 Conciona-

437 1531 647 1595 batur
690 1530 1173 1607 nihilominUS,
1228 1537 1299 1591 et
1349 1527 1632 1608 quidem
1682 1527 2037 1608 frequenti
2087 1543 2251 1590 cum
2301 1525 2687 1605 auditorio;
2745 1542 2913 1587 narn

422 1636 726 1717 quidam
752 1636 1112 1715 Pro-regis
1141 1634 1323 1698 filius
1346 1652 1509 1698 cum
1539 1650 1801 1713 magna
1833 1635 2063 1697 classe
2099 1633 2194 1697 ibi
2223 1633 2694 1709 hiemaverat,
2732 1649 2913 1711 quae

322 1729 323 1732 ¹
440 1743 690 1807 messis
719 1743 794 1806 Ρ.
830 1742 1140 1806 Antonio
1177 1742 1351 1805 satis
1402 1741 1693 1822 copiosa
1723 1741 1880 1804 fuit.
1920 1740 2312 1820 Quemdam
2349 1739 2656 1803 habebat
2696 1756 2914 1819 penes

421 1867 515 1913 se
558 1869 647 1914 ex
691 1850 1028 1930 orphanis
1068 1849 1304 1931 pueris
1353 1868 1443 1912 ex
1494 1848 1931 1928 Portugallia
1978 1848 2237 1926 missiS,
2284 1849 2406 1929 qui
2445 1847 2911 1910 christianam

421 1956 835 2021 doctrinam
885 1956 1325 2033 declarabat,
1370 1965 1439 2019 et
1475 1958 1737 2035 legere,
1782 1972 1869 2019 ac
1907 1956 2248 2034 scribere,
2294 1964 2364 2018 et
2394 1963 2683 2018 cantum
2713 1971 2911 2017 acce-

421 2063 686 2130 ·dentes
713 2081 973 2144 pueros
1003 2063 1321 2126 docebat.
1366 2064 1553 2127 Inter
1596 2064 1856 2126 multas
1895 2061 2466 2142 pacificationeS,
2509 2078 2687 2142 quas
2727 2060 2912 2123 idem

437 2170 650 2235 Pater
680 2170 1156 2235 conficiendas
1203 2171 1517 2250 curavit,
1551 2188 1693 2233 una
1722 2170 1855 2233 fuit
1885 2169 2215 2250 insignis,
2265 2187 2447 2250 quae
2486 2169 2547 2231 si
2575 2185 2718 2232 non
2748 2167 2909 2230 fuis·

434 2287 544 2342 set
572 2277 928 2355 confecta,
963 2295 1173 2341 neces
1204 2287 1273 2341 et
1302 2278 1443 2340 alia
1481 2277 1737 2356 gravia
1785 2275 2237 2340 incommoda
2281 2275 2689 2357 impendere
2717 2274 2904 2337 vide-

419 2384 724 2463 'bantur;
757 2402 922 2448 nam
955 2404 1044 2448 ex
1071 2402 1214 2447 una
1243 2394 1445 2466 parte
1477 2402 1721 2447 omnes
1754 2381 2033 2465 [erant],
2079 2384 2197 2464 qui
2229 2392 2657 2464 quaesturae
2696 2397 2908 2461 nego·

433 2493 609 2556 tium
659 2493 1062 2556 tractabant
1105 2492 1215 2569 (de
1258 2506 1551 2554 camara
1595 2492 1908 2554 civitatis
1953 2508 2094 2554 eos
2126 2490 2440 2569 vocant),
2486 2508 2576 2553 ex
2616 2489 2756 2552 alia
2796 2488 2910 2551 vir

415 2599 742 2680 quidam,
796 2598 998 2680 cujus
1046 2599 1431 2663 factionem
1490 2598 1709 2679 aliqui
1746 2599 2020 2662 nobiles
2068 2598 2566 2678 sequebantur.
2622 2595 2734 2659 Ab
2772 2596 2909 2659 hoc

431 2705 649 2786 igitur
697 2707 854 2771 viro
907 2707 1315 2788 impetravit
1366 2716 1442 2770 ut
1492 2706 1736 2771 fratris
1789 2716 2091 2770 mortem
2132 2705 2605 2784 condonaret,
2663 2703 2783 2784 qui
2833 2703 2906 2767 in

416 2814 741 2892 -quadam
769 2816 1072 2878 ecclesia
1101 2815 1528 2895 pugionibus
1570 2814 1947 2878 confossus
1986 2814 2249 2893 fuerat,
2292 2812 2482 2894 quod
2511 2811 2712 2876 multi
2749 2812 2906 2874 reli-

418 2919 622 2999 -giosi
657 2929 726 2983 et
768 2920 865 3001 pii
908 2922 1232 2986 homines
1261 2922 1459 3003 prius
1505 2921 1595 2984 ab
1636 2906 1720 2984 e'o
1765 2923 2206 3001 postulantes
2244 2938 2388 2983 non
2427 2919 2902 2982 obtinuerant.

552 3027 693 3091 725.
781 3028 887 3091 Ea
919 3046 1099 3108 quae
1128 3029 1456 3108 superius
1489 3027 1575 3091 de
1605 3028 2127 3110 poenitentibus
2148 3028 2222 3090 in
2245 3027 2465 3090 sextis
2487 3026 2682 3090 feriis
2705 3024 2904 3088 Goae

419 3143 504 3197 ·et
532 3134 826 3199 Bazaini
855 3136 1243 3214 retulimuS,
1278 3134 1611 3199 adhibitis
1634 3135 1956 3215 flagelliS‚
1983 3154 2074 3198 ex
2097 3134 2474 3199 occasione
2491 3131 2780 3213 jubilaei
2802 3131 2898 3194 in-

435 3241 603 3306 duci
644 3242 718 3305 in
756 3243 1131 3305 ecclesiam
1170 3251 1489 3306 nostram
1528 3241 2044 3306 Cochinensem
2093 3248 2509 3320 coeperunt;
2552 3248 2622 3302 et
2660 3255 2901 3318 seque-

434 3348 691 3412 bantur
734 3348 1020 3412 litaniae
1052 3367 1216 3412 cum
1247 3349 1404 3412 aliis
1437 3349 1885 3413 orationibus
1915 3347 2005 3410 ad
2033 3348 2495 3411 necessitates
2517 3346 2756 3410 Indiae
2788 3362 2894 3409 ac·

422 3455 927 3520 commodatis
956 3455 1265 3519 Contulit
1291 3457 1505 3519 etiam
1530 3474 1607 3519 se
1631 3456 1722 3519 ad
1747 3457 1905 3519 loca
1929 3455 2278 3535 quaedam
2299 3455 2559 3532 vicina,
2585 3454 2707 3518 ubi
2729 3455 2901 3517 mul-

420 3562 487 3624 ·ti
516 3563 883 3626 christiani
911 3574 1097 3642 sunt,
1136 3581 1314 3644 quos
1348 3581 1391 3626 a
1422 3563 1511 3626 D.
1546 3563 1819 3627 Thoma
1841 3544 2187 3644 Apostolo
2220 3562 2449 3625 sacris
2476 3571 2763 3624 nostrae
2793 3579 2897 3624 re-

432 3670 718 3748 ligionis
748 3670 1062 3734 initiatos
1093 3670 1352 3745 ferunt,
1390 3680 1458 3733 et
1504 3671 1576 3734 in
1606 3688 1858 3734 eorum
1887 3671 2166 3750 templis
2195 3668 2451 3732 Missas
2483 3668 2892 3747 celebravit,

426 3776 745 3839 adhibito
775 3785 990 3840 cantu
1020 3794 1402 3858 puerorum
1431 3779 1936 3857 orphanorum,
1972 3794 2150 3857 quos
2187 3794 2428 3839 secum
2473 3774 2889 3839 adduxerat.

431 3882 729 3964 Aliquas
759 3885 976 3947 etiam
1006 3885 1561 3965 supplicationes
1591 3885 1914 3965 publicas
1952 3902 2114 3947 cum
2154 3883 2559 3947 christianis
2599 3879 2750 3962 ejus
2791 3900 2897 3945 re-

428 3990 661 4069 gionis
690 3991 1012 4055 instituit.
1052 3990 1316 4071 Magna
1347 3993 1585 4072 itaque
1619 3993 2105 4055 consolatione
2141 4009 2263 4054 eos
2292 3993 2593 4071 populos
2634 3988 2889 4069 affecit,

430 4097 548 4176 qui
577 4097 977 4161 institerunt
1010 4107 1085 4161 ut
1116 4100 1399 4179 saepius
1430 4100 1521 4162 ad
1553 4117 1628 4163 se
1663 4098 1950 4176 rediret,
1994 4109 2061 4162 et
2106 4099 2548 4179 spiritualem
2586 4099 2690 4161 eis
2731 4114 2889 4160 con·

428 4203 848 4267 solationem
879 4205 1378 4286 impertiretur.

546 4309 688 4374 726.
775 4312 852 4375 In
883 4311 1198 4391 Collegio
1230 4312 1654 4376 Cochinensi
1683 4312 1791 4376 bis
1813 4313 2122 4393 quotidie
2147 4312 2537 4376 christiana
2561 4311 2887 4375 doctrina

410 4416 832 4497 docebatur,
866 4419 1140 4482 duobus
1164 4418 1561 4499 juvenibuS,
1595 4418 1688 4482 ad
1717 4420 2144 4483 christianos
2173 4421 2576 4483 malavares
2605 4420 2885 4499 pulsato

418 4523 889 4588 tintinnabulo
923 4525 1451 4605 convocandos,
1480 4544 1605 4607 per
1634 4526 1920 4590 diversa
1944 4528 2102 4590 loca
2126 4527 2382 4601 missis;
2419 4537 2487 4590 et
2520 4535 2666 4589 tam
2688 4527 2888 4590 multi

418 4632 876 4711 conveniunt,
908 4634 1332 4714 praesertim
1358 4633 1760 4698 conditione
1798 4635 1990 4696 servi
2019 4643 2088 4696 et
2120 4634 2442 4714 ancillae,
2476 4643 2553 4697 ut
2593 4634 2718 4697 vix
2760 4652 2884 4698 eos
