<?xml version="1.0" encoding="UTF-8"?>
<!DOCTYPE html PUBLIC "-//W3C//DTD XHTML 1.0 Transitional//EN"
    "http://www.w3.org/TR/xhtml1/DTD/xhtml1-transitional.dtd">
<html xmlns="http://www.w3.org/1999/xhtml" xml:lang="en" lang="en">
 <head>
  <title>
</title>
<meta http-equiv="Content-Type" content="text/html;charset=utf-8" />
  <meta name='ocr-system' content='tesseract 3.04.00' />
  <meta name='ocr-capabilities' content='ocr_page ocr_carea ocr_par ocr_line ocrx_word'/>
</head>
<body>
  <div class='ocr_page' id='page_1' title='image "./vitaignatiiloio03polagoog_0738.png"; bbox 0 0 3679 5414; ppageno 0'>
   <div class='ocr_carea' id='block_1_1' title="bbox 749 457 2273 549">
    <p class='ocr_par' dir='ltr' id='par_1_1' title="bbox 749 457 2273 549">
     <span class='ocr_line' id='line_1_1' title="bbox 749 457 2273 549; baseline -0.002 -15"><span class='ocrx_word' id='word_1_1' title='bbox 749 457 862 535; x_wconf 82' lang='lat'>732</span> <span class='ocrx_word' id='word_1_2' title='bbox 1641 475 1899 536; x_wconf 67' lang='lat' dir='ltr'>Canon.</span> <span class='ocrx_word' id='word_1_3' title='bbox 1941 473 2094 535; x_wconf 88' lang='lat' dir='ltr'>Soc.</span> <span class='ocrx_word' id='word_1_4' title='bbox 2134 476 2273 549; x_wconf 70' lang='lat' dir='ltr'>Jsss.</span> 
     </span>
    </p>
   </div>
   <div class='ocr_carea' id='block_1_2' title="bbox 742 617 3231 3167">
    <p class='ocr_par' dir='ltr' id='par_1_2' title="bbox 749 617 3231 1648">
     <span class='ocr_line' id='line_1_2' title="bbox 750 617 3227 700; baseline 0.002 -17"><span class='ocrx_word' id='word_1_5' title='bbox 750 638 913 683; x_wconf 90' lang='lat' dir='ltr'>eum</span> <span class='ocrx_word' id='word_1_6' title='bbox 944 621 1035 684; x_wconf 91' lang='lat' dir='ltr'>ad</span> <span class='ocrx_word' id='word_1_7' title='bbox 1063 617 1275 684; x_wconf 90' lang='lat' dir='ltr'>fidem</span> <span class='ocrx_word' id='word_1_8' title='bbox 1316 622 1689 700; x_wconf 88' lang='lat' dir='ltr'>convertit,</span> <span class='ocrx_word' id='word_1_9' title='bbox 1733 630 1801 684; x_wconf 94' lang='lat' dir='ltr'>et</span> <span class='ocrx_word' id='word_1_10' title='bbox 1837 620 2098 684; x_wconf 89' lang='lat' dir='ltr'>Paulus</span> <span class='ocrx_word' id='word_1_11' title='bbox 2140 619 2447 685; x_wconf 84' lang='lat' dir='ltr'><strong>Sanctae</strong></span> <span class='ocrx_word' id='word_1_12' title='bbox 2488 620 2689 685; x_wconf 91' lang='lat' dir='ltr'>Fidei</span> <span class='ocrx_word' id='word_1_13' title='bbox 2716 631 3019 686; x_wconf 86' lang='lat' dir='ltr'>vocatus</span> <span class='ocrx_word' id='word_1_14' title='bbox 3045 632 3116 686; x_wconf 94' lang='lat' dir='ltr'>et</span> <span class='ocrx_word' id='word_1_15' title='bbox 3150 625 3227 689; x_wconf 81' lang='lat' dir='ltr'>in</span> 
     </span>
     <span class='ocr_line' id='line_1_3' title="bbox 750 727 3226 810; baseline 0.002 -19"><span class='ocrx_word' id='word_1_16' title='bbox 750 727 1265 808; x_wconf 88' lang='lat' dir='ltr'>Portugalliam</span> <span class='ocrx_word' id='word_1_17' title='bbox 1294 729 1553 793; x_wconf 88' lang='lat' dir='ltr'>missus</span> <span class='ocrx_word' id='word_1_18' title='bbox 1581 738 1710 808; x_wconf 86' lang='lat' dir='ltr'>est,</span> <span class='ocrx_word' id='word_1_19' title='bbox 1737 728 2131 809; x_wconf 86' lang='lat' dir='ltr'>Collegium</span> <span class='ocrx_word' id='word_1_20' title='bbox 2160 728 2456 792; x_wconf 88' lang='lat' dir='ltr'>instituit</span> <span class='ocrx_word' id='word_1_21' title='bbox 2488 728 2905 809; x_wconf 90' lang='lat' dir='ltr'>aliquorum,</span> <span class='ocrx_word' id='word_1_22' title='bbox 2945 747 3123 810; x_wconf 91' lang='lat' dir='ltr'>quos</span> <span class='ocrx_word' id='word_1_23' title='bbox 3150 730 3226 796; x_wconf 89' lang='lat' dir='ltr'>in</span> 
     </span>
     <span class='ocr_line' id='line_1_4' title="bbox 752 832 3231 916; baseline 0.001 -18"><span class='ocrx_word' id='word_1_24' title='bbox 752 832 1184 898; x_wconf 85' lang='lat' dir='ltr'>Societatem</span> <span class='ocrx_word' id='word_1_25' title='bbox 1224 835 1638 914; x_wconf 82' lang='lat' dir='ltr'>admiserat,</span> <span class='ocrx_word' id='word_1_26' title='bbox 1682 852 1861 915; x_wconf 91' lang='lat' dir='ltr'>quos</span> <span class='ocrx_word' id='word_1_27' title='bbox 1902 836 2197 916; x_wconf 87' lang='lat' dir='ltr'>ipsemet</span> <span class='ocrx_word' id='word_1_28' title='bbox 2236 835 2340 898; x_wconf 90' lang='lat' dir='ltr'>sic</span> <span class='ocrx_word' id='word_1_29' title='bbox 2377 835 2450 897; x_wconf 94' lang='lat' dir='ltr'>in</span> <span class='ocrx_word' id='word_1_30' title='bbox 2487 835 2698 898; x_wconf 91' lang='lat' dir='ltr'>rebus</span> <span class='ocrx_word' id='word_1_31' title='bbox 2740 836 3231 916; x_wconf 86' lang='lat' dir='ltr'>spiritualibus</span> 
     </span>
     <span class='ocr_line' id='line_1_5' title="bbox 753 928 3230 1023; baseline 0.002 -20"><span class='ocrx_word' id='word_1_32' title='bbox 753 941 1051 1004; x_wconf 89' lang='lat' dir='ltr'>instituit</span> <span class='ocrx_word' id='word_1_33' title='bbox 1080 950 1157 1004; x_wconf 93' lang='lat' dir='ltr'>ut</span> <span class='ocrx_word' id='word_1_34' title='bbox 1186 943 1409 1006; x_wconf 88' lang='lat' dir='ltr'>vitam</span> <span class='ocrx_word' id='word_1_35' title='bbox 1447 951 1517 1005; x_wconf 95' lang='lat' dir='ltr'>et</span> <span class='ocrx_word' id='word_1_36' title='bbox 1546 942 1887 1005; x_wconf 87' lang='lat' dir='ltr'>exercitia</span> <span class='ocrx_word' id='word_1_37' title='bbox 1915 951 2327 1005; x_wconf 87' lang='lat' dir='ltr'>sanctorum</span> <span class='ocrx_word' id='word_1_38' title='bbox 2346 928 2666 1022; x_wconf 84' lang='lat' dir='ltr'>patrum,</span> <span class='ocrx_word' id='word_1_39' title='bbox 2715 943 2835 1023; x_wconf 92' lang='lat' dir='ltr'>qui</span> <span class='ocrx_word' id='word_1_40' title='bbox 2874 944 2946 1006; x_wconf 92' lang='lat' dir='ltr'>in</span> <span class='ocrx_word' id='word_1_41' title='bbox 2985 950 3230 1009; x_wconf 83' lang='lat' dir='ltr'>eremo·</span> 
     </span>
     <span class='ocr_line' id='line_1_6' title="bbox 752 1047 3221 1129; baseline 0.001 -18"><span class='ocrx_word' id='word_1_42' title='bbox 752 1048 1069 1128; x_wconf 89' lang='lat' dir='ltr'>fuerunt,</span> <span class='ocrx_word' id='word_1_43' title='bbox 1102 1049 1368 1112; x_wconf 93' lang='lat' dir='ltr'>imitari</span> <span class='ocrx_word' id='word_1_44' title='bbox 1397 1049 1826 1112; x_wconf 74' lang='lat' dir='ltr'>Viderentur.</span> <span class='ocrx_word' id='word_1_45' title='bbox 1863 1047 2187 1129; x_wconf 86' lang='lat' dir='ltr'>Quinque</span> <span class='ocrx_word' id='word_1_46' title='bbox 2216 1067 2307 1111; x_wconf 88' lang='lat' dir='ltr'>ex</span> <span class='ocrx_word' id='word_1_47' title='bbox 2335 1048 2437 1111; x_wconf 92' lang='lat' dir='ltr'>eis</span> <span class='ocrx_word' id='word_1_48' title='bbox 2465 1049 2722 1112; x_wconf 92' lang='lat' dir='ltr'>mortui</span> <span class='ocrx_word' id='word_1_49' title='bbox 2752 1048 3067 1129; x_wconf 89' lang='lat' dir='ltr'>fuerunt,</span> <span class='ocrx_word' id='word_1_50' title='bbox 3103 1065 3221 1114; x_wconf 66' lang='lat' dir='ltr'>an*-</span> 
     </span>
     <span class='ocr_line' id='line_1_7' title="bbox 751 1154 3227 1236; baseline 0.002 -18"><span class='ocrx_word' id='word_1_51' title='bbox 751 1163 1039 1236; x_wconf 92' lang='lat' dir='ltr'>tequam</span> <span class='ocrx_word' id='word_1_52' title='bbox 1065 1156 1216 1236; x_wconf 91' lang='lat' dir='ltr'>ipse</span> <span class='ocrx_word' id='word_1_53' title='bbox 1247 1173 1337 1218; x_wconf 87' lang='lat' dir='ltr'>ex</span> <span class='ocrx_word' id='word_1_54' title='bbox 1365 1156 1484 1219; x_wconf 91' lang='lat' dir='ltr'>illo</span> <span class='ocrx_word' id='word_1_55' title='bbox 1514 1173 1737 1236; x_wconf 91' lang='lat' dir='ltr'>regno</span> <span class='ocrx_word' id='word_1_56' title='bbox 1765 1156 2160 1234; x_wconf 87' lang='lat' dir='ltr'>recederet,</span> <span class='ocrx_word' id='word_1_57' title='bbox 2204 1164 2274 1218; x_wconf 93' lang='lat' dir='ltr'>et</span> <span class='ocrx_word' id='word_1_58' title='bbox 2313 1154 2594 1218; x_wconf 91' lang='lat' dir='ltr'>demum</span> <span class='ocrx_word' id='word_1_59' title='bbox 2632 1163 2779 1218; x_wconf 90' lang='lat' dir='ltr'>tres</span> <span class='ocrx_word' id='word_1_60' title='bbox 2818 1164 3092 1220; x_wconf 90' lang='lat' dir='ltr'>tantum</span> <span class='ocrx_word' id='word_1_61' title='bbox 3130 1175 3227 1224; x_wconf 78' lang='lat' dir='ltr'>ex</span> 
     </span>
     <span class='ocr_line' id='line_1_8' title="bbox 750 1260 3231 1343; baseline 0.002 -20"><span class='ocrx_word' id='word_1_62' title='bbox 750 1261 887 1325; x_wconf 91' lang='lat' dir='ltr'>illis</span> <span class='ocrx_word' id='word_1_63' title='bbox 917 1263 990 1325; x_wconf 92' lang='lat' dir='ltr'>in</span> <span class='ocrx_word' id='word_1_64' title='bbox 1019 1260 1291 1325; x_wconf 89' lang='lat' dir='ltr'>Indiam</span> <span class='ocrx_word' id='word_1_65' title='bbox 1321 1261 1648 1342; x_wconf 80' lang='lat' dir='ltr'>adduxit3</span> <span class='ocrx_word' id='word_1_66' title='bbox 1681 1263 1864 1326; x_wconf 88' lang='lat' dir='ltr'>forte</span> <span class='ocrx_word' id='word_1_67' title='bbox 1894 1262 2084 1325; x_wconf 91' lang='lat' dir='ltr'>enim</span> <span class='ocrx_word' id='word_1_68' title='bbox 2111 1262 2311 1341; x_wconf 90' lang='lat' dir='ltr'>regio</span> <span class='ocrx_word' id='word_1_69' title='bbox 2345 1262 2463 1324; x_wconf 94' lang='lat' dir='ltr'>illa</span> <span class='ocrx_word' id='word_1_70' title='bbox 2491 1262 2772 1325; x_wconf 91' lang='lat' dir='ltr'>labores</span> <span class='ocrx_word' id='word_1_71' title='bbox 2816 1263 3231 1343; x_wconf 83' lang='lat' dir='ltr'>spirituales</span> 
     </span>
     <span class='ocr_line' id='line_1_9' title="bbox 750 1370 3215 1450; baseline 0.001 -18"><span class='ocrx_word' id='word_1_72' title='bbox 750 1378 1042 1450; x_wconf 91' lang='lat' dir='ltr'>propter</span> <span class='ocrx_word' id='word_1_73' title='bbox 1079 1370 1375 1434; x_wconf 93' lang='lat' dir='ltr'>nimium</span> <span class='ocrx_word' id='word_1_74' title='bbox 1425 1379 1700 1434; x_wconf 92' lang='lat' dir='ltr'>aestum</span> <span class='ocrx_word' id='word_1_75' title='bbox 1735 1388 1880 1433; x_wconf 91' lang='lat' dir='ltr'>non</span> <span class='ocrx_word' id='word_1_76' title='bbox 1928 1370 2230 1449; x_wconf 89' lang='lat' dir='ltr'>ferebat;</span> <span class='ocrx_word' id='word_1_77' title='bbox 2272 1381 2342 1432; x_wconf 93' lang='lat' dir='ltr'>et</span> <span class='ocrx_word' id='word_1_78' title='bbox 2382 1379 2651 1449; x_wconf 89' lang='lat' dir='ltr'>tamen,</span> <span class='ocrx_word' id='word_1_79' title='bbox 2700 1371 2821 1449; x_wconf 90' lang='lat' dir='ltr'>qui</span> <span class='ocrx_word' id='word_1_80' title='bbox 2869 1371 3215 1450; x_wconf 91' lang='lat' dir='ltr'>obierunt,</span> 
     </span>
     <span class='ocr_line' id='line_1_10' title="bbox 749 1477 3225 1559; baseline 0.002 -20"><span class='ocrx_word' id='word_1_81' title='bbox 749 1477 1008 1540; x_wconf 86' lang='lat' dir='ltr'>eximia</span> <span class='ocrx_word' id='word_1_82' title='bbox 1038 1479 1303 1541; x_wconf 92' lang='lat' dir='ltr'>talenta</span> <span class='ocrx_word' id='word_1_83' title='bbox 1337 1479 1697 1559; x_wconf 90' lang='lat' dir='ltr'>accepisse</span> <span class='ocrx_word' id='word_1_84' title='bbox 1728 1479 2012 1557; x_wconf 90' lang='lat' dir='ltr'>plurimi</span> <span class='ocrx_word' id='word_1_85' title='bbox 2041 1494 2286 1541; x_wconf 93' lang='lat' dir='ltr'>eorum</span> <span class='ocrx_word' id='word_1_86' title='bbox 2328 1478 2742 1541; x_wconf 89' lang='lat' dir='ltr'>dicebantur</span> <span class='ocrx_word' id='word_1_87' title='bbox 2782 1478 2873 1541; x_wconf 90' lang='lat' dir='ltr'>ad</span> <span class='ocrx_word' id='word_1_88' title='bbox 2910 1477 3225 1543; x_wconf 85' lang='lat' dir='ltr'>Societa-</span> 
     </span>
     <span class='ocr_line' id='line_1_11' title="bbox 750 1584 1233 1648; baseline 0.004 -2"><span class='ocrx_word' id='word_1_89' title='bbox 750 1584 843 1646; x_wconf 91' lang='lat' dir='ltr'>tis</span> <span class='ocrx_word' id='word_1_90' title='bbox 871 1585 1233 1648; x_wconf 87' lang='lat' dir='ltr'>auxilium.</span> 
     </span>
    </p>

    <p class='ocr_par' dir='ltr' id='par_1_3' title="bbox 742 1692 3227 3167">
     <span class='ocr_line' id='line_1_12' title="bbox 867 1692 3227 1774; baseline 0.003 -21"><span class='ocrx_word' id='word_1_91' title='bbox 867 1692 1009 1754; x_wconf 84' lang='lat'>675.</span> <span class='ocrx_word' id='word_1_92' title='bbox 1096 1693 1251 1774; x_wconf 92' lang='lat' dir='ltr'>Ipse</span> <span class='ocrx_word' id='word_1_93' title='bbox 1282 1694 1496 1756; x_wconf 91' lang='lat' dir='ltr'>etiam</span> <span class='ocrx_word' id='word_1_94' title='bbox 1525 1711 1669 1756; x_wconf 93' lang='lat' dir='ltr'>non</span> <span class='ocrx_word' id='word_1_95' title='bbox 1696 1695 1931 1756; x_wconf 91' lang='lat' dir='ltr'>solum</span> <span class='ocrx_word' id='word_1_96' title='bbox 1959 1693 2093 1756; x_wconf 94' lang='lat' dir='ltr'>sibi</span> <span class='ocrx_word' id='word_1_97' title='bbox 2120 1710 2263 1755; x_wconf 92' lang='lat' dir='ltr'>non</span> <span class='ocrx_word' id='word_1_98' title='bbox 2290 1693 2629 1774; x_wconf 88' lang='lat' dir='ltr'>parcebat</span> <span class='ocrx_word' id='word_1_99' title='bbox 2651 1693 2722 1755; x_wconf 92' lang='lat' dir='ltr'>in</span> <span class='ocrx_word' id='word_1_100' title='bbox 2746 1693 3105 1756; x_wconf 86' lang='lat' dir='ltr'>laboribus</span> <span class='ocrx_word' id='word_1_101' title='bbox 3127 1695 3227 1762; x_wconf 72' lang='lat' dir='ltr'>ad.</span> 
     </span>
     <span class='ocr_line' id='line_1_13' title="bbox 746 1797 3219 1880; baseline 0 -19"><span class='ocrx_word' id='word_1_102' title='bbox 746 1799 1235 1879; x_wconf 85' lang='lat' dir='ltr'>proximorum</span> <span class='ocrx_word' id='word_1_103' title='bbox 1265 1800 1604 1863; x_wconf 88' lang='lat' dir='ltr'>auxilium</span> <span class='ocrx_word' id='word_1_104' title='bbox 1627 1800 1997 1880; x_wconf 79' lang='lat' dir='ltr'>susceptiS,</span> <span class='ocrx_word' id='word_1_105' title='bbox 2024 1800 2276 1863; x_wconf 90' lang='lat' dir='ltr'>crebro</span> <span class='ocrx_word' id='word_1_106' title='bbox 2300 1797 2680 1862; x_wconf 91' lang='lat' dir='ltr'>admodum</span> <span class='ocrx_word' id='word_1_107' title='bbox 2702 1799 3219 1877; x_wconf 82' lang='lat' dir='ltr'>concionando,</span> 
     </span>
     <span class='ocr_line' id='line_1_14' title="bbox 749 1905 3219 1987; baseline 0.001 -19"><span class='ocrx_word' id='word_1_108' title='bbox 749 1914 819 1968; x_wconf 94' lang='lat' dir='ltr'>et</span> <span class='ocrx_word' id='word_1_109' title='bbox 857 1906 1319 1971; x_wconf 83' lang='lat' dir='ltr'>christianam</span> <span class='ocrx_word' id='word_1_110' title='bbox 1361 1907 1760 1971; x_wconf 92' lang='lat' dir='ltr'>doctrinam</span> <span class='ocrx_word' id='word_1_111' title='bbox 1803 1906 2145 1982; x_wconf 86' lang='lat' dir='ltr'>docendo,</span> <span class='ocrx_word' id='word_1_112' title='bbox 2198 1914 2267 1968; x_wconf 95' lang='lat' dir='ltr'>et</span> <span class='ocrx_word' id='word_1_113' title='bbox 2314 1905 2797 1970; x_wconf 91' lang='lat' dir='ltr'>confessiones</span> <span class='ocrx_word' id='word_1_114' title='bbox 2836 1905 3219 1987; x_wconf 79' lang='lat' dir='ltr'>audiendo,</span> 
     </span>
     <span class='ocr_line' id='line_1_15' title="bbox 748 2012 3217 2095; baseline 0.002 -21"><span class='ocrx_word' id='word_1_115' title='bbox 748 2012 872 2075; x_wconf 93' lang='lat' dir='ltr'>sed</span> <span class='ocrx_word' id='word_1_116' title='bbox 915 2013 1285 2078; x_wconf 88' lang='lat' dir='ltr'>accidebat</span> <span class='ocrx_word' id='word_1_117' title='bbox 1334 2023 1412 2078; x_wconf 93' lang='lat' dir='ltr'>ut</span> <span class='ocrx_word' id='word_1_118' title='bbox 1455 2014 1835 2095; x_wconf 91' lang='lat' dir='ltr'>aliquando</span> <span class='ocrx_word' id='word_1_119' title='bbox 1889 2013 2030 2076; x_wconf 90' lang='lat' dir='ltr'>duo</span> <span class='ocrx_word' id='word_1_120' title='bbox 2075 2013 2333 2092; x_wconf 82' lang='lat' dir='ltr'>integri</span> <span class='ocrx_word' id='word_1_121' title='bbox 2370 2012 2521 2075; x_wconf 89' lang='lat' dir='ltr'>dies</span> <span class='ocrx_word' id='word_1_122' title='bbox 2558 2013 2709 2076; x_wconf 90' lang='lat' dir='ltr'>sine</span> <span class='ocrx_word' id='word_1_123' title='bbox 2748 2014 2889 2076; x_wconf 90' lang='lat' dir='ltr'>ullo</span> <span class='ocrx_word' id='word_1_124' title='bbox 2941 2013 3098 2076; x_wconf 93' lang='lat' dir='ltr'>cibo</span> <span class='ocrx_word' id='word_1_125' title='bbox 3148 2016 3217 2079; x_wconf 91' lang='lat' dir='ltr'>ei</span> 
     </span>
     <span class='ocr_line' id='line_1_16' title="bbox 747 2119 3212 2202; baseline 0.001 -21"><span class='ocrx_word' id='word_1_126' title='bbox 747 2120 1333 2201; x_wconf 84' lang='lat' dir='ltr'>transigerentur,</span> <span class='ocrx_word' id='word_1_127' title='bbox 1363 2140 1451 2184; x_wconf 92' lang='lat' dir='ltr'>ne</span> <span class='ocrx_word' id='word_1_128' title='bbox 1481 2132 1756 2202; x_wconf 92' lang='lat' dir='ltr'>tempus</span> <span class='ocrx_word' id='word_1_129' title='bbox 1785 2120 2074 2201; x_wconf 90' lang='lat' dir='ltr'>aliquod</span> <span class='ocrx_word' id='word_1_130' title='bbox 2095 2139 2138 2183; x_wconf 93' lang='lat' dir='ltr'>a</span> <span class='ocrx_word' id='word_1_131' title='bbox 2162 2119 2722 2184; x_wconf 87' lang='lat' dir='ltr'>confessionibus</span> <span class='ocrx_word' id='word_1_132' title='bbox 2742 2120 3212 2197; x_wconf 87' lang='lat' dir='ltr'>subtraheret,</span> 
     </span>
     <span class='ocr_line' id='line_1_17' title="bbox 746 2225 3222 2308; baseline 0.002 -19"><span class='ocrx_word' id='word_1_133' title='bbox 746 2234 817 2289; x_wconf 91' lang='lat' dir='ltr'>et</span> <span class='ocrx_word' id='word_1_134' title='bbox 846 2237 990 2290; x_wconf 92' lang='lat' dir='ltr'>tres</span> <span class='ocrx_word' id='word_1_135' title='bbox 1021 2238 1302 2292; x_wconf 91' lang='lat' dir='ltr'>tantum</span> <span class='ocrx_word' id='word_1_136' title='bbox 1330 2230 1546 2293; x_wconf 88' lang='lat' dir='ltr'>horas</span> <span class='ocrx_word' id='word_1_137' title='bbox 1575 2246 1825 2292; x_wconf 90' lang='lat' dir='ltr'>somno</span> <span class='ocrx_word' id='word_1_138' title='bbox 1851 2228 2310 2308; x_wconf 89' lang='lat' dir='ltr'>relinquebat.</span> <span class='ocrx_word' id='word_1_139' title='bbox 2339 2225 2641 2308; x_wconf 90' lang='lat' dir='ltr'>Spiritus</span> <span class='ocrx_word' id='word_1_140' title='bbox 2671 2235 2908 2290; x_wconf 87' lang='lat' dir='ltr'>autem</span> <span class='ocrx_word' id='word_1_141' title='bbox 2929 2226 3222 2294; x_wconf 82' lang='lat' dir='ltr'>Domini</span> 
     </span>
     <span class='ocr_line' id='line_1_18' title="bbox 745 2334 3214 2416; baseline 0.001 -20"><span class='ocrx_word' id='word_1_142' title='bbox 745 2343 816 2397; x_wconf 91' lang='lat' dir='ltr'>et</span> <span class='ocrx_word' id='word_1_143' title='bbox 846 2336 1040 2399; x_wconf 91' lang='lat' dir='ltr'>illum</span> <span class='ocrx_word' id='word_1_144' title='bbox 1067 2345 1409 2416; x_wconf 89' lang='lat' dir='ltr'>vegetum</span> <span class='ocrx_word' id='word_1_145' title='bbox 1438 2337 1774 2400; x_wconf 90' lang='lat' dir='ltr'>reddebat</span> <span class='ocrx_word' id='word_1_146' title='bbox 1804 2345 1875 2399; x_wconf 92' lang='lat' dir='ltr'>et</span> <span class='ocrx_word' id='word_1_147' title='bbox 1903 2336 1994 2398; x_wconf 91' lang='lat' dir='ltr'>ad</span> <span class='ocrx_word' id='word_1_148' title='bbox 2022 2336 2306 2398; x_wconf 90' lang='lat' dir='ltr'>labores</span> <span class='ocrx_word' id='word_1_149' title='bbox 2337 2334 2870 2414; x_wconf 84' lang='lat' dir='ltr'>infatigabilem,</span> <span class='ocrx_word' id='word_1_150' title='bbox 2896 2343 2966 2397; x_wconf 94' lang='lat' dir='ltr'>et</span> <span class='ocrx_word' id='word_1_151' title='bbox 2995 2335 3214 2399; x_wconf 88' lang='lat' dir='ltr'>admi·</span> 
     </span>
     <span class='ocr_line' id='line_1_19' title="bbox 742 2435 3222 2523; baseline 0 -19"><span class='ocrx_word' id='word_1_152' title='bbox 742 2442 971 2505; x_wconf 88' lang='lat' dir='ltr'>randa</span> <span class='ocrx_word' id='word_1_153' title='bbox 1002 2444 1073 2506; x_wconf 90' lang='lat' dir='ltr'>in</span> <span class='ocrx_word' id='word_1_154' title='bbox 1104 2444 1503 2507; x_wconf 90' lang='lat' dir='ltr'>animarum</span> <span class='ocrx_word' id='word_1_155' title='bbox 1531 2444 1999 2506; x_wconf 89' lang='lat' dir='ltr'>conversione</span> <span class='ocrx_word' id='word_1_156' title='bbox 2028 2460 2153 2523; x_wconf 93' lang='lat' dir='ltr'>per</span> <span class='ocrx_word' id='word_1_157' title='bbox 2176 2460 2338 2505; x_wconf 92' lang='lat' dir='ltr'>eum</span> <span class='ocrx_word' id='word_1_158' title='bbox 2360 2441 2725 2519; x_wconf 89' lang='lat' dir='ltr'>efficiebat,</span> <span class='ocrx_word' id='word_1_159' title='bbox 2752 2453 2821 2504; x_wconf 93' lang='lat' dir='ltr'>et</span> <span class='ocrx_word' id='word_1_160' title='bbox 2851 2435 3222 2505; x_wconf 81' lang='lat' dir='ltr'>miraculis</span> 
     </span>
     <span class='ocr_line' id='line_1_20' title="bbox 745 2547 3223 2630; baseline 0 -19"><span class='ocrx_word' id='word_1_161' title='bbox 745 2566 890 2612; x_wconf 90' lang='lat' dir='ltr'>non</span> <span class='ocrx_word' id='word_1_162' title='bbox 918 2550 1194 2630; x_wconf 83' lang='lat' dir='ltr'>exiguis</span> <span class='ocrx_word' id='word_1_163' title='bbox 1225 2551 1489 2630; x_wconf 89' lang='lat' dir='ltr'>digitus</span> <span class='ocrx_word' id='word_1_164' title='bbox 1520 2551 1805 2614; x_wconf 89' lang='lat' dir='ltr'>Domini</span> <span class='ocrx_word' id='word_1_165' title='bbox 1844 2552 1916 2614; x_wconf 90' lang='lat' dir='ltr'>in</span> <span class='ocrx_word' id='word_1_166' title='bbox 1955 2568 2038 2613; x_wconf 95' lang='lat' dir='ltr'>eo</span> <span class='ocrx_word' id='word_1_167' title='bbox 2078 2550 2529 2627; x_wconf 81' lang='lat' dir='ltr'>cernebatur3</span> <span class='ocrx_word' id='word_1_168' title='bbox 2572 2549 2756 2611; x_wconf 92' lang='lat' dir='ltr'>unde</span> <span class='ocrx_word' id='word_1_169' title='bbox 2798 2547 2946 2629; x_wconf 91' lang='lat' dir='ltr'>ejus</span> <span class='ocrx_word' id='word_1_170' title='bbox 2968 2549 3223 2613; x_wconf 83' lang='lat' dir='ltr'>bonus</span> 
     </span>
     <span class='ocr_line' id='line_1_21' title="bbox 746 2655 3218 2739; baseline 0.001 -20"><span class='ocrx_word' id='word_1_171' title='bbox 746 2655 923 2720; x_wconf 92' lang='lat' dir='ltr'>odor</span> <span class='ocrx_word' id='word_1_172' title='bbox 953 2674 1078 2738; x_wconf 91' lang='lat' dir='ltr'>per</span> <span class='ocrx_word' id='word_1_173' title='bbox 1101 2657 1467 2739; x_wconf 84' lang='lat' dir='ltr'>Arabiam,</span> <span class='ocrx_word' id='word_1_174' title='bbox 1493 2658 1927 2737; x_wconf 90' lang='lat' dir='ltr'>Babilonem,</span> <span class='ocrx_word' id='word_1_175' title='bbox 1954 2655 2337 2736; x_wconf 89' lang='lat' dir='ltr'>Persidem,</span> <span class='ocrx_word' id='word_1_176' title='bbox 2363 2655 2877 2720; x_wconf 87' lang='lat' dir='ltr'>Alexandriam</span> <span class='ocrx_word' id='word_1_177' title='bbox 2897 2664 2967 2719; x_wconf 92' lang='lat' dir='ltr'>et</span> <span class='ocrx_word' id='word_1_178' title='bbox 2991 2673 3218 2737; x_wconf 86' lang='lat' dir='ltr'>usque</span> 
     </span>
     <span class='ocr_line' id='line_1_22' title="bbox 744 2764 3217 2846; baseline 0.001 -20"><span class='ocrx_word' id='word_1_179' title='bbox 744 2764 838 2826; x_wconf 89' lang='lat' dir='ltr'>ad</span> <span class='ocrx_word' id='word_1_180' title='bbox 889 2764 1606 2846; x_wconf 88' lang='lat' dir='ltr'>Constantinopolim,</span> <span class='ocrx_word' id='word_1_181' title='bbox 1662 2783 1823 2830; x_wconf 92' lang='lat' dir='ltr'>cum</span> <span class='ocrx_word' id='word_1_182' title='bbox 1870 2782 2131 2845; x_wconf 88' lang='lat' dir='ltr'>magna</span> <span class='ocrx_word' id='word_1_183' title='bbox 2184 2764 2650 2827; x_wconf 88' lang='lat' dir='ltr'>admiratione</span> <span class='ocrx_word' id='word_1_184' title='bbox 2699 2781 2975 2843; x_wconf 89' lang='lat' dir='ltr'>eorum,</span> <span class='ocrx_word' id='word_1_185' title='bbox 3030 2782 3217 2844; x_wconf 90' lang='lat' dir='ltr'>quae</span> 
     </span>
     <span class='ocr_line' id='line_1_23' title="bbox 742 2867 3215 2959; baseline 0.001 -26"><span class='ocrx_word' id='word_1_186' title='bbox 742 2869 940 2933; x_wconf 89' lang='lat' dir='ltr'>Deus</span> <span class='ocrx_word' id='word_1_187' title='bbox 987 2889 1116 2952; x_wconf 92' lang='lat' dir='ltr'>per</span> <span class='ocrx_word' id='word_1_188' title='bbox 1165 2890 1328 2936; x_wconf 91' lang='lat' dir='ltr'>eum</span> <span class='ocrx_word' id='word_1_189' title='bbox 1378 2867 1826 2959; x_wconf 83' lang='lat' dir='ltr'>operabatur,</span> <span class='ocrx_word' id='word_1_190' title='bbox 1883 2881 2280 2951; x_wconf 87' lang='lat' dir='ltr'>pervagata</span> <span class='ocrx_word' id='word_1_191' title='bbox 2329 2878 2511 2949; x_wconf 93' lang='lat' dir='ltr'>erat,</span> <span class='ocrx_word' id='word_1_192' title='bbox 2566 2869 2744 2934; x_wconf 92' lang='lat' dir='ltr'>adeo</span> <span class='ocrx_word' id='word_1_193' title='bbox 2795 2879 2870 2933; x_wconf 92' lang='lat' dir='ltr'>ut</span> <span class='ocrx_word' id='word_1_194' title='bbox 2918 2870 3215 2950; x_wconf 84' lang='lat' dir='ltr'>quidam</span> 
     </span>
     <span class='ocr_line' id='line_1_24' title="bbox 744 2976 3215 3061; baseline 0.001 -21"><span class='ocrx_word' id='word_1_195' title='bbox 744 2976 1174 3042; x_wconf 89' lang='lat' dir='ltr'>christianus</span> <span class='ocrx_word' id='word_1_196' title='bbox 1203 2997 1294 3043; x_wconf 86' lang='lat' dir='ltr'>ex</span> <span class='ocrx_word' id='word_1_197' title='bbox 1324 2980 1466 3058; x_wconf 86' lang='lat' dir='ltr'>his,</span> <span class='ocrx_word' id='word_1_198' title='bbox 1517 2980 1634 3061; x_wconf 93' lang='lat' dir='ltr'>qui</span> <span class='ocrx_word' id='word_1_199' title='bbox 1674 2978 2515 3059; x_wconf 87' lang='lat' dir='ltr'>Constantinopoli-capti</span> <span class='ocrx_word' id='word_1_200' title='bbox 2557 2978 2998 3056; x_wconf 89' lang='lat' dir='ltr'>tenebantur,</span> <span class='ocrx_word' id='word_1_201' title='bbox 3048 2981 3215 3042; x_wconf 86' lang='lat' dir='ltr'>cum</span> 
     </span>
     <span class='ocr_line' id='line_1_25' title="bbox 742 3084 3217 3167; baseline 0.001 -19"><span class='ocrx_word' id='word_1_202' title='bbox 742 3086 980 3148; x_wconf 91' lang='lat' dir='ltr'>multis</span> <span class='ocrx_word' id='word_1_203' title='bbox 1009 3086 1186 3167; x_wconf 91' lang='lat' dir='ltr'>aliis,</span> <span class='ocrx_word' id='word_1_204' title='bbox 1223 3087 1343 3166; x_wconf 93' lang='lat' dir='ltr'>qui</span> <span class='ocrx_word' id='word_1_205' title='bbox 1372 3087 1744 3150; x_wconf 87' lang='lat' dir='ltr'>christiani</span> <span class='ocrx_word' id='word_1_206' title='bbox 1772 3087 1939 3149; x_wconf 89' lang='lat' dir='ltr'>olim</span> <span class='ocrx_word' id='word_1_207' title='bbox 1965 3085 2269 3163; x_wconf 88' lang='lat' dir='ltr'>fuerant,</span> <span class='ocrx_word' id='word_1_208' title='bbox 2304 3102 2466 3148; x_wconf 92' lang='lat' dir='ltr'>cum</span> <span class='ocrx_word' id='word_1_209' title='bbox 2495 3085 2806 3147; x_wconf 88' lang='lat' dir='ltr'>omnium</span> <span class='ocrx_word' id='word_1_210' title='bbox 2834 3084 3089 3148; x_wconf 91' lang='lat' dir='ltr'>litteris</span> <span class='ocrx_word' id='word_1_211' title='bbox 3120 3086 3217 3150; x_wconf 86' lang='lat' dir='ltr'>ad</span> 
     </span>
    </p>
   </div>
   <div class='ocr_carea' id='block_1_3' title="bbox 625 3191 3221 3274">
    <p class='ocr_par' dir='ltr' id='par_1_4' title="bbox 625 3191 3221 3274">
     <span class='ocr_line' id='line_1_26' title="bbox 625 3191 3221 3274; baseline 0 -19"><span class='ocrx_word' id='word_1_212' title='bbox 625 3218 634 3225; x_wconf 94' lang='lat'><strong>·</strong></span> <span class='ocrx_word' id='word_1_213' title='bbox 741 3191 818 3255; x_wconf 92' lang='grc' dir='ltr'>Ρ.</span> <span class='ocrx_word' id='word_1_214' title='bbox 853 3193 1252 3274; x_wconf 91' lang='lat' dir='ltr'>Gasparem</span> <span class='ocrx_word' id='word_1_215' title='bbox 1281 3195 1571 3274; x_wconf 91' lang='lat' dir='ltr'>missus,</span> <span class='ocrx_word' id='word_1_216' title='bbox 1607 3194 1854 3274; x_wconf 87' lang='lat' dir='ltr'>fugam</span> <span class='ocrx_word' id='word_1_217' title='bbox 1882 3193 2210 3273; x_wconf 91' lang='lat' dir='ltr'>arripuit,</span> <span class='ocrx_word' id='word_1_218' title='bbox 2247 3201 2315 3255; x_wconf 91' lang='lat' dir='ltr'>et</span> <span class='ocrx_word' id='word_1_219' title='bbox 2358 3193 2431 3255; x_wconf 92' lang='lat' dir='ltr'>in</span> <span class='ocrx_word' id='word_1_220' title='bbox 2469 3209 2635 3255; x_wconf 90' lang='lat' dir='ltr'>arce</span> <span class='ocrx_word' id='word_1_221' title='bbox 2678 3191 2985 3271; x_wconf 89' lang='lat' dir='ltr'>Bazora,</span> <span class='ocrx_word' id='word_1_222' title='bbox 3029 3210 3221 3273; x_wconf 87' lang='lat' dir='ltr'>quae</span> 
     </span>
    </p>
   </div>
   <div class='ocr_carea' id='block_1_4' title="bbox 727 3298 3219 4774">
    <p class='ocr_par' dir='ltr' id='par_1_5' title="bbox 737 3298 3219 4007">
     <span class='ocr_line' id='line_1_27' title="bbox 741 3298 3217 3382; baseline 0 -20"><span class='ocrx_word' id='word_1_223' title='bbox 741 3316 1251 3364; x_wconf 88' lang='lat' dir='ltr'>saracenorum</span> <span class='ocrx_word' id='word_1_224' title='bbox 1273 3310 1409 3381; x_wconf 89' lang='lat' dir='ltr'>est,</span> <span class='ocrx_word' id='word_1_225' title='bbox 1446 3313 1719 3382; x_wconf 90' lang='lat' dir='ltr'>captus,</span> <span class='ocrx_word' id='word_1_226' title='bbox 1753 3311 1824 3364; x_wconf 93' lang='lat' dir='ltr'>et</span> <span class='ocrx_word' id='word_1_227' title='bbox 1852 3309 2143 3381; x_wconf 89' lang='lat' dir='ltr'>propter</span> <span class='ocrx_word' id='word_1_228' title='bbox 2172 3300 2356 3363; x_wconf 88' lang='lat' dir='ltr'>hanc</span> <span class='ocrx_word' id='word_1_229' title='bbox 2382 3298 2534 3380; x_wconf 91' lang='lat' dir='ltr'>ejus</span> <span class='ocrx_word' id='word_1_230' title='bbox 2564 3298 3014 3362; x_wconf 90' lang='lat' dir='ltr'>devotionem</span> <span class='ocrx_word' id='word_1_231' title='bbox 3036 3315 3217 3378; x_wconf 86' lang='lat' dir='ltr'>erga</span> 
     </span>
     <span class='ocr_line' id='line_1_28' title="bbox 740 3406 3212 3493; baseline 0.001 -23"><span class='ocrx_word' id='word_1_232' title='bbox 740 3406 817 3470; x_wconf 91' lang='lat' dir='ltr'>P.</span> <span class='ocrx_word' id='word_1_233' title='bbox 850 3406 1270 3493; x_wconf 89' lang='lat' dir='ltr'>Gasparem,</span> <span class='ocrx_word' id='word_1_234' title='bbox 1298 3409 1390 3472; x_wconf 93' lang='lat' dir='ltr'>ad</span> <span class='ocrx_word' id='word_1_235' title='bbox 1422 3426 1630 3489; x_wconf 93' lang='lat' dir='ltr'>quem</span> <span class='ocrx_word' id='word_1_236' title='bbox 1658 3409 2044 3489; x_wconf 87' lang='lat' dir='ltr'>scripserat</span> <span class='ocrx_word' id='word_1_237' title='bbox 2072 3407 2158 3470; x_wconf 93' lang='lat' dir='ltr'>de</span> <span class='ocrx_word' id='word_1_238' title='bbox 2190 3424 2319 3470; x_wconf 91' lang='lat' dir='ltr'>suo</span> <span class='ocrx_word' id='word_1_239' title='bbox 2352 3407 2664 3470; x_wconf 89' lang='lat' dir='ltr'>adventu</span> <span class='ocrx_word' id='word_1_240' title='bbox 2696 3415 2764 3469; x_wconf 91' lang='lat' dir='ltr'>et</span> <span class='ocrx_word' id='word_1_241' title='bbox 2791 3410 3212 3486; x_wconf 87' lang='lat' dir='ltr'>responsu&#39;m</span> 
     </span>
     <span class='ocr_line' id='line_1_29' title="bbox 740 3514 3212 3597; baseline 0 -20"><span class='ocrx_word' id='word_1_242' title='bbox 740 3524 1147 3596; x_wconf 91' lang='lat' dir='ltr'>acceperat,</span> <span class='ocrx_word' id='word_1_243' title='bbox 1204 3518 1438 3597; x_wconf 91' lang='lat' dir='ltr'>capite</span> <span class='ocrx_word' id='word_1_244' title='bbox 1484 3517 1864 3580; x_wconf 89' lang='lat' dir='ltr'>mulctatus</span> <span class='ocrx_word' id='word_1_245' title='bbox 1904 3524 2042 3591; x_wconf 88' lang='lat' dir='ltr'>est;</span> <span class='ocrx_word' id='word_1_246' title='bbox 2094 3515 2282 3596; x_wconf 93' lang='lat' dir='ltr'>quod</span> <span class='ocrx_word' id='word_1_247' title='bbox 2321 3515 2465 3578; x_wconf 86' lang='lat' dir='ltr'>dux</span> <span class='ocrx_word' id='word_1_248' title='bbox 2503 3515 2690 3578; x_wconf 91' lang='lat' dir='ltr'>illius</span> <span class='ocrx_word' id='word_1_249' title='bbox 2732 3514 2923 3577; x_wconf 91' lang='lat' dir='ltr'>arcis</span> <span class='ocrx_word' id='word_1_250' title='bbox 2959 3514 3212 3577; x_wconf 86' lang='lat' dir='ltr'>hastae</span> 
     </span>
     <span class='ocr_line' id='line_1_30' title="bbox 741 3620 3217 3704; baseline 0.001 -21"><span class='ocrx_word' id='word_1_251' title='bbox 741 3621 1035 3686; x_wconf 84' lang='lat' dir='ltr'>infixum</span> <span class='ocrx_word' id='word_1_252' title='bbox 1064 3623 1156 3687; x_wconf 96' lang='lat' dir='ltr'>ad</span> <span class='ocrx_word' id='word_1_253' title='bbox 1187 3621 1263 3684; x_wconf 91' lang='grc' dir='ltr'>Ρ.</span> <span class='ocrx_word' id='word_1_254' title='bbox 1301 3623 1700 3704; x_wconf 89' lang='lat' dir='ltr'>Gasparem</span> <span class='ocrx_word' id='word_1_255' title='bbox 1730 3624 1947 3702; x_wconf 89' lang='lat' dir='ltr'>misit,</span> <span class='ocrx_word' id='word_1_256' title='bbox 1983 3631 2059 3686; x_wconf 93' lang='lat' dir='ltr'>ut</span> <span class='ocrx_word' id='word_1_257' title='bbox 2088 3639 2250 3685; x_wconf 91' lang='lat' dir='ltr'>eum</span> <span class='ocrx_word' id='word_1_258' title='bbox 2278 3622 2583 3701; x_wconf 89' lang='lat' dir='ltr'>videret,</span> <span class='ocrx_word' id='word_1_259' title='bbox 2618 3641 2660 3684; x_wconf 93' lang='lat' dir='ltr'>a</span> <span class='ocrx_word' id='word_1_260' title='bbox 2690 3638 2829 3701; x_wconf 92' lang='lat' dir='ltr'>quo</span> <span class='ocrx_word' id='word_1_261' title='bbox 2870 3630 2947 3684; x_wconf 92' lang='lat' dir='ltr'>ut</span> <span class='ocrx_word' id='word_1_262' title='bbox 2982 3620 3217 3686; x_wconf 82' lang='lat' dir='ltr'>videri</span> 
     </span>
     <span class='ocr_line' id='line_1_31' title="bbox 738 3728 3216 3810; baseline 0.001 -18"><span class='ocrx_word' id='word_1_263' title='bbox 738 3738 999 3810; x_wconf 91' lang='lat' dir='ltr'>posset,</span> <span class='ocrx_word' id='word_1_264' title='bbox 1027 3743 1176 3793; x_wconf 89' lang='lat' dir='ltr'>tam</span> <span class='ocrx_word' id='word_1_265' title='bbox 1198 3740 1560 3793; x_wconf 88' lang='lat' dir='ltr'>extremos</span> <span class='ocrx_word' id='word_1_266' title='bbox 1581 3731 1696 3793; x_wconf 92' lang='lat' dir='ltr'>ille</span> <span class='ocrx_word' id='word_1_267' title='bbox 1725 3732 2008 3795; x_wconf 94' lang='lat' dir='ltr'>labores</span> <span class='ocrx_word' id='word_1_268' title='bbox 2033 3738 2103 3792; x_wconf 94' lang='lat' dir='ltr'>et</span> <span class='ocrx_word' id='word_1_269' title='bbox 2124 3730 2439 3809; x_wconf 91' lang='lat' dir='ltr'>pericula</span> <span class='ocrx_word' id='word_1_270' title='bbox 2469 3729 2800 3803; x_wconf 88' lang='lat' dir='ltr'>subierat;</span> <span class='ocrx_word' id='word_1_271' title='bbox 2828 3728 2949 3809; x_wconf 80' lang='lat' dir='ltr'>qui</span> <span class='ocrx_word' id='word_1_272' title='bbox 2971 3736 3216 3794; x_wconf 81' lang='lat' dir='ltr'>tamen</span> 
     </span>
     <span class='ocr_line' id='line_1_32' title="bbox 737 3835 3219 3918; baseline -0 -20"><span class='ocrx_word' id='word_1_273' title='bbox 737 3852 1002 3912; x_wconf 80' lang='lat' dir='ltr'>genere</span> <span class='ocrx_word' id='word_1_274' title='bbox 1036 3838 1344 3918; x_wconf 87' lang='lat' dir='ltr'>quodam</span> <span class='ocrx_word' id='word_1_275' title='bbox 1377 3838 1701 3917; x_wconf 87' lang='lat' dir='ltr'>martyrii</span> <span class='ocrx_word' id='word_1_276' title='bbox 1730 3838 1955 3900; x_wconf 92' lang='lat' dir='ltr'>vitam</span> <span class='ocrx_word' id='word_1_277' title='bbox 1983 3835 2169 3899; x_wconf 90' lang='lat' dir='ltr'>hanc</span> <span class='ocrx_word' id='word_1_278' title='bbox 2209 3853 2369 3899; x_wconf 91' lang='lat' dir='ltr'>cum</span> <span class='ocrx_word' id='word_1_279' title='bbox 2408 3836 2697 3898; x_wconf 91' lang='lat' dir='ltr'>meliore</span> <span class='ocrx_word' id='word_1_280' title='bbox 2735 3843 3219 3898; x_wconf 87' lang='lat' dir='ltr'>commutasse</span> 
     </span>
     <span class='ocr_line' id='line_1_33' title="bbox 740 3943 1328 4007; baseline 0.003 -2"><span class='ocrx_word' id='word_1_281' title='bbox 740 3943 1172 4007; x_wconf 89' lang='lat' dir='ltr'>credendum</span> <span class='ocrx_word' id='word_1_282' title='bbox 1200 3955 1328 4007; x_wconf 91' lang='lat' dir='ltr'>est.</span> 
     </span>
    </p>

    <p class='ocr_par' dir='ltr' id='par_1_6' title="bbox 727 4050 3217 4774">
     <span class='ocr_line' id='line_1_34' title="bbox 853 4050 3213 4131; baseline 0 -19"><span class='ocrx_word' id='word_1_283' title='bbox 853 4050 995 4114; x_wconf 89' lang='lat'><strong>676.</strong></span> <span class='ocrx_word' id='word_1_284' title='bbox 1083 4051 1258 4115; x_wconf 86' lang='lat' dir='ltr'>Erat</span> <span class='ocrx_word' id='word_1_285' title='bbox 1291 4053 1510 4115; x_wconf 90' lang='lat' dir='ltr'>etiam</span> <span class='ocrx_word' id='word_1_286' title='bbox 1539 4062 1686 4115; x_wconf 89' lang='lat' dir='ltr'>tam</span> <span class='ocrx_word' id='word_1_287' title='bbox 1716 4052 1968 4114; x_wconf 84' lang='lat' dir='ltr'>efficax</span> <span class='ocrx_word' id='word_1_288' title='bbox 1998 4053 2071 4114; x_wconf 91' lang='lat' dir='ltr'>in</span> <span class='ocrx_word' id='word_1_289' title='bbox 2102 4051 2549 4131; x_wconf 91' lang='lat' dir='ltr'>disputando,</span> <span class='ocrx_word' id='word_1_290' title='bbox 2582 4060 2659 4114; x_wconf 93' lang='lat' dir='ltr'>ut</span> <span class='ocrx_word' id='word_1_291' title='bbox 2695 4059 2976 4131; x_wconf 88' lang='lat' dir='ltr'>praeter</span> <span class='ocrx_word' id='word_1_292' title='bbox 3015 4067 3213 4113; x_wconf 87' lang='lat' dir='ltr'>sara-</span> 
     </span>
     <span class='ocr_line' id='line_1_35' title="bbox 733 4157 3213 4239; baseline 0.001 -20"><span class='ocrx_word' id='word_1_293' title='bbox 733 4175 950 4221; x_wconf 92' lang='lat' dir='ltr'>cenos</span> <span class='ocrx_word' id='word_1_294' title='bbox 979 4167 1049 4222; x_wconf 94' lang='lat' dir='ltr'>et</span> <span class='ocrx_word' id='word_1_295' title='bbox 1070 4157 1401 4238; x_wconf 81' lang='lat' dir='ltr'>jndanS,</span> <span class='ocrx_word' id='word_1_296' title='bbox 1438 4158 1524 4222; x_wconf 93' lang='lat' dir='ltr'>de</span> <span class='ocrx_word' id='word_1_297' title='bbox 1555 4159 1810 4239; x_wconf 91' lang='lat' dir='ltr'>quibus</span> <span class='ocrx_word' id='word_1_298' title='bbox 1841 4160 2048 4221; x_wconf 89' lang='lat' dir='ltr'>annis</span> <span class='ocrx_word' id='word_1_299' title='bbox 2076 4158 2559 4239; x_wconf 90' lang='lat' dir='ltr'>superioribus</span> <span class='ocrx_word' id='word_1_300' title='bbox 2590 4159 2894 4237; x_wconf 78' lang='lat' dir='ltr'>egimuS,</span> <span class='ocrx_word' id='word_1_301' title='bbox 2939 4167 3213 4238; x_wconf 91' lang='lat' dir='ltr'>septem</span> 
     </span>
     <span class='ocr_line' id='line_1_36' title="bbox 731 4264 3212 4346; baseline 0.002 -22"><span class='ocrx_word' id='word_1_302' title='bbox 731 4265 849 4326; x_wconf 90' lang='lat' dir='ltr'>vel</span> <span class='ocrx_word' id='word_1_303' title='bbox 880 4273 1042 4328; x_wconf 91' lang='lat' dir='ltr'>octo</span> <span class='ocrx_word' id='word_1_304' title='bbox 1071 4266 1489 4329; x_wconf 90' lang='lat' dir='ltr'>lutheranos</span> <span class='ocrx_word' id='word_1_305' title='bbox 1519 4267 1591 4329; x_wconf 92' lang='lat' dir='ltr'>in</span> <span class='ocrx_word' id='word_1_306' title='bbox 1621 4283 1749 4329; x_wconf 94' lang='lat' dir='ltr'>suo</span> <span class='ocrx_word' id='word_1_307' title='bbox 1780 4266 1898 4329; x_wconf 91' lang='lat' dir='ltr'>illo</span> <span class='ocrx_word' id='word_1_308' title='bbox 1943 4264 2243 4346; x_wconf 89' lang='lat' dir='ltr'>collegio</span> <span class='ocrx_word' id='word_1_309' title='bbox 2283 4264 2596 4328; x_wconf 90' lang='lat' dir='ltr'>inclusos</span> <span class='ocrx_word' id='word_1_310' title='bbox 2635 4264 2723 4328; x_wconf 93' lang='lat' dir='ltr'>de</span> <span class='ocrx_word' id='word_1_311' title='bbox 2764 4265 2912 4329; x_wconf 91' lang='lat' dir='ltr'>suis</span> <span class='ocrx_word' id='word_1_312' title='bbox 2953 4266 3212 4328; x_wconf 79' lang='lat' dir='ltr'>errori—</span> 
     </span>
     <span class='ocr_line' id='line_1_37' title="bbox 731 4370 3212 4452; baseline 0.001 -20"><span class='ocrx_word' id='word_1_313' title='bbox 731 4372 864 4435; x_wconf 93' lang='lat' dir='ltr'>bus</span> <span class='ocrx_word' id='word_1_314' title='bbox 894 4373 1288 4437; x_wconf 92' lang='lat' dir='ltr'>convicerit</span> <span class='ocrx_word' id='word_1_315' title='bbox 1327 4383 1396 4437; x_wconf 92' lang='lat' dir='ltr'>et</span> <span class='ocrx_word' id='word_1_316' title='bbox 1438 4374 1527 4436; x_wconf 93' lang='lat' dir='ltr'>ab</span> <span class='ocrx_word' id='word_1_317' title='bbox 1567 4374 1926 4437; x_wconf 91' lang='lat' dir='ltr'>erroribus</span> <span class='ocrx_word' id='word_1_318' title='bbox 1952 4372 2415 4450; x_wconf 73' lang='lat' dir='ltr'>liberaverit..</span> <span class='ocrx_word' id='word_1_319' title='bbox 2439 4370 2888 4452; x_wconf 90' lang='lat' dir='ltr'>Paupertatis</span> <span class='ocrx_word' id='word_1_320' title='bbox 2927 4380 3212 4435; x_wconf 89' lang='lat' dir='ltr'>amator</span> 
     </span>
     <span class='ocr_line' id='line_1_38' title="bbox 732 4476 3211 4560; baseline 0.002 -20"><span class='ocrx_word' id='word_1_321' title='bbox 732 4479 1083 4558; x_wconf 89' lang='lat' dir='ltr'>insignem</span> <span class='ocrx_word' id='word_1_322' title='bbox 1111 4480 1180 4543; x_wconf 92' lang='lat' dir='ltr'>in</span> <span class='ocrx_word' id='word_1_323' title='bbox 1217 4480 1503 4544; x_wconf 92' lang='lat' dir='ltr'>modum</span> <span class='ocrx_word' id='word_1_324' title='bbox 1534 4480 1663 4544; x_wconf 88' lang='lat' dir='ltr'>fuit</span> <span class='ocrx_word' id='word_1_325' title='bbox 1692 4481 1863 4544; x_wconf 92' lang='lat' dir='ltr'>etin</span> <span class='ocrx_word' id='word_1_326' title='bbox 1907 4497 2167 4560; x_wconf 89' lang='lat' dir='ltr'>corpus</span> <span class='ocrx_word' id='word_1_327' title='bbox 2205 4497 2411 4543; x_wconf 91' lang='lat' dir='ltr'>suum</span> <span class='ocrx_word' id='word_1_328' title='bbox 2451 4479 2658 4542; x_wconf 87' lang='lat' dir='ltr'>valde</span> <span class='ocrx_word' id='word_1_329' title='bbox 2702 4495 3018 4542; x_wconf 68' lang='lat' dir='ltr'>severus</span> <span class='ocrx_word' id='word_1_330' title='bbox 3065 4476 3211 4545; x_wconf 85' lang='lat' dir='ltr'>Sed</span> 
     </span>
     <span class='ocr_line' id='line_1_39' title="bbox 730 4563 3210 4667; baseline 0.002 -20"><span class='ocrx_word' id='word_1_331' title='bbox 730 4586 1085 4649; x_wconf 91' lang='lat' dir='ltr'>eminebat</span> <span class='ocrx_word' id='word_1_332' title='bbox 1125 4587 1198 4650; x_wconf 94' lang='lat' dir='ltr'>in</span> <span class='ocrx_word' id='word_1_333' title='bbox 1236 4606 1320 4651; x_wconf 93' lang='lat' dir='ltr'>eo</span> <span class='ocrx_word' id='word_1_334' title='bbox 1365 4587 1537 4651; x_wconf 88' lang='lat' dir='ltr'>fides</span> <span class='ocrx_word' id='word_1_335' title='bbox 1575 4587 1927 4667; x_wconf 87' lang='lat' dir='ltr'>quaedam</span> <span class='ocrx_word' id='word_1_336' title='bbox 1961 4588 2133 4650; x_wconf 86' lang='lat' dir='ltr'>viva</span> <span class='ocrx_word' id='word_1_337' title='bbox 2154 4563 2245 4649; x_wconf 64' lang='lat' dir='ltr'>‘et</span> <span class='ocrx_word' id='word_1_338' title='bbox 2284 4586 2534 4650; x_wconf 86' lang='lat' dir='ltr'>efficax</span> <span class='ocrx_word' id='word_1_339' title='bbox 2571 4594 2649 4649; x_wconf 92' lang='lat' dir='ltr'>ut</span> <span class='ocrx_word' id='word_1_340' title='bbox 2692 4584 2863 4649; x_wconf 87' lang='lat' dir='ltr'>nihil</span> <span class='ocrx_word' id='word_1_341' title='bbox 2903 4585 3210 4651; x_wconf 88' lang='lat' dir='ltr'>arduum</span> 
     </span>
     <span class='ocr_line' id='line_1_40' title="bbox 727 4692 3217 4774; baseline 0.002 -22"><span class='ocrx_word' id='word_1_342' title='bbox 727 4693 848 4754; x_wconf 83' lang='lat' dir='ltr'>vel</span> <span class='ocrx_word' id='word_1_343' title='bbox 878 4692 1722 4774; x_wconf 83' lang='lat' dir='ltr'>impossibilevideretur.</span> <span class='ocrx_word' id='word_1_344' title='bbox 1756 4693 2134 4757; x_wconf 85' lang='lat' dir='ltr'>Referebat</span> <span class='ocrx_word' id='word_1_345' title='bbox 2165 4692 2314 4773; x_wconf 93' lang='lat' dir='ltr'>ipse</span> <span class='ocrx_word' id='word_1_346' title='bbox 2344 4692 2534 4774; x_wconf 94' lang='lat' dir='ltr'>quod</span> <span class='ocrx_word' id='word_1_347' title='bbox 2563 4709 2725 4756; x_wconf 92' lang='lat' dir='ltr'>cum</span> <span class='ocrx_word' id='word_1_348' title='bbox 2754 4692 3217 4756; x_wconf 84' lang='lat' dir='ltr'>invocatione</span> 
     </span>
    </p>
   </div>
  </div>
 </body>
</html>
