3679 5414
1677 462 1803 520 Ax.
1852 461 1989 520 1552
2947 463 3056 518 559

586 607 759 670 dum
791 607 1026 687 aJ'ebat
1054 607 1114 670 si
1146 626 1234 670 ex
1267 606 1508 671 Sicilia
1546 607 1951 670 educendus
1990 615 2207 684 esset;
2250 607 2579 686 quamvis
2617 606 2804 668 enim
2841 608 3049 669 ratio·

585 733 712 778 nes
742 714 969 777 Roma
999 715 1260 777 missae
1302 723 1370 777 et
1408 713 1733 793 Pro-regi
1762 713 2169 794 propositae
2208 713 2272 776 ei
2312 723 2814 793 persuaserunt
2845 731 3047 794 expe·

581 822 737 884 dire
787 831 864 884 ut
911 839 1002 884 ex
1041 820 1322 885 Siciliae
1372 838 1596 901 regno
1641 820 1717 883 Ρ.
1771 820 2045 883 Natalis
2076 820 2518 898 educeretur,
2550 821 3049 900 impedimenta

586 928 1040 991 nihilominus
1072 928 1347 991 ratione
1381 928 1544 991 belli
1574 928 1773 990 nasci
1801 934 2163 1007 poterant;
2214 927 2402 1007 quod
2445 927 2518 991 in
2558 945 2776 991 causa
2816 927 2945 990 suit
2976 937 3051 990 ut

584 1044 859 1098 mature
911 1052 1097 1099 anno
1150 1035 1471 1115 sequenti
1515 1034 1590 1097 P.
1642 1033 1916 1097 Natalis
1960 1033 2120 1096 inde
2172 1032 2565 1112 recederet,
2610 1043 2683 1096 ut
2727 1051 2856 1098 suo
2891 1035 3050 1098 loco

583 1142 860 1205 dicetur
887 1139 928 1200 ⁹.

699 1569 841 1632 351.
931 1567 1386 1650 Cyperanum
1415 1568 1549 1631 hoc
1581 1586 1768 1631 anno
1797 1569 2058 1632 missus
2088 1568 2240 1644 suit,
2274 1567 2737 1634 Sebastianus
2765 1572 3037 1651 Romei,

576 1694 746 1740 cum
771 1676 1076 1756 aliquem
1106 1686 1374 1756 peteret
1405 1675 1806 1739 Cardinalis
1835 1671 2278 1754 Mendozius;
2321 1694 2452 1739 nec
2481 1678 2667 1741 enim
2697 1677 3048 1743 Sacerdos

575 1783 948 1846 commode
973 1783 1156 1846 mitti
1176 1783 1429 1862 potuit,
1456 1791 1531 1844 ut
1555 1782 1670 1844 ille
1701 1791 2099 1861 optaverat.
2129 1780 2375 1862 Coepit
2399 1793 2634 1846 autem
2653 1784 2856 1864 juxta
2881 1786 3045 1850 Car·

575 1890 839 1953 dinalis
869 1899 1174 1953 mentem
1206 1888 1525 1951 scholam
1566 1889 1878 1968 aperire,
1922 1888 1993 1950 in
2032 1905 2172 1967 qua
2212 1906 2474 1968 pueros
2502 1891 2739 1970 legere
2771 1902 2839 1954 et
2879 1895 3044 1957 scri-

576 1997 764 2076 bere,
792 2007 859 2060 et
891 1997 1166 2077 aliquos
1191 2013 1439 2060 eorum
1463 1996 1679 2058 etiam
1698 1995 2267 2075 grammaticam,
2297 2013 2542 2059 omnes
2572 2007 2809 2061 autem
2839 2000 3047 2063 simul

573 2101 977 2167 doctrinam
1007 2103 1470 2166 christianam
1500 2102 1813 2178 edocuit,
1863 2101 2051 2182 quod
2090 2119 2233 2164 non
2274 2102 2425 2165 sine
2466 2121 2728 2183 magno
2770 2106 3047 2170 illorum

575 2209 809 2272 fructu
838 2220 908 2272 et
938 2218 1315 2290 parentum
1344 2209 1829 2272 consolatione
1858 2207 2010 2270 fuit.
2043 2207 2343 2287 Aliquas
2372 2210 2586 2272 etiam
2617 2212 3042 2276 exhortatio·

573 2334 703 2379 nes
733 2317 1000 2395 habuit,
1034 2325 1104 2379 et
1133 2334 1294 2379 cum
1323 2316 1603 2396 publica
1634 2314 1865 2378 officia
1887 2314 2212 2377 canonici
2242 2333 2386 2378 non
2415 2316 2730 2380 dicerent
2762 2319 2832 2380 in
2857 2338 3040 2383 com-

573 2423 792 2502 muni,
826 2423 951 2486 sed
973 2423 1308 2504 privatim
1338 2422 1634 2503 quisque
1664 2433 1733 2484 et
1765 2438 2020 2502 parum
2049 2432 2459 2485 reverenter
2489 2441 2573 2486 ac
2598 2425 2751 2487 sine
2782 2427 3044 2490 lumine

571 2531 785 2593 etiam
817 2540 982 2593 ante
1013 2529 1559 2594 Sanctissimum
1587 2527 2165 2607 Sacramentum,
2200 2527 2495 2592 adduxit
2524 2548 2647 2593 eos
2685 2540 2759 2594 ut
2791 2550 3037 2597 omnes

571 2638 779 2700 simul
804 2646 873 2700 et
903 2640 1045 2701 alta
1075 2655 1254 2701 voce
1285 2636 1453 2699 illud
1486 2636 1834 2714 dicerent,
1866 2635 2246 2698 luminibus
2285 2637 2500 2700 etiam
2531 2641 2874 2703 accensiS.
2911 2641 3039 2705 Cu-

569 2745 757 2808 ravit
805 2746 1020 2808 etiam
1060 2745 1314 2807 altaria
1366 2743 1779 2807 concinnari
1823 2760 1908 2805 ac
1952 2742 2197 2805 vestiri
2246 2743 2600 2823 decenter,
2656 2748 3029 2811 ecclesiam

569 2853 918 2932 mundari,
952 2870 1374 2932 campanam
1405 2851 1617 2914 etiam
1644 2849 1942 2930 pulsari,
1977 2849 2164 2930 quod
2206 2850 2277 2912 in
2310 2866 2440 2914 usu
2478 2869 2622 2915 non
2651 2863 2837 2932 erat,
2872 2872 3033 2918 cum

569 2958 826 3021 Missas
855 2970 1059 3022 erant
1091 2958 1512 3022 celebraturi
1542 2967 1662 3019 aut
1691 2955 1919 3018 officia
1945 2956 2207 3019 divina.
2243 2956 2624 3021 Constituit
2653 2960 2941 3040 insuper
2963 2973 3040 3026 ut

569 3066 860 3129 meridie
905 3066 995 3129 ad
1036 3067 1431 3129 orationem
1477 3065 1906 3145 pulsaretur,
1952 3063 2491 3126 irreverentiam
2530 3066 3037 3130 canonicorum

565 3189 742 3252 erga
772 3171 1309 3237 Sanctissimum
1348 3170 1892 3235 Sacramentum
1934 3169 2339 3248 reformari,
2375 3170 2494 3251 qui
2523 3189 2652 3234 nec
2681 3181 2844 3235 ante
2868 3174 3037 3237 illud
3136 3177 3141 3183 “

573 3297 806 3358 genua
855 3280 1271 3359 flectebant;
1318 3286 1388 3341 et
1437 3278 1600 3357 quia
1651 3277 1725 3339 in
1771 3276 2309 3357 pronuncianda
2356 3278 2573 3340 Missa
2618 3279 3035 3344 absurdissi-

569 3405 766 3450 mum
802 3388 875 3450 in
914 3388 1200 3451 modum
1236 3387 1594 3462 errabant,
1645 3384 1931 3463 rogavit
1970 3400 2093 3447 eos
2128 3393 2201 3445 ut
2236 3401 2311 3446 se
2342 3386 2653 3463 quotidie
2688 3387 2756 3449 in
2803 3389 3034 3451 locum

571 3495 875 3575 aliquem
905 3504 1377 3573 accerserent,
1412 3493 1530 3556 ubi
1559 3492 1695 3555 illis
1733 3490 2112 3569 evangelia
2142 3500 2210 3553 et
2242 3492 2578 3571 epistolas
2622 3494 2835 3556 totius
2866 3496 3032 3558 anni

567 3604 990 3682 explicaret,
1047 3601 1594 3682 grammaticam
1645 3599 1862 3661 etiam
1912 3615 1987 3659 se
2037 3597 2139 3660 eis
2177 3600 2698 3677 praelecturum
2738 3604 3026 3682 recepit,

567 3710 630 3771 si
658 3711 941 3772 vellent.
996 3708 1292 3773 Curavit
1344 3707 1559 3770 etiam
1598 3714 1673 3768 ut
1722 3705 1914 3768 bulla
1955 3703 2399 3768 Sanctissimi
2440 3704 2880 3772 Sacramenti
2914 3728 3029 3789 po-

571 3817 738 3895 pulo
795 3817 894 3879 illi
944 3815 1615 3889 communicaretur,
1673 3820 1745 3875 ut
1795 3820 2207 3874 reverenter
2256 3828 2429 3890 erga
2471 3813 2641 3877 illud
2691 3832 2767 3877 se
2821 3817 3026 3880 habe·

567 3933 746 3998 rent;
785 3923 1264 4002 indulgentias
1307 3922 1522 3984 etiam
1564 3919 1930 3982 societatis
1969 3918 2249 3994 rosarii,
2298 3929 2372 3982 ut
2413 3931 2706 4000 vocant,
2758 3923 2859 3986 eis
2905 3926 3023 4004 qui

568 4032 856 4094 nomina
910 4031 1037 4094 tali
1093 4029 1419 4093 societati
1470 4027 1755 4106 darent,
1809 4025 2192 4105 impetrare
2244 4025 2532 4090 studuit.
2596 4027 2712 4091 Ad
2771 4029 3016 4094 Sacra·

568 4146 806 4200 menta
831 4137 1302 4201 confessionis
1326 4144 1393 4198 et
1424 4117 1942 4198 communionis
1974 4132 2249 4212 aliquos
2278 4132 2594 4213 adduxit,
2624 4136 2743 4215 qui
2772 4137 3025 4215 eidem,

647 4342 664 4374 ¹
722 4342 991 4395 Polaticus,
1017 4353 1081 4385 ex
1101 4352 1250 4391 com..
1269 4340 1413 4384 Patri
1435 4338 1751 4394 Hieronymo
1773 4336 2085 4387 Domenech,
2110 4348 2171 4379 ne
2196 4337 2301 4391 ipse
2324 4349 2438 4380 cum
2459 4339 2611 4381 sociis
2634 4338 2846 4385 Romam
2866 4342 3030 4396 ingre·

563 4413 739 4456 diatur
759 4420 878 4457 ante
901 4414 928 4456 8
948 4412 1280 4468 Septembris,
1299 4411 1388 4454 sed
1409 4417 1500 4454 aut
1520 4410 1729 4453 Genuae
1747 4408 2031 4451 subsistant
2049 4408 2207 4451 autin
2230 4408 2334 4451 alia
2355 4409 2442 4453 alii
2467 4408 2698 4464 collegia
2715 4423 2807 4465 per
2823 4412 3029 4457 Italiam

566 4498 619 4526 sc
642 4486 934 4535 conferant,
954 4487 1008 4528 28
1031 4485 1184 4538 Junii.
1206 4484 1440 4536 Exiguus
1460 4489 1603 4526 certe
1627 4487 1720 4527 est.
1741 4482 1780 4524 si
1805 4492 1919 4523 cum
1948 4481 2065 4524 aliis
2086 4481 2235 4523 annis
2257 4488 2585 4535 comparetur
2601 4516 2611 4535 ,
2633 4493 2874 4527 numerus
2897 4485 3029 4528 litte·

565 4568 740 4601 rarum
762 4557 857 4599 hoc
879 4568 1013 4600 anno
1034 4557 1096 4600 de
1118 4558 1272 4599 rebus
1293 4556 1344 4599 in
1366 4554 1542 4598 Sicilia
1565 4554 1726 4607 gestis
1748 4552 2057 4606 scriptarum
2076 4585 2086 4599 .
2123 4552 2206 4606 qui
2240 4552 2305 4595 ad
2334 4563 2427 4596 nos
2447 4565 2604 4608 usque
2624 4554 2881 4609 pervenit.
2903 4554 3031 4599 Con-

563 4630 660 4673 suli
682 4638 854 4672 tamen
875 4629 1074 4672 utiliter
1093 4633 1305 4682 possunt
1339 4626 1627 4670 historicae
1658 4626 1807 4678 hujus
1841 4624 1957 4665 anni
1990 4631 2037 4665 et
2073 4624 2271 4675 quadri
2278 4628 2502 4667 terestres
2531 4626 2734 4669 litterae
2768 4633 2819 4671 et
2855 4626 3030 4673 Patris

563 4700 793 4752 Natalis,
818 4700 1107 4743 Domenech
1132 4708 1181 4743 et
1205 4700 1440 4743 aliorum.
