3679 5414
1600 456 1727 515 ΑΝ.
1786 457 1926 515 1552
2888 462 2992 519 481

521 604 851 666 trectatio
885 603 1185 666 aliorum
1209 604 1861 683 ludimagistrorum
1892 621 2153 684 magna
2178 623 2268 667 ex
2291 617 2492 685 parte
2517 624 2677 668 cum
2707 617 2993 670 nostros

524 711 697 774 nihil
725 712 1176 774 emolumenti
1204 713 1571 792 percipere
1616 731 1660 774 a
1698 713 1846 775 suis
1884 713 2330 775 scholasticis
2376 713 2867 793 intelligerent;
2922 726 2992 776 et

521 836 665 881 non
714 836 967 899 parum
1017 820 1525 883 consolationis
1574 822 1837 883 nostris
1878 820 2314 899 adferebant,
2369 821 2554 901 quod
2605 822 2819 883 etiam
2867 822 2986 901 illi,

521 928 639 1007 qui
690 946 733 989 a
776 928 1025 990 studiis
1076 929 1363 990 avocati
1408 937 1646 1005 erant,
1690 928 2237 1008 propensionem
2289 938 2528 991 tamen
2568 928 2659 990 ad
2707 928 2994 1008 pictatis

520 1036 1069 1098 exercitationes
1105 1053 1197 1098 ex
1235 1036 1455 1115 priori
1492 1036 1679 1098 bona
1716 1036 2159 1099 institutione
2198 1036 2503 1098 retinere
2539 1036 2983 1111 videbantur.

644 1142 778 1204 153.
868 1142 1442 1206 Concionabatur
1481 1142 1559 1204 P.
1597 1144 1925 1205 Andreas
1954 1144 2012 1205 F
2017 1144 2251 1206 rusius
2281 1143 2580 1221 singulis
2619 1142 2990 1206 dominicis

518 1268 603 1311 ac
641 1250 841 1312 festis
886 1249 1131 1313 diebus
1162 1269 1323 1312 cum
1361 1252 1537 1313 satis
1564 1251 1950 1330 frequenti,
1992 1252 2334 1313 nobilium
2364 1250 2740 1330 praecipue
2771 1251 2986 1312 homi-

516 1375 717 1437 num,
772 1358 1145 1437 auditoriO,
1204 1358 1322 1437 qui
1362 1359 1577 1420 etiam
1627 1358 1698 1420 in
1736 1359 2232 1436 eleemosyniS,
2281 1376 2462 1437 quae
2506 1357 2989 1420 commendari

514 1482 644 1544 pro
676 1474 1019 1544 suggestu
1062 1466 1404 1544 solebant,
1447 1483 1599 1527 norr
1629 1483 1881 1545 parum
1924 1466 2248 1527 liberales
2287 1484 2362 1526 se
2407 1464 2857 1527 exhibebant.
2899 1466 2986 1528 Et

516 1573 732 1651 aliqui
762 1573 1224 1650 mirabantur,
1260 1591 1421 1635 cum
1452 1582 1598 1635 tam
1627 1582 1941 1635 remotus
1969 1572 2084 1634 hic
2113 1573 2310 1634 locus
2350 1583 2534 1635 esset
2580 1591 2620 1634 a
2664 1572 2986 1651 frequen-

515 1680 701 1743 tibus
732 1681 926 1743 urbis
955 1680 1531 1758 habitationibuS,
1561 1680 1751 1760 quod
1783 1666 2160 1742 tammulti
2189 1680 2279 1742 ad
2311 1698 2471 1742 eum
2495 1680 2982 1743 convenirent.

514 1788 1117 1867 Interpretabatur
1161 1788 1376 1850 etiam
1422 1787 1934 1850 catechismum
1984 1786 2059 1850 P.
2116 1787 2384 1850 Caesar
2424 1788 2691 1850 eisdem
2735 1787 2983 1849 diebus

512 1895 883 1958 dominicis
917 1896 985 1957 in
1014 1896 1573 1975 praedicationis
1604 1896 1890 1958 modum
1920 1906 2011 1973 et,
2039 1895 2365 1974 quamvis
2389 1895 2537 1975 ipse
2567 1894 2700 1957 sibi
2728 1912 2982 1974 parum

510 2002 583 2064 in
613 2020 696 2064 eo
725 2019 1018 2064 munere
1058 2003 1524 2081 satisfaceret,
1568 2020 1931 2083 nunquam
1969 2021 2011 2065 a
2057 2012 2402 2081 suggestu
2441 2002 2764 2080 recessit,
2809 2003 2982 2081 quin

509 2109 723 2188 aliqui
754 2109 845 2171 ad
868 2127 1150 2172 sacram
1180 2109 1698 2172 confessionem
1726 2110 1951 2171 verbo
1993 2109 2127 2172 Dei
2160 2109 2492 2172 commoti
2531 2108 2977 2183 accederent;

507 2216 693 2278 idem
725 2235 886 2279 cum
916 2217 1054 2279 alio
1084 2217 1293 2280 Patre
1325 2218 1773 2280 monasteriis
1798 2218 2297 2296 religiosarum
2327 2217 2798 2279 foeminarum
2821 2233 2971 2277 ver—

504 2324 669 2385 bum
699 2322 832 2385 Dei
861 2326 1303 2404 proponebat
1324 2342 1456 2387 nec
1487 2325 1639 2386 sine
1669 2324 1924 2386 fructu.
1962 2324 2136 2387 Cum
2169 2335 2406 2387 autem
2428 2325 2519 2388 ad
2542 2324 2968 2400 ConversaS,

504 2447 683 2509 quae
713 2431 807 2492 ibi
838 2448 1295 2493 numerosum
1323 2430 1584 2493 habent
1613 2420 2142 2510 monasterium,
2169 2431 2506 2494 sacerdos
2534 2419 2822 2511 quidam
2850 2448 2968 2491 no-

502 2545 647 2599 ster
674 2540 893 2601 semel
923 2539 1392 2601 concionatus
1414 2549 1621 2617 esset,
1650 2549 1797 2601 tam
1820 2540 2016 2619 ipsae
2048 2557 2259 2618 quam
2283 2540 2400 2601 alii
2431 2538 2632 2601 multi
2656 2539 2966 2600 saecula-

503 2662 639 2726 reS,
672 2646 792 2726 qui
821 2646 1141 2724 aderant,
1163 2646 1538 2724 gemitibus
1570 2647 1750 2709 inter
1782 2646 2346 2709 concionandum
2375 2656 2442 2709 et
2465 2656 2712 2727 postea
2742 2651 2967 2729 preci-

502 2754 663 2832 bus,
701 2755 955 2834 quibus
991 2762 1066 2817 ut
1107 2755 1518 2817 concionari
1558 2766 2051 2834 perseveraret
2083 2756 2469 2834 rogabant,
2506 2766 2771 2837 quanto
2803 2777 2970 2822 cum

502 2870 715 2938 gustu
747 2862 1098 2941 spirituali
1127 2879 1287 2924 eum
1319 2861 1645 2924 audirent
1675 2862 2120 2924 testabantur
2151 2861 2190 2920 ².

626 2967 760 3028 154.
847 2968 1116 3031 Verum
1142 2969 1570 3049 praecipuus
1598 2968 1872 3031 fructus
1895 2969 2293 3031 animarum
2322 2969 2393 3031 in
2424 2969 2814 3034 ministerio
2840 2973 2964 3038 Sa-

496 3085 1021 3139 cramentorum
1045 3074 1512 3138 confessionis
1535 3085 1603 3138 et
1635 3076 2154 3138 communionis
2187 3076 2732 3156 percipiebatur;
2759 3094 2961 3144 erant

494 3183 680 3245 enim
730 3181 1213 3244 confessiones
1255 3182 1906 3261 frequentissimae,
1969 3192 2037 3244 et
2086 3185 2479 3261 permultae
2536 3185 2815 3247 animae
2871 3205 2961 3249 ex

493 3289 812 3352 saucibus
841 3289 1211 3351 daemonis
1249 3298 1533 3369 ereptae
1574 3288 1889 3366 fuerunt;
1936 3289 2118 3350 inter
2147 3306 2324 3369 quos
2363 3290 2609 3353 decem
2638 3293 2752 3353 vel
2794 3292 2966 3356 duo-⁷

491 3396 719 3458 decim
778 3395 1118 3459 haeretici
1176 3406 1244 3458 et
1304 3395 1754 3474 gravissimis
1814 3395 2066 3458 irretiti
2116 3396 2481 3459 daemonis
2537 3399 2809 3478 laqueis
2866 3401 2959 3464 ad

492 3503 682 3565 viam
712 3503 959 3565 salutis
988 3520 1113 3582 per
1142 3503 1435 3565 Domini
1463 3503 1771 3581 gratiam
1809 3512 1972 3565 sunt
2002 3503 2296 3566 reducti.
2334 3503 2579 3584 Aliqui
2609 3522 2855 3568 eorum
2885 3508 2958 3569 in

488 3627 648 3672 eam
691 3610 1110 3673 caecitatem
1155 3611 1409 3673 mentis
1446 3619 1823 3687 venerant,
1869 3611 2250 3672 accedente
2294 3628 2572 3673 morum
2613 3611 2960 3692 deprava-

489 3718 704 3790 tione,
747 3735 927 3797 quae
976 3716 1309 3780 haereses
1358 3715 1562 3795 hujus
1612 3717 1951 3796 temporis
2001 3718 2198 3797 sequi
2248 3720 2427 3780 solet
2478 3719 2960 3796 (testabantur

486 3824 621 3887 hoc
651 3834 719 3886 et
751 3824 883 3904 ipsi
914 3823 1033 3903 qui
1063 3822 1152 3885 ad
1183 3841 1307 3886 cor
1329 3824 1720 3898 redierunt,
1756 3833 1823 3886 et
1865 3842 2006 3886 non
2044 3825 2269 3886 solum
2309 3824 2395 3887 de
2427 3827 2681 3905 seipsis
2720 3829 2845 3890 sed
2866 3830 2958 3891 de

485 3932 643 3994 aliis
666 3931 798 3994 sibi
827 3932 1013 3993 notis
1043 3930 1482 3993 tantumdem
1513 3932 1950 4008 asserebant)
1993 3941 2068 3993 ut
2113 3948 2253 3994 non
2292 3935 2606 3996 contenti
2646 3953 2952 3998 commu-

484 4039 690 4101 nibus
719 4037 1076 4100 erroribus
1105 4037 1659 4113 lutheranorum,
1687 4039 1803 4100 hic
1826 4038 2137 4101 animam
2160 4042 2530 4103 mortalem
2560 4059 2737 4120 esse,
2771 4044 2957 4105 alius

484 4146 774 4225 spiritus
804 4146 1034 4207 nullos
1064 4145 1401 4223 inveniri,
1443 4161 1576 4207 nec
1619 4163 1661 4207 a
1703 4145 2067 4224 spiritibus
2110 4146 2437 4209 obsessos
2489 4147 2948 4213 affirmarent.

482 4251 686 4314 Alius
726 4252 1035 4332 quidam,
1084 4269 1245 4314 cum
1278 4251 1514 4314 animo
1544 4251 1795 4314 dubius
1833 4269 1925 4314 ex
1967 4252 2107 4314 alia
2136 4253 2507 4332 provincia
2538 4256 2850 4319 venisset
2879 4268 2949 4320 et

872 4372 898 4387 Q

559 4489 575 4520 ¹
636 4488 914 4543 Polancus,
939 4502 1005 4534 ex
1025 4502 1176 4544 com„
1197 4491 1343 4535 Patri
1363 4491 1607 4534 Andreae
1632 4490 1832 4544 Frusi0,
1856 4500 1910 4534 ut
1942 4491 2082 4535 circa
2114 4492 2442 4545 quotidianas
2475 4497 2746 4541 conciones
2768 4506 2820 4541 et
2843 4499 2948 4542 alia

479 4560 784 4615 hujusmodi,
805 4561 974 4605 Priori
995 4574 1189 4605 morem
1209 4574 1390 4616 gerere
1413 4569 1643 4616 satagat,
1664 4563 1691 4604 6
1712 4561 1981 4605 Februarii
2000 4575 2010 4615 ;
2033 4563 2167 4606 idem
2190 4562 2404 4608 Caesari
2429 4565 2599 4610 Helmi
2620 4574 2674 4611 ut
2696 4570 2950 4612 medicum

478 4638 529 4674 et
550 4631 784 4674 Priorem
803 4632 959 4676 adeat
981 4644 1167 4686 eosque
1190 4634 1423 4677 consulat
1446 4633 1587 4676 circa
1609 4645 1671 4676 ea
1691 4644 1824 4686 quae
1847 4633 1912 4676 ad
1944 4633 2114 4677 Frusii
2138 4635 2490 4679 valetudinem
2512 4638 2752 4693 viresque
2774 4640 2948 4683 foven-

479 4703 571 4745 das
590 4703 869 4757 pertinent,
892 4705 1311 4759 quorumjudicio
1333 4705 1383 4748 in
1405 4705 1638 4749 omnibus
1666 4704 1881 4747 Frusius
1901 4712 2103 4758 pareat,
2137 4705 2164 4746 9
2182 4706 2397 4759 Aprilis.

2578 4815 2638 4869 31
