3679 5414
695 474 813 535 384
1637 473 1893 534 Cimon.
1935 471 2091 532 Soc.
2140 474 2280 546 Jsss.

698 621 847 683 suis
873 621 1129 683 litteris
1158 619 1439 682 fatetur.
1474 619 1885 682 Emendatis
1913 636 2088 681 vero
2119 618 2433 682 moribus
2456 618 3006 682 christianorum
3036 620 3165 682 eis-

693 727 999 808 demque
1027 727 1100 790 in
1129 727 1516 790 christiana
1547 727 1893 805 religione
1922 726 2170 789 melius
2194 725 2580 804 instructiS,
2609 726 2865 788 multos
2889 744 2981 789 ex
3004 743 3169 806 gen-

701 835 939 898 tilibus
970 835 1060 897 ad
1103 834 1461 897 Christum
1506 832 1833 912 adduxit;
1886 834 1955 895 e't
1998 850 2244 895 omnes
2295 833 2431 895 illis
2469 832 2745 896 finitimi
2786 833 3044 896 adduci
3083 834 3171 897 ad

695 942 909 1005 fidem
947 941 1371 1023 potuissent,
1418 941 1478 1004 si
1521 928 1760 1021 plures
1803 940 2113 1020 operarii
2151 940 2253 1002 eis
2291 939 2736 1002 instituendis
2765 949 3167 1003 vacassent.

821 1047 962 1111 441.
1051 1048 1607 1127 Quatuordecim
1638 1046 1937 1128 Juvenes
1969 1065 2054 1109 ac
2102 1046 2298 1110 viros
2327 1045 2402 1109 P.
2439 1046 2857 1110 Leonardus
2891 1046 3172 1110 admisit

699 1155 771 1218 in
813 1155 1225 1218 societatem
1266 1172 1499 1233 suam,
1543 1154 1661 1235 qui
1698 1154 1847 1217 fere
1887 1171 2135 1216 omnes
2175 1153 2594 1217 Brasilicam
2632 1154 2947 1232 linguam
2986 1162 3170 1217 tene·

693 1263 893 1341 bant,
926 1270 1024 1340 ut,
1060 1279 1223 1325 cum
1252 1262 1372 1324 alii
1401 1262 1812 1325 sacerdotes
1835 1279 1924 1324 ex
1947 1260 2385 1340 Portugallia
2413 1261 2881 1340 mitterentur,
2915 1261 3173 1324 fratres

699 1369 830 1432 hos
857 1369 1291 1448 invenirent,
1337 1369 1454 1449 qui
1495 1368 1597 1430 eis
1640 1377 1709 1431 et
1749 1367 2199 1448 coadjutores
2238 1376 2308 1430 et
2361 1368 2784 1446 interpretes
2823 1386 2979 1431 esse
3014 1386 3170 1449 pos·

695 1485 878 1556 sent,
912 1485 1002 1554 et,
1037 1477 1219 1538 inter
1248 1475 1616 1555 gentilium
1646 1476 1948 1556 populos
1985 1474 2469 1555 ingrediendo,
2515 1475 2605 1537 ad
2644 1474 3005 1538 Christum
3049 1491 3171 1537 eos

700 1583 1153 1647 adducerent.
1199 1583 1618 1662 Quingentis
1658 1583 1806 1645 fere
1843 1582 2064 1645 leucis
2107 1599 2360 1645 versus
2399 1599 2595 1645 mare
2635 1582 2883 1645 eadem
2927 1582 3169 1661 lingua

703 1708 949 1753 omnes
986 1699 1308 1769 utuntur;
1353 1690 1427 1751 hi
1470 1701 1709 1753 tamen
1748 1689 1885 1751 illis
1914 1689 2155 1752 hostes
2184 1697 2370 1767 sunt,
2408 1697 2476 1751 et
2506 1706 2583 1751 se
2612 1698 2856 1751 mutuo
2887 1698 2956 1751 et
2986 1690 3168 1752 occi-

703 1798 877 1861 dunt
915 1807 984 1860 et
1033 1796 1429 1875 comedunt,
1474 1806 1853 1876 postquam
1891 1796 2010 1858 diu
2049 1796 2309 1874 ligatos
2349 1795 2479 1859 sub
2520 1797 2844 1859 custodia
2879 1814 3169 1860 suarum

698 1904 1006 1967 filiarum
1035 1912 1441 1982 tenuerunt;
1478 1911 1547 1965 et
1576 1903 1639 1965 si
1669 1903 1948 1965 interim
1978 1920 2069 1965 ex
2100 1903 2237 1965 illis
2265 1903 2525 1965 liberos
2555 1902 2969 1983 suscipiunt,
3012 1904 3169 1966 illos

701 2012 916 2074 etiam
958 2010 1354 2073 comedunt.
1389 2010 1631 2090 Usque
1670 2010 1850 2072 adeo
1891 2010 2259 2073 barbaries
2299 2010 2662 2073 hominum
2701 2010 2980 2073 illorum
3024 2011 3165 2074 ani-

700 2135 855 2181 mos
886 2117 1287 2198 occupavit.

823 2224 945 2287 442
977 2223 1018 2287 ¹.
1108 2224 1285 2287 Cum
1317 2224 1590 2304 aliquos
1621 2224 1693 2286 in
1724 2223 2142 2287 servitutem
2173 2225 2271 2286 illi
2295 2223 2663 2287 christiani
2688 2224 2944 2305 injuste
2974 2225 3165 2288 rede·

701 2333 994 2412 gissent,
1028 2340 1098 2394 et
1127 2340 1366 2394 tamen
1396 2330 2011 2394 exhortationibus
2034 2328 2110 2393 P.
2145 2330 2498 2394 Leonardi
2528 2331 2813 2412 quidam
2835 2333 3165 2395 lusitano-

700 2457 860 2502 rum
889 2456 1058 2501 suos
1087 2455 1336 2501 servos
1365 2438 1629 2501 liberos
1660 2438 2112 2516 dimisissent,
2140 2437 2442 2518 injunxit
2472 2437 2548 2501 P.
2583 2438 2912 2519 Nobrega
2941 2439 3166 2502 eidem

701 2546 1101 2624 Leonard0‚
1136 2554 1213 2608 ut
1243 2563 1367 2608 eos
1397 2546 1487 2608 ad
1517 2561 1688 2607 suas
1716 2545 2129 2625 provincias
2158 2546 2560 2617 deduceret.
2597 2544 2774 2609 Cum
2804 2555 3058 2627 autem,
3094 2557 3168 2610 ut

707 2653 778 2716 id
809 2661 1337 2733 exsequeretur,
1370 2652 1664 2732 navigio
1704 2652 1795 2715 ad
1835 2651 2129 2716 Portum
2167 2649 2514 2715 Securum
2553 2653 3015 2733 pervenisset,
3050 2670 3167 2734 po-

702 2761 948 2840 pulum
979 2760 1175 2823 illum
1204 2760 1412 2822 valde
1443 2760 1985 2822 tumultuantem
2009 2768 2077 2822 et
2099 2758 2246 2839 jam
2263 2757 2410 2839 jam
2440 2759 2512 2822 in
2542 2777 2740 2822 arma
2771 2760 3009 2823 civilia
3032 2761 3166 2824 rui·

702 2877 942 2930 turum
982 2866 1283 2947 invenit;
1326 2868 1472 2946 sed,
1517 2866 1672 2930 Deo
1697 2866 2014 2947 juvante,
2059 2865 2151 2928 ad
2189 2867 2645 2930 concordiam
2683 2885 2806 2930 eos
2846 2868 3167 2932 homines

699 2974 984 3037 reduxit
1020 2982 1090 3036 et
1138 2971 1364 3052 major
1403 2991 1650 3037 eorum
1692 2991 1861 3054 pars
1909 2973 2188 3054 publice
2238 2973 2580 3037 offensam
2628 2974 2762 3036 sibi
2811 2985 3052 3038 mutuo
3097 2977 3168 3039 in

698 3082 1003 3144 ecclesia
1034 3081 1550 3157 condonarunt,
1579 3089 1648 3143 et
1679 3067 1892 3143 amici
1922 3091 2370 3159 manserunt3
2414 3081 2571 3144 aliis
2611 3080 2947 3144 officiales
2989 3082 3165 3162 regii

699 3189 1194 3268 providerunt,
1239 3188 1357 3267 qui
1397 3205 1558 3250 cum
1608 3189 1836 3250 classe
1876 3205 1960 3249 eo
1998 3197 2492 3268 pervenerant.
2537 3187 2907 3267 Navigans
2935 3171 3166 3252 denuo

699 3295 1113 3358 Leonardus
1144 3295 1236 3357 ad
1265 3304 1549 3375 portum
1578 3293 1881 3375 Spiritus
1902 3293 2169 3374 Sancti,
2204 3294 2323 3356 ubi
2351 3313 2441 3357 ex
2467 3296 2730 3358 nostris
2754 3304 2907 3359 erat
2935 3295 3011 3359 P.
3044 3297 3160 3360 Al-

699 3403 1018 3481 phonsus
1046 3402 1326 3464 Blasius
1357 3403 1569 3477 soluS,
1617 3401 1943 3482 pervenit
1980 3409 2052 3463 et
2097 3402 2557 3465 concionatus
2595 3412 2703 3465 est
2740 3404 2838 3465 illi
2876 3404 3158 3484 populo,

699 3509 818 3571 ubi
847 3527 1209 3589 nunquam
1240 3509 1329 3571 ad
1360 3508 1429 3570 id
1459 3524 1682 3589 usque
1714 3517 1992 3588 tempus
2022 3507 2317 3570 verbum
2347 3507 2482 3571 Dei
2512 3508 3002 3589 praedicatum
3024 3509 3163 3573 fue·

700 3625 834 3678 rat.
871 3614 1100 3695 Major
1128 3632 1298 3695 pars
1329 3632 1574 3678 eorum
1611 3615 1975 3677 hominum
2005 3615 2079 3677 in
2107 3616 2421 3694 peccatis
2458 3616 2768 3695 vivebat,
2813 3618 2938 3680 sed
2967 3616 3166 3681 brevi

698 3732 1018 3804 tempore
1049 3723 1385 3785 commoti
1415 3731 1484 3785 et
1505 3722 2002 3802 resipiscentes
2026 3740 2168 3784 non
2192 3722 2570 3785 cessabant
2591 3723 2885 3786 laudare
2909 3724 3159 3800 Deum,

701 3831 819 3912 qui
850 3849 893 3893 a
920 3830 1230 3893 tenebris
1261 3838 1364 3893 tot
1393 3838 1852 3910 peccatorum
1882 3829 2073 3909 ipsos
2104 3829 2501 3908 eripuisset.
2537 3830 2852 3894 Mensem
2889 3832 3036 3895 sere
3066 3833 3161 3894 in·

696 3947 977 4017 tegrum
1007 3937 1291 4001 Patrem
1318 3937 1505 3999 hunc
1536 3936 1995 4014 retinuerunt,
2042 3936 2166 4016 qui,
2189 3953 2274 3999 eo
2316 3945 2631 4016 tempore
2676 3937 2959 4018 saepius
3003 3957 3161 4002 con-

694 4045 1024 4107 cionatus
1062 4053 1153 4120 et,
1198 4046 1581 4107 multorum
1620 4041 2181 4106 confessionibus
2223 4043 2504 4122 auditiS,
2546 4043 2780 4107 effecit
2828 4053 2904 4108 ut
2947 4047 3162 4126 aliqui

696 4170 868 4216 suas
911 4151 1366 4230 concubinaS,
1416 4166 1593 4229 quas
1633 4149 1824 4214 domi
1865 4151 2251 4228 habebant,
2288 4152 2358 4213 in
2390 4169 2650 4214 uxores
2689 4152 3061 4233 ducerent,
3095 4162 3163 4216 et

694 4260 839 4323 alia
866 4259 1171 4339 plurima
1202 4259 1293 4321 ad
1324 4258 1721 4320 animarum
1766 4258 2044 4321 illarum
2074 4257 2469 4339 profectum
2498 4267 2742 4321 secuta
2772 4270 2958 4322 sunt.
3006 4259 3159 4323 Ser-

696 4384 828 4430 vos
857 4367 1072 4429 etiam
1115 4365 1666 4428 christianorum
1696 4365 1997 4444 singulis
2035 4365 2362 4428 noctibus
2401 4366 2489 4428 ab
2533 4383 2747 4445 opere
2788 4351 3164 4431 redeuntes

780 4646 796 4677 ¹
853 4644 1014 4689 Multa
1035 4656 1099 4687 ex
1119 4644 1215 4688 hoc
1236 4645 1425 4699 capite,
1448 4645 1579 4700 quod
1600 4645 1851 4699 sequitur,
1865 4645 2231 4700 praeponenda
2248 4645 2487 4689 videntur
2506 4645 2583 4696 iis,
2601 4654 2731 4697 quae
2756 4644 3006 4688 hactenus
3023 4646 3164 4690 dicta

694 4722 833 4760 nunt.
855 4716 962 4769 (Ita
983 4716 1250 4760 Polancus
1271 4729 1437 4761 manu
1454 4718 1681 4771 propria
1704 4718 1760 4759 in
1784 4718 2071 4770 margine.)
