3679 5414
1592 494 1899 554 Ait-1551
2871 496 2974 555 331

630 642 773 706 339.
864 642 1338 707 Nihilominus
1368 644 1594 706 nostri
1615 642 1764 736 jam
1793 661 1836 705 a
1874 625 2116 706 mense
2158 642 2482 721 Augusto
2525 643 2983 722 Methymnae

512 750 840 814 habitare
892 759 1299 831 coeperant,
1355 752 1685 831 quamvis
1723 760 1871 813 tam
1920 750 2147 813 debile
2204 758 2389 813 esset
2448 750 2982 813 fundamentum

517 871 756 921 rerum
786 858 1285 939 temporalium
1315 866 1392 920 ut
1421 875 1510 920 ex
1539 840 1748 919 dictis
1773 856 2084 954 intelligi
2113 866 2366 954 potest
2408 856 2987 956 Concionabatur

520 962 802 1029 ‘nterim
839 965 916 1028 Ρ.
952 965 1294 1046 Baptista,
1339 973 1408 1028 et
1451 965 1526 1027 P.
1561 946 2093 1027 Maximilianus
2122 948 2568 1027 dialecticam
2592 965 2736 1044 his,
2765 951 2885 1045 qui
2913 964 2985 1028 id

520 1054 922 1166 ‹upiebant,
983 1081 1053 1134 et
1105 1088 1319 1134 casus
1368 1072 1846 1134 conscientiae
1897 1072 2524 1171 interpretabatur3
2549 1080 2640 1134 et
2686 1089 2813 1152 per
2849 1072 2987 1135 Dei

522 1180 821 1242 verbum
851 1179 1100 1242 diebus
1130 1178 1546 1242 dominicis
1527 1196 1599 1241 m
1621 1195 1898 1241 summo
1933 1180 2193 1259 templo
2225 1167 2664 1260 propositum
2695 1181 2988 1242 multum

521 1286 873 1366 populus
854 1305 927 1349 m
956 1286 1280 1349 Domino
1296 1271 1618 1384 profecit.
1653 1285 1831 1350 Cum
1853 1285 2086 1349 adhuc
2125 1296 2361 1349 autem
2385 1287 2754 1350 nundinae
2784 1287 2989 1349 dura·

521 1404 704 1469 rent,
739 1393 1300 1456 Vallisoletanus
1343 1376 1725 1472 Inquisitor
1776 1379 2260 1473 Methymnam
2299 1412 2374 1456 se
2424 1393 2740 1469 contulit,
2794 1395 2990 1456 volu-

525 1501 719 1564 mina
760 1500 1112 1581 quaedam
1150 1501 1237 1562 de
1274 1483 1556 1562 haeresi
1593 1507 1948 1579 suspecta,
1992 1518 2172 1597 quae
2210 1519 2253 1563 a
2295 1485 2692 1580 bibliopolis
2736 1500 2991 1563 vende-

522 1609 810 1686 bantur,
847 1608 1325 1687 inspecturus;
1360 1607 1482 1686 qui
1509 1593 1846 1687 populum
1874 1608 2287 1670 universum
2317 1609 2389 1669 in
2418 1624 2691 1671 summo
2731 1608 2995 1688 templo

525 1715 960 1794 congregari
989 1714 1219 1776 voluit
1243 1722 1312 1776 et
1344 1712 1421 1776 Ρ.
1456 1699 1852 1794 Baptistam
1883 1723 1961 1776 ut
1991 1714 2085 1813 ibi
2107 1715 2650 1778 concionaretur
2682 1715 2993 1794 rogavit3

523 1822 645 1901 qui
677 1839 839 1885 cum
870 1838 1166 1886 summo
1187 1820 1475 1914 spiritus
1515 1821 1772 1884 ardore
1810 1829 1879 1883 et
1923 1804 2190 1901 majore
2228 1838 2441 1902 quam
2477 1839 2788 1901 unquam
2835 1822 2996 1885 visa

524 1928 735 1992 fuerit
763 1928 1224 2008 Methymnae
1255 1927 1647 2007 frequentia
1677 1927 2106 1990 concionem
2131 1928 2581 2007 absolvisset,
2630 1929 2997 1992 admonuit

524 2038 863 2130 populum
894 2053 1109 2116 quam
1139 2036 1328 2098 serio
1357 2035 1632 2114 gratias
1663 2052 1890 2114 agere
1907 2034 2063 2097 Deo
2092 2035 2377 2098 deberet
2393 2036 2621 2116 ,quod
2642 2045 2789 2098 tam
2819 2045 2995 2099 stre·

523 2159 743 2206 nuum
781 2142 1278 2236 Inquisitorem
1327 2141 1429 2205 eis
1481 2142 1937 2221 providisset,
1993 2141 2113 2222 qui
2160 2127 2307 2204 tam
2371 2143 2665 2205 sollicite
2717 2159 2998 2206 omnem

526 2248 844 2312 haeresis
875 2249 1332 2312 occasionem
1362 2232 1452 2311 ab
1484 2249 1656 2329 ipsis
1685 2250 2021 2326 evellere,
2054 2248 2409 2328 librosque
2440 2249 2654 2312 etiam
2675 2267 2996 2329 perscru-

526 2356 715 2435 tari,
735 2366 811 2419 ut
841 2355 1279 2419 christianae
1309 2354 1676 2419 doctrinae
1715 2355 1991 2449 puritas
2029 2355 2278 2417 melius
2306 2356 2758 2436 retineretur,
2793 2372 2992 2418 cura·

527 2472 655 2526 ret.
690 2461 1039 2541 Religiosi
1069 2461 1356 2543 quidam
1384 2445 1651 2525 ordinis
1679 2445 2262 2561 praedicatorum
2291 2463 2685 2526 rationibus
2707 2479 2996 2543 persua-

528 2569 697 2664 dere
742 2569 1153 2650 Inquisitori
1200 2554 1575 2632 voluerant
1625 2577 1702 2632 ut
1745 2569 1919 2649 ipsis
1961 2554 2119 2631 eam
2170 2569 2582 2632 concionem
2629 2570 2989 2648 tribueret,

529 2655 690 2741 cum
719 2676 811 2740 ad
841 2694 917 2740 se
947 2677 1193 2758 potius
1211 2692 1424 2756 quam
1464 2676 1556 2739 ad
1598 2676 1774 2739 alios
1812 2674 1900 2739 de
1940 2663 2419 2771 Inquisitionis
2455 2674 2755 2756 fideique
2785 2677 3000 2740 rebus

530 2801 747 2878 ·1gere
786 2792 1173 2865 spectaret;
1218 2783 1470 2862 quibus
1508 2783 1644 2845 hoc
1691 2782 2059 2863 respondit
2097 2768 2504 2863 Inquisitor:
2552 2784 3004 2847 concionato-

530 2905 719 2972 rem,
761 2909 972 2972 quem
1020 2891 1170 2971 ipse
1210 2890 1631 2985 instituerat,
1674 2908 1815 2953 non
1858 2891 2088 2953 minus
2127 2890 2451 2953 doctrina
2488 2908 2699 2971 quam
2740 2879 2998 2954 sancti-

471 3056 484 3068 .
534 3000 773 3062 monia
798 2997 957 3062 esse
979 2999 1449 3079 praeclarum,
1478 3015 1562 3060 ac
1587 2997 1885 3078 proinde
1909 2997 1996 3059 de
2017 3015 2096 3060 re
2119 2997 2236 3060 illa
2265 3015 2354 3060 ne
2385 2986 2685 3097 amplius
2715 3008 2999 3061 conten·

531 3107 799 3170 derent.
842 3105 997 3168 Hoc
1038 3121 1212 3184 ergo
1257 3123 1459 3167 anno
1487 3123 1577 3168 ex
1618 3105 2090 3185 eleemosynis
2128 3102 2354 3167 debile
2395 3105 2817 3185 principium
2860 3104 3001 3167 Me-

530 3214 954 3293 thymnense
987 3211 1410 3291 Collegium,
1443 3220 1520 3275 ut
1548 3212 2021 3291 praemissum
2050 3220 2187 3292 est,
2219 3211 2492 3274 habuit.

1042 3480 1050 3489 ’
1101 3531 1228 3595 DE
1276 3531 1740 3596 COLLEGIO
1783 3530 2430 3596 coMPLUTENSI

651 3743 796 3807 340.
887 3745 1385 3839 Complutense
1417 3745 1810 3824 Collegium
1838 3746 1975 3808 hoc
2006 3746 2193 3807 anno
2224 3730 2642 3824 quibusdam
2672 3744 2744 3806 in
2774 3743 3005 3808 Socie-

532 3860 754 3915 tatem
805 3836 1135 3916 admissis
1181 3861 1470 3916 auctum
1515 3863 1622 3915 est
1666 3862 1736 3915 et
1784 3852 1925 3914 alia
1972 3851 2360 3948 Hispaniae
2410 3850 2727 3930 Collegia
2778 3852 3002 3931 auxit,

485 3963 495 3967 ’
533 3960 860 4039 quamvis
901 3959 1477 4039 concionatorem
1505 3961 1775 4022 nullum
1814 3943 2160 4055 habuerit.
2203 3957 2594 4037 Paupertas
2638 3966 2874 4020 tamen
2902 3958 3006 4021 rei

532 4060 902 4129 familiaris
942 4076 1016 4129 ut
1057 4066 1314 4129 lentius
1351 4067 1861 4146 procederetur
1903 4065 1975 4128 in
2018 4064 2473 4129 admittendis
2514 4064 2801 4127 novitiis
2845 4064 3005 4127 effe-

530 4173 650 4235 cit.
693 4172 965 4236 Doctor
1010 4172 1394 4252 Castellus,
1448 4173 1750 4253 publicis
1800 4172 2046 4236 officiis
2088 4170 2524 4252 perfunctus,
2558 4189 2724 4234 nam
2754 4172 3008 4234 utrius-

534 4296 672 4359 que
696 4279 876 4359 J‘uris
906 4280 1176 4361 peritus
1204 4289 1357 4343 erat
1389 4288 1460 4343 et
1498 4280 1859 4361 praetoria
1882 4278 2146 4359 judicia
2176 4277 2650 4343 Salmanticae
2690 4278 3009 4341 modera-

532 4386 773 4467 batur,
817 4404 980 4450 cum
1028 4386 1365 4450 sacerdos
1417 4387 1567 4451 fieri
1623 4388 1866 4465 vellet,
1918 4386 2345 4466 magistratu
2383 4403 2459 4448 se
2500 4384 2871 4464 abdicanS,
2918 4384 3011 4448 ad

533 4494 880 4576 exerqitia
910 4493 1306 4574 spiritualia
1335 4494 1693 4575 Compluti
1722 4494 2139 4575 accipienda
2163 4511 2240 4557 se
2263 4492 2588 4571 contulit,
2624 4500 2693 4554 et
2715 4492 2819 4554 sic
2849 4509 3004 4572 pro-

533 4597 702 4664 fecit
741 4609 842 4680 ut,
889 4601 1101 4664 rebus
1143 4602 1628 4664 saecularibus
1658 4601 2096 4679 valedicens,
2138 4599 2473 4677 Societati
2511 4615 2588 4660 se
2628 4597 3004 4661 addixerit.

533 4705 650 4769 Ad
677 4726 797 4772 res
829 4724 1006 4788 ergo
1038 4708 1229 4772 domi
1256 4725 1427 4771 suae
1459 4709 1986 4788 componendas
2024 4726 2100 4772 se
2141 4705 2543 4785 conferenS,
2579 4705 2813 4785 brevi,
2861 4722 3005 4768 sar-
