3679 5414
1648 474 1775 532 An.
1819 474 1960 534 1552
2916 478 3038 536 635

544 622 794 702 juncta
824 639 980 685 esse
1022 622 1221 700 solet,
1267 621 1506 685 audita
1546 622 1919 699 concione,
1953 638 2038 683 ea
2078 638 2154 683 se
2195 622 2562 701 voluptate
2603 631 2854 701 sponte
2884 624 3022 702 pri·

456 759 468 769 ·
553 739 838 808 varunt,
872 746 1003 792 nec
1032 728 1219 791 tauri
1250 729 1501 808 agitati
1542 739 1724 792 sunt.
1769 728 1970 791 Alias
2008 728 2226 791 etiam
2265 728 2444 791 duas
2482 729 2861 793 conciones
2897 731 3022 795 ibi-

552 836 716 899 ‹lem
744 836 1010 899 habuit.
1045 835 1293 899 Invisit
1329 836 1570 898 itidem
1598 835 1913 916 Loyolae
1943 835 2251 914 domum,
2284 836 2402 898 ubi
2433 835 2510 898 P.
2554 835 2871 915 Ignatius
2901 855 3020 900 na-

554 954 670 1006 tus
698 942 950 1007 fuerat.
986 944 1075 1007 Et
1106 944 1203 1005 ita
1249 944 1526 1022 Burgos
1565 942 1774 1006 rediit
1800 952 1964 1023 post
2005 951 2151 1005 tres
2188 942 2702 1021 hebdomadas,
2744 961 2921 1024 quas
2952 944 3023 1007 in

559 1050 946 1130 praedictis
974 1051 1154 1113 locis
1176 1060 1245 1113 et
1278 1050 1651 1113 itineribus
1681 1048 2137 1129 expenderat.

674 1157 817 1220 495.
906 1158 992 1220 Et
1048 1158 1377 1236 quamvis
1416 1156 1664 1219 debilis
1713 1157 2097 1220 admodum
2144 1174 2237 1219 ex
2279 1157 2520 1219 labore
2561 1167 2771 1236 atque
2822 1169 3033 1221 aestu

555 1264 785 1339 rediit,
813 1265 1015 1327 brevi
1043 1265 1235 1327 vires
1265 1264 1741 1344 recuperavit.
1777 1263 1994 1327 Venit
2025 1263 2241 1326 etiam
2282 1264 2563 1343 Burgos
2593 1264 3025 1327 Comestabi-

556 1371 642 1433 lis
676 1388 840 1434 cum
865 1389 1087 1434 uxore
1116 1389 1246 1434 sua
1270 1370 1577 1434 Ducissa
1607 1371 1692 1434 de
1722 1370 1952 1450 Frias,
1985 1380 2054 1432 et
2096 1370 2369 1435 Comite
2401 1388 2486 1433 ac
2521 1370 2900 1434 Comitissa
2940 1372 3028 1435 de

554 1477 866 1556 Osorn0,
893 1495 1132 1541 mense
1161 1478 1372 1559 Julio;
1404 1488 1495 1557 et,
1530 1487 1812 1557 praeter
1843 1478 2075 1557 ipsum
2102 1476 2448 1541 Comitem
2472 1478 2837 1557 stabilem,
2873 1496 3027 1542 cae-

552 1586 695 1648 teri
726 1586 1052 1649 concioni
1091 1585 1326 1648 Patris
1374 1583 1630 1648 Strada
1682 1583 2173 1663 interfuerunt3
2230 1585 2445 1649 immo
2478 1585 2785 1649 Ducissa
2815 1587 2903 1648 ab
2947 1604 3041 1649 eo-

557 1694 951 1772 postulavit
982 1702 1055 1755 ut
1086 1709 1366 1771 semper
1396 1692 1530 1770 ipsi
1569 1691 2007 1770 significaret
2056 1692 2173 1755 ubi
2225 1694 2780 1755 concionaturus
2820 1702 3033 1772 esset,

554 1800 726 1879 quia
752 1817 996 1862 omnes
1020 1800 1241 1879 ipsius
1266 1799 1647 1862 conciones
1672 1798 1918 1862 audire
1938 1800 2290 1879 cupiebat.
2316 1800 2484 1880 Egit
2506 1800 2623 1863 illa
2657 1800 2842 1863 serio
2874 1818 3035 1863 cum

557 1907 820 1971 marito
879 1907 965 1969 de
1024 1906 1373 1986 CollegiO,
1426 1906 1615 1987 quod
1664 1907 1921 1986 Burgis
1985 1907 2439 1986 aedificabat,
2493 1906 2834 1970 Societati
2895 1917 3031 1970 tra-

555 2013 827 2094 dend03
859 2016 982 2077 sed
1015 2016 1164 2094 ipse
1196 2032 1375 2094 opus
1402 2015 1818 2078 inchoatum
1848 2016 2048 2095 prius
2085 2015 2362 2078 absolvi
2392 2015 2646 2078 debere
2692 2015 3030 2078 causaba-

558 2130 705 2200 tur,
760 2123 1091 2203 quamvis
1122 2140 1263 2184 non
1293 2123 1603 2201 negabat
1642 2140 1717 2185 se
1760 2121 2095 2185 Societati
2142 2122 2423 2185 tradere
2464 2123 2678 2195 velle;
2724 2133 2824 2198 et,
2870 2138 3033 2185 cum

559 2228 696 2291 hoc
747 2230 1110 2307 negotium
1161 2227 1427 2292 differri
1480 2228 1871 2308 videretur,
1919 2229 2005 2292 de
2050 2229 2472 2310 quibusdam
2520 2227 2671 2307 ejus
2710 2228 3045 2291 domibus>

557 2335 881 2398 emendis
912 2336 1120 2398 amici
1163 2335 1542 2399 Societatis
1580 2353 1796 2415 agere
1824 2343 2210 2415 coeperunt
2231 2383 2246 2414 ,
2280 2343 2349 2398 et
2391 2336 2718 2415 quamvis
2748 2335 3037 2398 vinculo

556 2442 875 2522 quodam
926 2441 1369 2521 majoritatus
1419 2451 1656 2506 essent
1684 2460 2032 2518 annexae,
2075 2452 2313 2506 tamen
2356 2442 2517 2505 illae
2562 2451 2726 2522 post
2757 2443 3039 2522 aliquos

559 2567 793 2615 annos
821 2549 1157 2613 Societati
1188 2551 1520 2613 venditae
1569 2550 1873 2629 fuerunt,
1934 2560 2003 2613 et
2033 2550 2129 2613 ibi
2166 2549 2489 2613 Societas
2529 2560 2777 2613 nostra
2823 2550 3033 2613 stabi·

561 2659 706 2720 lem
734 2658 974 2721 sedem
997 2657 1169 2721 fixit.
1205 2657 1341 2722 Sed
1373 2659 1458 2722 de
1489 2658 1597 2722 his
1627 2676 1755 2722 suo
1786 2660 1944 2721 loco
1973 2659 2175 2739 plura
2212 2655 2253 2718 '.

685 2765 826 2828 496.
913 2767 1294 2830 Intermisit
1325 2768 1703 2830 conciones
1731 2767 2140 2847 aliquandiu
2179 2766 2255 2829 P.
2299 2766 2557 2829 Strada
2596 2775 2889 2846 propter
2921 2765 3036 2828 ad-

565 2890 855 2936 versam
895 2874 1396 2937 valetudinem.
1439 2875 1704 2938 Ultima
1743 2875 2096 2937 dominica
2139 2874 2306 2956 Julii
2350 2873 2497 2954 jam
2536 2873 2819 2954 quidem
2850 2874 3035 2936 male

564 2979 904 3055 habebat;
941 2981 1066 3044 sed
1097 2982 1260 3061 quia
1289 2982 1644 3061 pollicitus
1674 2982 1904 3045 fuerat
1933 2981 2343 3044 concionari
2373 2992 2440 3043 et
2469 2980 2804 3059 frequens
2844 2980 3037 3042 audi-

559 3087 831 3150 torium
864 3098 1317 3167 convenerat,
1346 3089 1570 3151 noluit
1593 3089 2007 3151 concionem
2032 3089 2376 3166 omittere;
2404 3096 2473 3150 et
2496 3088 2671 3150 bene
2695 3105 2771 3150 se
2794 3087 3037 3149 habuit

555 3195 906 3273 quamdiu
946 3195 1409 3258 concionatus
1452 3205 1589 3273 est;
1632 3196 1757 3258 sed
1798 3205 2048 3275 postea
2085 3195 2303 3258 febris
2341 3212 2501 3257 eum
2544 3193 2854 3274 excepit,
2899 3210 3038 3272 qua

567 3301 930 3365 abstinere
959 3302 1365 3382 aliquandiu
1396 3322 1439 3366 a
1469 3303 1929 3366 concionibus
1954 3302 2084 3365 fuit
2115 3312 2427 3365 coactuS.

688 3408 831 3472 497.
921 3410 1216 3473 Amicus
1246 3411 1534 3491 quidam
1555 3409 1788 3472 Patris
1812 3408 2095 3486 Strada,
2121 3425 2282 3471 cum
2304 3408 2728 3486 intelligeret
2754 3416 3040 3470 nostros

568 3516 903 3595 exiguam
933 3517 1274 3580 librorum
1303 3517 1803 3598 supellectilem
1848 3517 2141 3591 habere,
2184 3514 2496 3578 Parisios
2540 3516 2729 3577 misit
2771 3524 2840 3578 et
2878 3515 3038 3577 inde

567 3620 1068 3686 bibliothecam
1098 3624 1545 3702 instructam,
1581 3632 1787 3704 prout
1814 3624 1967 3703 ipse
1997 3622 2071 3685 P.
2105 3621 2363 3687 Strada
2405 3621 2832 3700 dictaverat,
2868 3622 3038 3684 Bur·

567 3743 708 3802 gos
737 3731 1122 3794 transmitti
1152 3731 1241 3793 ad
1271 3740 1678 3795 nostrorum
1707 3748 1912 3793 usum
1941 3730 2242 3793 curavit.

689 3834 832 3899 498.
921 3838 1076 3917 Quo
1106 3848 1423 3919 tempore
1453 3856 1495 3899 a
1526 3837 2055 3917 praedicatione
2086 3837 2446 3916 abstinuit,
2472 3838 2854 3900 multorum
2878 3852 3040 3898 con-

552 3945 915 4010 fessiones
949 3946 1219 4009 audivit
1252 3955 1321 4008 et
1351 3945 1626 4024 aliquas
1654 3946 2059 4023 generales3
2093 3953 2162 4007 et
2191 3943 2511 4025 primarii
2550 3943 2864 4007 civitatis
2903 3942 3040 4005 viri

568 4072 715 4118 non
747 4054 958 4134 pauci
987 4070 1146 4115 cum
1178 4052 1241 4115 ei
1274 4051 1591 4114 confiteri
1623 4060 1985 4130 poterant,
2019 4069 2148 4130 pro
2180 4051 2555 4132 privilegio
2595 4068 2740 4113 non
2779 4050 3041 4129 exiguo

570 4162 949 4225 ducebant.
991 4159 1220 4238 Virgo
1261 4159 1608 4239 quaedam
1651 4158 2023 4239 primaria,
2067 4176 2247 4238 quae
2292 4160 2698 4238 opulentam
2738 4156 3045 4224 habebat

571 4268 847 4347 dotem,
881 4284 1043 4329 cum
1073 4266 1300 4329 eidem
1330 4265 1656 4329 consessa
1687 4265 1965 4344 fuisset,
1999 4275 2356 4328 commota
2394 4275 2501 4327 est
2544 4265 2634 4327 ad
2678 4264 3043 4327 meliorem

547 4390 915 4456 sponsum
945 4373 1378 4452 eligendum,
1411 4381 1480 4435 et
1526 4389 1683 4434 cum
1722 4372 1974 4434 eadem
2018 4372 2179 4434 dote
2220 4372 2310 4435 ad
2352 4372 2860 4435 monasterium
2901 4388 3044 4433 mo-

588 4611 592 4616 .
655 4578 673 4611 ¹
732 4578 1003 4632 Polaticus,
1026 4590 1093 4621 eoe
1121 4590 1281 4629 com„
1299 4577 1443 4621 Patri
1466 4576 1744 4620 Francisco
1765 4577 1826 4620 de
1852 4576 2044 4621 Strada
2059 4610 2069 4630 ‚
2093 4578 2154 4620 de
2176 4578 2330 4621 rebus
2352 4576 2703 4630 Burgensibus
2737 4577 2846 4619 {use
2867 4608 2878 4630 ,
2902 4586 3047 4630 prae·

550 4652 756 4695 sertim
774 4651 836 4694 de
868 4650 1099 4705 collegio
1119 4650 1333 4694 Comitis
1353 4649 1578 4698 stabilis,
1601 4650 1626 4690 -1
1646 4648 1807 4702 Junii;
1831 4649 1881 4692 id
1904 4649 2049 4692 Patri
2080 4648 2409 4693 Ferdinando
2438 4649 2667 4692 Alvarez
2687 4681 2698 4700 ,
2721 4648 2898 4691 eodem
2922 4653 3047 4692 tem·

568 4734 715 4778 pore.
