3679 5414
691 440 800 500 422
1601 439 1857 500 Canon.
1898 438 2051 501 Soc.
2091 439 2232 514 J1-:s‚

692 586 808 648 cui
859 586 1308 650 occasionem
1357 585 1547 648 dedit
1597 603 1873 649 summa
1924 586 1994 649 in
2032 585 2404 666 provincia
2444 584 2872 649 Germaniae
2929 603 3163 649 sacer-

694 674 938 756 dotum
966 693 1284 774 penuria,
1328 694 1450 773 qui
1495 695 1818 774 exemplo
1849 702 1919 757 et
1957 693 2178 756 verbo
2217 710 2389 756 suae
2418 693 2728 755 nationis
2756 692 3166 757 hominibus

692 800 1030 881 prodesse
1058 810 1370 880 possent,
1405 818 1618 882 quam
1642 818 1802 864 cum
1825 800 2224 864 Cardinalis
2253 801 2613 880 Moronus‚
2646 800 2758 862 vir
2787 800 3169 880 prudentia

693 925 779 971 ac
810 924 1048 972 rerum
1077 925 1208 970 usu
1241 908 1708 988 clarissimus,
1746 916 2196 988 perspectam
2224 908 2517 971 haberet
2548 916 2616 970 et
2646 925 2789 970 non
2819 905 3158 971 mediocri

693 1013 1062 1078 charitatis
1091 1014 1324 1077 studio
1358 1014 1448 1077 ad
1478 1015 1838 1078 nationem
1869 1015 2091 1094 illam,
2126 1015 2199 1078 in
2229 1032 2369 1095 qua
2407 1014 2525 1077 diu
2568 1023 2898 1077 versatus
2928 1013 3160 1079 fuerat

693 1122 977 1185 nomine
1006 1119 1209 1185 Sedis
1240 1122 1717 1202 Apostolicae,
1750 1139 2148 1203 propensus
2178 1131 2395 1201 esset,
2431 1122 2866 1185 existimavit
2893 1123 3160 1186 nullam

694 1228 1243 1292 commodiorem
1274 1229 1436 1293 iniri
1465 1247 1674 1309 posse
1694 1230 2069 1310 rationem,
2096 1247 2236 1309 qua
2258 1230 2436 1292 haec
2466 1228 2728 1295 Sancta
2757 1228 2976 1292 Sedes
3003 1247 3169 1309 pro-

693 1336 972 1399 vincias
1021 1336 1177 1399 illas
1219 1318 1526 1416 Juvaret,
1582 1354 1796 1417 quam
1832 1338 1900 1400 si
1940 1337 2182 1400 selecti
2222 1346 2291 1400 et
2328 1336 2554 1400 bonae
2584 1336 2840 1400 indolis
2864 1336 3170 1417 juvenes

695 1441 1036 1508 Germani
1065 1443 1137 1506 in
1165 1443 1358 1507 Urbe
1386 1444 1489 1507 sic
1519 1444 2057 1508 instituerentur
2078 1453 2155 1508 ut
2177 1444 2459 1524 pietate,
2488 1444 2837 1522 doctrina,
2862 1453 2933 1507 et
2954 1444 3160 1507 bene-

693 1550 1006 1613 volentia
1044 1566 1219 1629 erga
1258 1549 1442 1613 hanc
1481 1550 1710 1631 ipsam
1748 1548 2005 1614 Sedem
2044 1550 2155 1630 (ut
2194 1550 2279 1613 de
2319 1551 2493 1631 ipsis
2530 1552 2706 1614 bene
2749 1552 3162 1629 merentem)

695 1662 905 1720 aucta
945 1675 1106 1721 cum
1137 1656 1494 1721 beneficiis
1533 1657 2037 1721 ecclesiasticis
2077 1658 2150 1720 in
2193 1675 2363 1722 suas
2401 1657 2813 1739 provincias
2851 1658 3165 1722 remitte—

695 1772 962 1831 rentur.

819 1870 913 1941 10.
1000 1871 1206 1935 Hanc
1228 1881 1468 1935 tamen
1489 1872 1999 1936 institutionem
2022 1872 2277 1953 quibus
2299 1871 2729 1935 concredere
2750 1881 2992 1952 posset
3014 1889 3158 1935 non

693 1979 1003 2059 videbat,
1042 1978 1182 2042 nisi
1208 1976 1528 2042 Societas
1557 1988 1803 2042 nostra
1833 1997 1993 2043 eam
2021 1978 2467 2059 provinciam
2495 1978 2945 2059 suscepisset.
2976 1977 3159 2042 Cum

660 2085 773 2149 P.
803 2084 1083 2165 Ignatio
1115 2086 1512 2164 igiturrem
1541 2086 1866 2167 contulit,
1911 2087 2025 2149 cui
2065 2103 2227 2150 cum
2264 2102 2700 2166 magnopere
2736 2086 3159 2165 probaretur

692 2201 763 2256 et
792 2192 883 2256 ad
912 2191 1449 2257 instaurandam
1477 2193 1798 2275 plurimis
1820 2194 1892 2256 in
1915 2193 2093 2256 locis
2124 2193 2571 2273 disciplinam
2593 2192 2740 2273 jam
2771 2194 3159 2273 collapsam

695 2309 764 2364 et
793 2300 1212 2380 religionem
1239 2299 1664 2363 fulciendam
1701 2300 1774 2363 in
1815 2300 1951 2363 illis
1979 2301 2156 2364 locis
2185 2309 2254 2363 et
2291 2300 2835 2381 propagandam
2863 2300 3160 2380 perutile

694 2407 1083 2486 videretur,
1118 2416 1188 2471 et
1227 2424 1431 2472 suam
1461 2424 1752 2487 operam
1791 2407 2087 2470 libenter
2118 2405 2404 2471 offerret
2433 2406 2522 2469 ad
2561 2415 2707 2470 tam
2746 2407 2938 2487 pium
2969 2407 3157 2470 insti·

694 2523 924 2578 tutum
955 2514 1537 2595 promovendum,
1564 2514 1964 2578 Cardinalis
1986 2514 2346 2593 MoronuS‚
2373 2515 2580 2578 simul
2611 2532 2773 2578 cum
2802 2514 3160 2578 Cardinali

691 2619 998 2685 Sanctae
1031 2620 1302 2699 CruciS,
1338 2622 1452 2686 cui
1482 2630 1549 2685 et
1572 2639 1689 2685 res
1712 2621 1963 2685 eadem
1983 2622 2460 2702 perplacebat,
2493 2619 2860 2685 Summum
2882 2620 3161 2685 Pontifi-

694 2747 850 2792 cem
902 2729 1097 2809 adiit;
1152 2730 1269 2811 qui
1315 2731 1667 2793 rationem
1717 2728 1925 2809 hujus
1972 2730 2208 2811 operis
2252 2747 2413 2793 cum
2454 2730 2670 2792 animi
2711 2729 2980 2793 laetitia
3017 2747 3160 2792 non

692 2836 1040 2900 mediocri
1067 2837 1442 2917 intellexit,
1476 2847 1546 2901 et
1576 2837 1954 2917 aliquando
1985 2837 2118 2900 sibi
2155 2836 2227 2899 in
2256 2845 2562 2900 mentem
2594 2836 2875 2899 venisse
2915 2853 3165 2899 conce·

691 2952 891 3024 ptum
918 2933 1348 3022 hujusmodi,
1384 2961 1593 3024 quem
1622 2953 1861 3007 tamen
1890 2961 2034 3007 non
2063 2944 2238 3007 satis
2268 2944 2699 3024 explicatum
2733 2943 3060 3019 habebat,
3094 2952 3167 3006 et

691 3068 768 3113 se
792 3051 1015 3113 alacri
1039 3051 1275 3114 animo
1297 3049 1433 3113 hoc
1457 3068 1637 3131 opus
1666 3058 2158 3131 promoturum
2189 3050 2476 3131 recepit.
2505 3050 2594 3113 Et
2624 3050 2950 3131 quamvis
2980 3050 3165 3113 bella

689 3157 1097 3239 aliquandiu
1127 3159 1656 3221 exsecutionem
1694 3156 1901 3237 hujus
1940 3157 2176 3238 operis
2214 3157 2663 3232 distulerunt,
2708 3175 2870 3220 cum
2901 3156 3050 3238 jam
3087 3174 3164 3221 se

689 3263 1094 3345 expedisset
1134 3283 1177 3328 a
1203 3265 1574 3328 Parmensi
1614 3273 1683 3328 et
1727 3263 2173 3328 Mirandulae
2214 3264 2397 3328 bello
2437 3263 2768 3327 Summus
2809 3263 3162 3340 Pontifex,

689 3371 1184 3436 Cardinalibus
1207 3369 1354 3451 jam
1385 3371 1594 3435 dictis
1622 3389 1774 3435 rem
1804 3371 2240 3450 urgentibus,
2275 3370 2523 3434 litteris
2555 3369 2986 3451 Apostolicis
3009 3370 3162 3434 Col-

688 3480 952 3558 legium
982 3479 1150 3559 hoc,
1190 3478 1691 3541 Germanicum
1720 3487 2090 3557 vocatum,
2126 3478 2257 3541 sub
2295 3475 2674 3541 Societatis
2711 3487 3000 3541 nostrae
3038 3494 3166 3557 gu·

690 3585 1107 3649 bernatione
1138 3594 1208 3648 et
1235 3585 1674 3648 institutione
1704 3584 1777 3647 in
1804 3584 2059 3647 litteris
2089 3601 2176 3647 ac
2204 3584 2553 3662 moribuS,
2590 3584 2840 3647 erexit.

819 3693 914 3755 11.
1001 3694 1091 3757 Et
1141 3693 1467 3773 quamvis
1516 3691 1603 3755 de
1651 3691 2154 3755 ecclesiasticis
2203 3691 2543 3754 reditibus
2600 3690 3043 3771 applicandis
3094 3700 3164 3754 et

696 3798 906 3864 domo
939 3799 1327 3862 coemenda
1372 3806 1726 3879 ageretur,
1776 3797 2059 3862 interim
2098 3807 2337 3861 tamen
2376 3815 2465 3860 ne
2505 3797 2766 3861 diutius
2808 3798 3001 3878 pium
3026 3797 3163 3860 hoc

692 3923 870 3986 opus
921 3905 1346 3984 differretur,
1401 3905 1914 3969 conductitiam
1958 3904 2244 3967 domum
2282 3904 2697 3968 sumendam
2738 3922 2895 3967 esse
2932 3904 3169 3967 visum

692 4023 833 4092 est;
888 4022 956 4077 et
999 4014 1071 4076 in
1111 4013 1525 4076 membrana
1568 4009 1899 4075 Summus
1947 4011 2097 4092 ipse
2145 4009 2474 4074 Pontifex
2520 4029 2681 4074 cum
2723 4011 3042 4091 plurimis
3080 4009 3172 4073 de

694 4118 917 4184 Sacro
949 4119 1264 4199 Collegio
1297 4118 1779 4182 Cardinalium
1823 4116 1989 4198 quid
2030 4117 2354 4181 conferre
2391 4118 2655 4181 vellent
2696 4118 2786 4180 ad
2819 4125 3163 4181 sustenta·

696 4228 961 4290 tionem
1000 4226 1523 4291 Germanorum
1563 4223 2117 4304 subcripserunt.
2164 4222 2444 4288 Primus
2489 4224 2802 4288 omnium
2839 4223 3175 4288 Summus

697 4334 1024 4397 Pontifex
1055 4333 1482 4413 quingentos
1513 4348 1769 4395 aureos
1801 4331 2100 4411 singulis
2125 4332 2331 4395 annis
2361 4348 2437 4394 se
2467 4329 2798 4394 daturum
2819 4329 3170 4411 promisit;

698 4440 819 4503 alii
856 4448 1117 4514 autem,
1159 4448 1370 4520 prout
1411 4438 1663 4518 cuique
1707 4445 1830 4500 aut
1860 4437 2163 4500 facultas
2204 4447 2327 4501 aut
2355 4438 2688 4501 voluntas
2726 4437 3166 4518 suppetebat,

701 4547 814 4610 hic
845 4555 1127 4610 centum
1158 4562 1439 4623 aureOS,
1473 4545 1587 4608 ille
1612 4553 1897 4608 centum
1926 4544 2204 4624 viginti,
2233 4543 2354 4607 alii
2374 4545 2612 4625 plures
2644 4552 2765 4607 aut
2794 4544 3174 4624 pauciores

701 4671 779 4717 se
819 4652 1111 4717 daturos
1153 4652 1744 4733 subscripserunt.
1788 4651 1879 4715 Et
1928 4668 2089 4716 cum
2139 4668 2414 4715 summa
2453 4668 2596 4714 non
2634 4651 2844 4730 longe
2873 4670 2915 4715 a
2945 4652 3175 4716 tribus
