3679 5414
704 488 813 548 488
1634 487 1890 546 Cimon.
1934 486 2086 545 Soc.
2129 488 2268 560 Jsss.

708 617 1072 694 adessent,
1120 625 1195 677 ut
1232 614 1742 676 consolationis
1777 615 2011 693 potius
2052 632 2263 693 quam
2303 615 2818 693 compassionis
2862 617 3169 678 occasio-

705 741 865 786 nem
906 723 1167 785 nostris
1217 722 1606 801 praeberet.
1661 719 1963 800 Saepius
2001 719 2151 800 eJus
2189 721 2705 784 confessionem
2743 722 3043 800 audivit,
3086 742 3171 786 ac

706 831 968 893 viatico
997 847 1156 891 eum
1187 828 1508 896 munivit:
1540 837 1631 896 et.
1667 837 1987 891 extrema
2027 829 2355 891 unctione
2385 837 2712 908 accepta,
2749 847 2907 891 cum
2938 829 3171 892 aedifi-

705 937 984 1000 catione
1016 937 1328 999 omnium
1358 952 1450 998 ex
1478 936 1613 998 hac
1644 936 1793 998 vita
1824 936 2148 998 decessit.
2191 936 2351 998 Non
2380 945 2485 998 est
2520 936 2829 998 admissa
2861 938 3171 1000 omnium

703 1044 1051 1106 bonorum
1081 1043 1301 1123 ipsius
1330 1043 1644 1120 donati0,
1688 1059 1900 1123 quam
1944 1043 2093 1121 ipse
2123 1041 2460 1105 Societati
2491 1042 2780 1105 fecerat.
2813 1041 3169 1106 Nihilomi-

704 1168 838 1213 nus
868 1151 941 1213 in
970 1159 1416 1228 testamento,
1453 1150 1639 1229 quod
1668 1149 2013 1227 condidit,
2046 1149 2317 1228 legavit
2346 1150 2770 1228 quingentos
2801 1167 3056 1212 aureos
3084 1151 3176 1213 ad

703 1258 986 1320 scholas
1029 1255 1358 1320 Patavini
1396 1256 1692 1334 Collegii
1732 1255 2267 1319 concinnandas
2300 1265 2369 1318 et
2408 1256 2596 1318 mille
2633 1256 3055 1335 quingentos
3094 1268 3167 1320 ut

703 1365 1043 1427 darentur
1097 1364 1518 1443 Praeposito
1577 1364 1914 1426 Generali
1944 1361 2324 1426 Societatis
2361 1372 2648 1425 nostrae
2688 1363 3164 1442 dispensandi,

703 1481 914 1552 prout
943 1473 1382 1550 intelligebat
1415 1471 1636 1551 ipsius
1667 1472 2147 1534 conscientiae
2177 1471 2587 1548 convenire,
2620 1472 2689 1532 in
2714 1488 2931 1550 opera
2954 1472 3166 1551 pieta·

703 1581 795 1643 tis
824 1590 891 1643 et
922 1580 1427 1643 satisfactoria.
1462 1577 1600 1642 Sed
1625 1579 2052 1658 quingentos
2075 1579 2288 1641 etiam
2312 1595 2568 1640 aureos
2592 1578 2682 1640 ad
2706 1577 2937 1641 debita
2963 1597 3163 1660 quae—

702 1689 866 1750 dam
899 1705 1026 1750 sua
1059 1686 1400 1750 solvenda
1432 1696 1502 1748 et
1539 1703 1699 1748 cum
1742 1685 1878 1747 hoc
1919 1702 2133 1749 onere
2174 1703 2373 1748 suam
2417 1686 2903 1765 possesionem
2939 1687 3167 1750 fratri·

709 1797 839 1857 bus
869 1796 1172 1874 reliquit.

829 1902 960 1964 175.
1050 1901 1369 1981 Quatuor
1385 1909 1505 1963 aut
1528 1918 1656 1963 sex
1679 1911 1923 1963 turcae
1947 1908 2016 1961 et
2039 1899 2333 1962 totidem
2355 1900 2473 1981 qui
2498 1900 2684 1980 apud
2701 1910 2941 1963 turcas
2960 1901 3165 1965 fidem

703 2010 1270 2088 abnegaverant,
1307 2026 1469 2070 cum
1499 2007 1588 2069 ad
1618 2006 2048 2086 baptismum
2079 2007 2338 2070 adduci
2379 2007 2603 2070 nostri
2635 2019 3030 2088 curassent,
3064 2010 3165 2072 lit·

703 2117 870 2179 teris
902 2117 1049 2178 suis
1077 2115 1154 2177 P.
1189 2116 1467 2195 Ignatio
1501 2113 2113 2190 commendarunt,
2149 2131 2313 2175 cum
2351 2113 2651 2177 Romam
2690 2115 3045 2194 venirent,
3091 2126 3166 2179 ut

704 2225 1001 2286 consilio
1031 2233 1101 2286 et
1130 2224 1399 2286 auxilio
1432 2232 1712 2284 teneras
1742 2222 2025 2301 plantas
2055 2221 2352 2284 foveret.

828 2331 962 2394 176.
1051 2332 1225 2394 Cum
1265 2331 1559 2393 recessit
1597 2329 1920 2392 Venetiis
1958 2328 2033 2391 P.
2077 2327 2407 2392 Andreas
2446 2329 2769 2409 FrusiuS,
2813 2331 2883 2394 id
2921 2340 3058 2410 est,
3100 2331 3169 2392 17

699 2437 1167 2516 Septembris,
1202 2455 1444 2500 secum
1473 2436 1763 2499 deduxit
1791 2436 2142 2519 Joannem
2181 2435 2609 2516 Baptistam,
2652 2439 3008 2517 quondam
3053 2437 3165 2500 he-

697 2545 1029 2623 braeum;
1061 2553 1161 2624 et,
1195 2553 1270 2607 ut
1302 2546 1450 2625 ipse
1480 2543 1940 2606 libentissime
1969 2543 2271 2606 Romam
2300 2544 2661 2623 veniebat,
2701 2545 2795 2606 ita
2826 2545 3166 2625 plurimos

700 2651 1021 2715 Venetiis
1060 2652 1370 2731 reliquit,
1415 2650 1535 2731 qui
1575 2668 1736 2714 cum
1773 2666 2037 2730 magno
2076 2651 2344 2714 doloris
2381 2668 2594 2714 sensu
2631 2650 2781 2732 ejus
2811 2669 3165 2716 recessum

699 2760 1051 2838 ferebant;
1086 2768 1153 2822 et
1183 2776 1345 2821 cum
1384 2759 1703 2821 ultimam
1743 2758 2159 2820 concionem
2200 2759 2563 2821 habuisset
2594 2760 2780 2847 apud
2810 2777 2965 2837 eOS,
2999 2778 3161 2841 quo-

695 2865 1074 2930 dammodo
1136 2866 1447 2946 seipsum
1498 2866 1700 2942 vicit,
1754 2883 1885 2927 nec
1936 2865 2183 2928 satiari
2223 2866 2580 2929 auditores
2630 2875 2958 2946 poterant
3006 2884 3162 2930 eam

694 2973 1283 3036 commendando,
1318 2972 1453 3052 Qui
1494 2982 1729 3035 tamen
1760 2981 2001 3034 tenere
2031 2989 2203 3051 prae
2242 2973 2543 3035 caeteris
2582 2973 2973 3036 discessum
3011 2992 3165 3037 sen·

695 3080 785 3143 sit
838 3081 1026 3143 illius
1082 3080 1232 3159 ipse
1285 3079 1634 3142 Dominus
1690 3079 1896 3142 Prior
1946 3078 2106 3158 fuit,
2160 3079 2280 3158 qui
2327 3079 2534 3159 flenS,
2589 3089 2665 3143 ut
2718 3082 2867 3160 ipse
2917 3082 3162 3144 scribit

693 3187 766 3249 P.
827 3188 1140 3267 Ignati0‚
1184 3196 1526 3266 tanquam
1562 3185 1775 3248 homo
1826 3185 2120 3249 orbatus
2158 3187 2643 3249 consolatione
2693 3189 2984 3250 relictus
3029 3197 3156 3251 est.

693 3293 831 3356 Sed
861 3304 1008 3357 tam
1040 3296 1190 3374 ipse
1223 3311 1434 3373 quam
1458 3292 1580 3355 alii
1604 3301 1676 3355 ut
1708 3292 1845 3355 Dei
1866 3293 2057 3354 servi
2081 3292 2538 3371 intelligendo
2560 3296 3004 3357 voluntatem
3027 3295 3159 3359 Dei

690 3419 816 3480 per
846 3401 921 3464 P.
957 3401 1309 3480 Ignatium
1348 3399 1564 3462 fuisse
1595 3400 2049 3478 explicatam,
2085 3417 2310 3480 aequo
2350 3399 2636 3463 tandem
2668 3402 2903 3464 animo
2943 3411 3010 3464 et
3039 3420 3157 3482 pa-

693 3508 891 3571 tienti
922 3508 1158 3570 omnia
1190 3508 1501 3570 tulerunt
1534 3505 1574 3569 ¹.

801 3615 938 3679 177.
1028 3614 1383 3695 Expedire
1406 3615 1641 3676 visum
1662 3613 1895 3676 fuerat
1925 3621 2001 3676 ut
2023 3613 2424 3677 Cardinalis
2453 3613 2931 3695 MaffaeuS,·ut
2959 3614 3157 3680 Sum-

690 3723 783 3785 mi
829 3722 1189 3785 Pontificis
1238 3720 1701 3795 SecretariuS‚
1743 3720 2053 3783 Domino
2101 3720 2332 3784 Priori
2371 3722 2710 3785 scriberet
2762 3733 3008 3801 petens
3065 3725 3156 3787 ad

689 3829 990 3908 Collegii
1016 3828 1427 3892 Germanici
1465 3827 1975 3891 institutionem
2004 3825 2081 3890 P.
2131 3827 2515 3908 Andream,
2565 3830 2689 3892 sed
2730 3831 2866 3893 hoc
2904 3848 3155 3910 parum

689 3938 920 4016 ipsum
948 3935 1266 3999 Priorem
1315 3944 1660 4013 moverat,
1696 3935 1814 4014 qui
1856 3934 2248 3998 rescribere
2288 3945 2357 3998 et
2394 3954 2470 3999 se
2508 3955 2853 4001 excusare
2897 3938 3153 4001 consti·

688 4052 959 4119 tuerat;
992 4053 1065 4106 at
1097 4044 1374 4107 litterae
1405 4043 1625 4122 ipsius
1647 4042 1722 4105 P.
1758 4042 2016 4121 Ignatii
2046 4060 2208 4105 eum
2229 4045 2640 4122 scrupulum
2669 4045 2733 4106 ei
2765 4044 3154 4124 injecerunt

689 4150 1115 4231 impediendi
1143 4148 1438 4229 majoris
1468 4150 1741 4229 gloriae
1770 4158 1842 4211 et
1871 4150 2147 4213 servitii
2174 4150 2347 4228 Dei,
2395 4160 2471 4213 ut
2501 4153 2786 4213 omnino
2818 4154 2969 4215 sine
3013 4156 3153 4217 ulla

688 4260 1148 4321 excusatione
1187 4258 1264 4321 P.
1316 4256 1681 4320 Andream
1732 4257 2067 4321 recedere
2109 4258 2542 4338 permiserit,
2595 4262 2922 4339 quamvis
2963 4270 3032 4324 et
3082 4262 3153 4324 in

769 4499 786 4531 ¹
847 4498 1116 4554 Polaticus,
1153 4511 1218 4543 ex
1255 4513 1405 4554 com„
1438 4501 1680 4544 Andreae
1709 4500 1753 4544 F
1756 4501 1912 4553 rusio,
1945 4506 2001 4544 ut
2035 4512 2089 4544 se
2123 4501 2189 4544 ad
2223 4502 2531 4545 veniendum
2564 4501 2780 4545 Romam
2813 4501 3070 4557 accingat.
3101 4510 3152 4547 et

691 4572 894 4615 modum
915 4573 1180 4626 mediaque
1201 4573 1447 4617 adhibeat
1468 4573 1651 4628 qulbus
1671 4572 1983 4616 patavinum
2005 4580 2057 4616 et
2078 4572 2338 4616 Venetam
2357 4571 2663 4627 Collegium.
2687 4585 2741 4617 se
2764 4576 3003 4627 absente,
3024 4577 3150 4619 bene

691 4644 990 4697 procedant,
1011 4644 1065 4687 26
1088 4643 1287 4698 Μαι-εἰη
1309 4644 1542 4698 Ignatius
1563 4645 1805 4688 Andreae
1825 4643 2138 4699 Lipomano,
2163 4644 2207 4688 F
2209 4645 2334 4688 rusii
2357 4656 2567 4699 operam
2588 4647 2936 4690 necessariam
2956 4647 3150 4690 Romae

689 4726 802 4758 esse
823 4716 1198 4765 demonstrans,
1220 4717 1273 4759 27
1294 4718 1535 4771 Augusti.
2660 4714 2669 4723 '
