3679 5414
643 454 646 455 ⁷
737 482 847 541 276
1643 481 1900 543 Canon.
1942 482 2097 544 Soc.
2139 484 2277 557 Jas,

735 628 994 692 vinciis
1021 628 1326 692 volebat.
1362 629 1539 693 Cum
1567 638 1806 692 autem
1832 647 1967 693 nec
1994 639 2290 693 vacaret
2319 629 2394 692 Ρ.
2430 629 2725 695 Claudio
2757 632 2830 694 in
2856 633 2993 696 hoc
3017 651 3193 714 opus

734 736 1251 800 conficiendum
1281 736 1711 815 incumbere,
1743 755 1877 800 nec
1905 737 2302 801 detrectare
2330 738 2684 817 integrum
2713 748 2921 818 esset,
2954 758 3044 804 ne
3072 739 3192 804 So-

731 844 1012 907 cietatis
1058 844 1489 907 existimatio
1541 845 1965 925 laederetur,
2007 845 2084 909 P.
2130 845 2408 925 Ignatio
2447 847 2733 925 scripsit
2773 849 3193 929 rogavitque

731 960 812 1014 ut
842 951 1053 1014 alicui
1082 949 1219 1013 hoc
1250 968 1426 1031 opus
1465 950 1980 1015 conficiendum
2019 955 2578 1034 commendaret;
2618 963 2690 1017 et
2726 955 2895 1045 quia
2932 956 3190 1021 intelle·

729 1065 937 1122 xerat
964 1059 1319 1137 cogitasse
1350 1058 1728 1139 aliquando
1757 1058 1833 1123 P.
1868 1059 2220 1139 Ignatium
2249 1060 2337 1123 de
2367 1060 2443 1123 P.
2483 1061 2755 1142 Jacobo
2786 1061 3072 1143 Laynez
3103 1063 3193 1127 ab

732 1167 890 1230 aliis
913 1165 1498 1246 occupationibus
1512 1166 1901 1247 liberand0‚
1920 1176 1996 1230 ut
2014 1166 2414 1247 huJusmodi
2438 1187 2614 1249 opus
2629 1169 3031 1249 conficeret,
3057 1171 3192 1234 hoc

728 1274 866 1353 ipsi
894 1282 1257 1354 tamquam
1284 1274 1492 1336 valde
1525 1282 2001 1355 opportunum
2030 1275 2103 1338 in
2132 1276 2548 1340 memoriam
2588 1277 2862 1356 redegit
2896 1275 2935 1340 ¹.

849 1379 990 1444 228.
1079 1379 1478 1460 Scripserat
1516 1382 1798 1462 quidem
1829 1382 2017 1445 idem
2043 1381 2119 1445 P.
2163 1383 2481 1463 Ignatius
2508 1384 2864 1447 Viennam
2894 1384 2978 1447 de
3009 1384 3188 1447 Aca-

725 1487 1000 1551 demiae
1040 1489 1226 1550 illius
1276 1487 1807 1566 reformatione,
1864 1497 1933 1551 et
1980 1489 2067 1552 de
2116 1491 2461 1569 omnibuS,
2514 1490 2728 1553 etiam
2776 1491 3188 1555 inferiorum

723 1596 1140 1658 facultatum
1182 1595 1732 1674 professoribuS,
1780 1596 2084 1675 scilicet,
2128 1597 2615 1677 philosophiae
2659 1616 2744 1661 ac
2794 1599 3188 1663 litterarum

730 1704 1227 1766 humaniorum
1256 1704 1792 1783 substituendiS‚
1835 1705 2269 1767 mentionem
2297 1705 2594 1784 fecerat,
2623 1705 3189 1785 quandoquidem

729 1810 995 1891 publici
1023 1810 1490 1891 professoreS,
1526 1811 1599 1873 in
1626 1811 1762 1874 fide
1789 1829 1934 1873 non
1963 1812 2257 1891 sinceri,
2295 1830 2441 1874 non
2469 1812 2896 1875 videbantur
2936 1813 3009 1875 id
3046 1830 3188 1875 mu-

729 1934 865 1980 nus
914 1918 1005 1980 ad
1055 1918 1427 1980 utilitatem
1470 1916 1863 1997 juventutis
1913 1918 2202 1997 obituri;
2254 1927 2325 1981 et
2380 1919 2484 1981 sic
2540 1919 2925 1982 instaurari
2980 1936 3188 1999 posse

727 2023 1130 2104 theologica
1160 2025 1394 2088 studia
1424 2026 1748 2088 Viennae
1778 2027 2256 2105 existimabat,
2292 2026 2353 2088 si
2383 2026 2472 2088 ab
2504 2026 2954 2091 inferioribus
2973 2026 3187 2090 facul-

732 2132 994 2195 tatibus
1013 2132 1190 2195 bene
1214 2133 1512 2195 instituti
1544 2134 1616 2196 in
1644 2134 1897 2195 litteris
1926 2142 1995 2196 et
2017 2133 2278 2212 pietate
2295 2132 2593 2213 J'uvenes
2616 2134 2975 2197 auditores
2998 2134 3187 2197 theo-

729 2240 964 2318 logiae
1009 2239 1275 2302 fierent.
1330 2239 1482 2302 Has
1524 2240 1795 2303 litteras
1849 2240 1922 2302 in
1960 2257 2359 2303 sermonem
2403 2241 2701 2303 latinum
2748 2257 3000 2304 versas
3049 2242 3185 2304 Do·

730 2346 923 2409 mino
977 2346 1234 2428 Jonae,
1296 2345 1772 2426 CancellariO,
1831 2363 2005 2427 erga
2063 2346 2487 2410 Societatem
2542 2348 2752 2411 valde
2815 2349 3180 2427 benevole,

726 2452 1064 2531 ostendit;
1117 2453 1242 2515 sed
1294 2453 1548 2517 durum
1596 2453 2001 2533 videbatur,
2035 2471 2166 2516 nec
2196 2453 2376 2533 Regi
2425 2462 2547 2517 aut
2595 2455 3187 2533 gubernatoribus

726 2559 1043 2623 civitatis
1084 2569 1366 2639 gratum
1395 2560 1738 2639 futurum,
1775 2562 1835 2624 si
1866 2570 2064 2624 tanta
2095 2570 2164 2624 et
2192 2570 2338 2624 tam
2380 2562 2613 2625 subita
2657 2563 3001 2625 lectorum
3040 2580 3183 2625 mur

733 2665 906 2729 tatio
937 2665 1163 2747 fieret,
1197 2676 1265 2730 et
1296 2668 1367 2730 in
1397 2667 1700 2731 aliorum
1737 2668 2194 2731 dimissorum
2231 2669 2465 2732 locum
2496 2666 2815 2732 Societas
2854 2670 3181 2733 succede-

722 2783 865 2852 ret;
897 2775 1131 2854 potius
1172 2775 1616 2855 professores
1654 2776 1810 2838 illos
1852 2777 1943 2839 ad
1988 2776 2343 2838 saniorem
2384 2785 2689 2839 mentem
2728 2777 3068 2840 reducere
3111 2778 3184 2839 in

722 2880 913 2944 votis
943 2890 1096 2944 erat
1124 2890 1192 2944 et
1222 2898 1467 2945 eorum
1496 2880 1706 2944 fidem
1735 2882 2132 2945 examinari
2160 2881 2315 2944 Rex
2342 2883 2659 2962 volebat,
2693 2892 2763 2946 et
2802 2884 2863 2945 si
2892 2882 3012 2961 qui
3039 2884 3182 2946 nol-

725 2991 872 3051 lent
899 2989 1348 3069 resipiscere,
1381 2998 1546 3052 tunc
1578 2989 1861 3052 demum
1890 2989 2232 3069 paulatim
2262 3007 2305 3052 a
2335 2991 2709 3070 profitendi
2746 3007 3037 3054 munere
3080 3009 3181 3054 re·

723 3097 999 3161 moveri
1027 3114 1150 3159 eos
1182 3096 1490 3177 optabat.
1525 3096 1811 3160 Interim
1837 3105 1911 3159 ut
1934 3097 2007 3158 in
2030 3096 2346 3176 Collegio
2369 3107 2614 3160 nostro
2644 3098 2920 3161 litterae
2940 3098 3181 3161 huma·

720 3205 961 3267 niores
992 3221 1075 3266 ac
1107 3204 1553 3284 philosophia
1597 3203 2042 3283 docerentur,
2090 3211 2239 3266 tum
2280 3213 2357 3266 ut
2396 3205 2777 3267 aemulatio
2821 3214 3070 3268 sancta
3112 3205 3184 3268 in

725 3311 1203 3374 saecularibus
1251 3310 1773 3391 professoribus
1822 3310 2276 3391 excitaretur,
2331 3321 2479 3374 tum
2528 3321 2636 3390 ut,
2684 3312 2745 3375 si
2790 3313 3184 3392 expellendi

721 3427 993 3497 essent,
1026 3417 1465 3498 professores
1494 3426 1778 3480 nostros
1809 3418 1947 3480 illis
1978 3419 2503 3482 substituendos
2540 3419 2630 3482 ad
2659 3436 2947 3482 manum
2974 3418 3180 3482 habe-

721 3533 855 3588 ret.
888 3525 976 3588 Et
1003 3525 1102 3587 ita
1132 3525 1217 3587 de
1248 3524 1511 3587 scholis
1536 3523 1861 3587 Viennae
1893 3524 2340 3588 instituendis
2370 3527 2490 3605 agi
2521 3535 2847 3606 coeptum
2876 3534 2983 3589 est
3014 3523 3054 3588 ³.

803 3712 820 3745 ¹
879 3711 1148 3767 Polancus,
1170 3723 1237 3756 ex
1257 3713 1650 3767 commissione,
1670 3712 1886 3756 Claudio
1905 3712 2037 3768 Jaio,
2058 3718 2114 3758 ut
2136 3714 2429 3768 theologiae
2445 3715 2799 3769 compendium
2821 3714 3058 3759 conficiat
3074 3715 3180 3769 ipse

721 3788 815 3827 aut
836 3784 1200 3828 conficiendum
1221 3786 1288 3828 ab
1308 3784 1801 3839 Ingolstadiensibus
1822 3784 2048 3837 (canisio
2070 3792 2123 3829 et
2143 3785 2411 3838 Gaudano)
2433 3792 2594 3840 curet,
2617 3786 2738 3830 licet
2755 3789 2821 3830 ab
2834 3786 3036 3841 Ignatio
3057 3787 3182 3830 data

718 3866 787 3898 ea
807 3856 1073 3909 provincia
1090 3857 1201 3911 jam
1220 3858 1287 3900 sit
1310 3856 1457 3900 Patri
1477 3856 1687 3910 Laynez
1702 3890 1712 3910 ,
1734 3856 1788 3900 24
1806 3855 2095 3900 Februarii.
2126 3855 2267 3901 Idem
2296 3857 2511 3902 Claudio
2530 3857 2668 3911 Jaio,
2701 3862 2758 3902 ut
2780 3859 2886 3912 ipse
2906 3869 3000 3913 per
3022 3870 3077 3902 se
3097 3860 3183 3902 vel

723 3938 818 3981 per
836 3928 968 3972 alios
987 3928 1276 3973 faciendum
1296 3935 1439 3972 curet
1460 3928 1753 3983 theologiae
1776 3940 1870 3983 pro
1892 3928 2172 3972 Germania
2193 3930 2566 3983 compendium,
2594 3930 2729 3985 quod
2758 3930 2931 3973 faeere
2950 3941 3050 3974 non
3068 3940 3184 3983 pos-

724 4002 843 4040 sunt
863 3996 1002 4051 liqui
1024 3997 1256 4042 Tridenti
1278 3998 1327 4042 in
1346 3999 1496 4041 rebus
1518 3997 1732 4047 Concilii
1755 3998 1907 4042 nimis
1935 4004 2053 4042 sunt
2084 3999 2355 4053 occupati,
2379 3999 2432 4042 22
2465 3998 2783 4054 Septembris
2812 4004 2865 4042 et
2899 4000 2948 4042 17
2967 3998 3184 4042 Novem·

719 4069 845 4113 bris.

802 4143 825 4175 2
879 4141 1112 4196 Ignatius
1133 4141 1479 4188 Romanorum
1499 4143 1632 4198 Regi
1662 4143 2012 4193 Ferdinando.
2041 4144 2292 4199 quomodo
2324 4143 2618 4198 theologica
2638 4144 2810 4187 studia
2830 4144 2882 4187 ln
2903 4144 3181 4189 Germania

721 4215 823 4259 slat
853 4214 1189 4257 instauranda
1204 4247 1214 4267 ,
1237 4214 1291 4259 25
1309 4215 1550 4268 Augusti.
1574 4215 1639 4260 V.
1664 4216 1855 4260 cartas
1888 4216 1969 4264 de,
1989 4216 2099 4260 San
2122 4215 2368 4269 Ignacio,
2388 4220 2426 4259 t.
2447 4226 2518 4268 w,
2540 4226 2661 4269 pag.
2689 4215 2770 4258 354
2798 4220 2851 4258 et
2870 4215 2965 4258 480.
2996 4217 3185 4262 Alcuni

719 4285 911 4331 ricordi
931 4297 1025 4340 per
1054 4296 1392 4340 promuovere
1414 4289 1493 4330 col
1514 4299 1684 4332 mezzo
1704 4288 1842 4332 della
1864 4287 2182 4342 compagnia
2203 4287 2240 4330 il
2260 4288 2386 4330 bene
2417 4297 2681 4330 commune
2713 4288 2794 4330 nel
2815 4288 3026 4341 negotio
3046 4287 3185 4332 della

721 4357 987 4411 religione.
1006 4358 1368 4411 specialmente
1390 4360 1527 4403 nella
1548 4359 1828 4418 Germania
1849 4360 2111 4414 superiore
2142 4365 2194 4402 et
2216 4359 2474 4403 inferiore.
2496 4358 2603 4402 Hos
2624 4364 2797 4403 tamen
2828 4359 3029 4403 ricordi
3056 4361 3185 4403 bene

718 4430 771 4473 in
794 4439 926 4472 anno
949 4429 1052 4472 1554
1072 4429 1266 4483 positos
1286 4429 1641 4474 existimamus
1660 4437 1712 4474 et
1732 4431 1941 4475 litteras
1961 4442 2119 4484 nune,
2138 4442 2272 4474 anno
2293 4430 2493 4474 scilicet
2516 4430 2644 4483 1551,
2677 4429 2808 4484 Regi
2839 4430 3185 4475 Romanorum

723 4501 876 4544 datas
895 4500 956 4543 de
977 4500 1133 4544 studii
1154 4500 1445 4555 theologiae
1463 4503 1830 4546 reformatione
1850 4503 2046 4547 similes
2065 4502 2168 4546 illis
2189 4502 2346 4545 fuisse
2362 4534 2373 4556 ,
2396 4512 2525 4556 quas
2554 4501 2717 4546 habes
2746 4502 2797 4544 in
2831 4501 3012 4546 eodem
3030 4513 3184 4557 opere

719 4572 929 4625 CartaS,
949 4581 984 4615 t.
1008 4583 1060 4625 n,
1082 4583 1201 4626 pag.
1221 4572 1303 4615 378
1322 4578 1375 4616 et
1393 4573 1490 4617 4⁶6.
1510 4574 1602 4618 Ait
1623 4575 1756 4618 enim
1779 4575 2032 4619 Polancus
2052 4575 2104 4617 in
2125 4573 2373 4627 Regesto,
2394 4574 2474 4618 die
2491 4573 2545 4617 20
2558 4572 2875 4626 Septembris
2898 4573 3016 4617 1551:
3036 4574 3110 4617 3.⁰
3131 4573 3183 4618 Si

713 4643 891 4687 serive
912 4644 984 4694 (al
1003 4642 1149 4687 Duca
1169 4643 1219 4686 di
1241 4643 1486 4697 Baviera)
1514 4645 1598 4688 del
1626 4647 1845 4691 mandar
1874 4647 2081 4692 Dottori
2114 4658 2143 4690 o
2175 4646 2414 4701 magistri
2448 4646 2504 4688 al
2534 4645 2685 4688 modo
2715 4644 2809 4689 che
2828 4644 2900 4700 st&
2934 4646 3123 4708 scritto
3151 4657 3183 4688 a

732 4707 936 4757 Vienna
957 4725 985 4757 e
1006 4715 1089 4758 del
1108 4715 1259 4759 modo
1279 4714 1592 4760 d’instaurar
1611 4718 1663 4761 la
1684 4718 1949 4773 theologia
1969 4719 2021 4763 in
2040 4711 2373 4772 Anemagnia
2391 4752 2402 4773 ,
2425 4712 2522 4762 ete.
2784 4713 2786 4715 ’
