3679 5414
1600 452 1724 511 Ax.
1772 452 1911 512 1552
2870 452 2980 513 711*

513 606 777 675 ment0,
811 605 880 661 et
909 614 1110 660 suam
1140 615 1433 677 operam
1463 599 1713 662 obtulit
1742 598 1831 661 ad
1863 599 2227 678 spirituale
2273 600 2493 680 ipsius
2535 601 2985 664 commodum

512 706 1076 785 promovendum
1104 713 1177 769 et
1198 706 1413 770 etiam
1437 706 1850 785 temporale.

634 812 775 875 639.
861 813 1252 876 Ferebatur
1280 814 1468 894 apud
1494 814 1749 892 vulgus
1771 812 2300 876 dissolvendam
2322 830 2478 876 esse
2505 831 2588 875 ea
2607 814 2679 876 in
2694 815 2979 893 provin·

499 918 628 981 eia
657 918 1106 1000 Societatem,
1141 932 1209 984 et
1239 921 1878 1001 Archiepiscopum
1915 921 2362 1000 prohibuisse
2392 920 2656 984 nostris
2686 939 2775 984 ne
2820 940 2985 985 con-

495 1028 999 1108 ·cionarentur,
1035 1046 1165 1092 nec
1207 1029 1686 1093 confessiones
1724 1028 2085 1106 audirent,
2130 1037 2253 1091 aut
2301 1028 2595 1091 Missam
2634 1029 2980 1107 dicerent,

516 1136 703 1215 quod
734 1143 970 1198 tamen
1001 1153 1250 1199 verum
1280 1154 1424 1199 non
1454 1144 1628 1199 erat.
1666 1134 1845 1199 Cum
1876 1133 2060 1198 hanc
2105 1136 2704 1217 perturbationem
2746 1152 2983 1199 rerum

514 1241 589 1305 P.
624 1242 853 1305 Miron
883 1243 1372 1323 intellexisset,
1407 1242 1692 1323 scripsit
1744 1242 1878 1305 sibi
1905 1242 2134 1305 videri
2176 1260 2308 1305 nec
2347 1242 2421 1305 P.
2461 1242 2987 1306 Gundisalvum·

515 1347 694 1429 Va2‚
742 1368 874 1412 nec
912 1350 988 1412 P.
1030 1349 1476 1429 Alphonsum
1515 1350 1771 1429 Tellez‚
1807 1367 1938 1413 nec
1988 1349 2188 1427 aliOS‚
2243 1350 2363 1430 qui
2413 1350 2483 1412 in
2529 1349 2986 1414 missionibus

514 1457 1010 1536 versabantur,
1044 1457 1135 1520 ad
1166 1456 1562 1538 Collegium
1595 1475 1750 1520 esse
1781 1456 2248 1535 revocandoS,
2274 1474 2364 1519 ne
2382 1455 2632 1537 jactati
2651 1456 2786 1520 hac
2809 1464 2981 1520 tem·

512 1572 790 1642 pestate
818 1563 999 1626 sorte
1029 1563 1430 1638 deficerent3
1468 1572 1537 1627 et
1572 1563 1904 1645 quamvis
1935 1580 2273 1642 magnum
2300 1562 2435 1626 Dei
2465 1562 2727 1627 donum
2766 1581 2984 1645 agno-

497 1670 778 1748 scebat,
812 1670 999 1750 quod
1031 1680 1338 1749 purgata
1369 1679 1558 1734 esset
1602 1669 1928 1735 Societas
1971 1670 2059 1733 ab
2097 1670 2498 1733 hominibus
2542 1688 2794 1750 parum
2837 1672 2982 1735 ido-

513 1776 666 1838 neis
696 1777 788 1840 ad
827 1777 1049 1856 ipsius
1088 1778 1519 1856 institutum,
1566 1777 1998 1857 suggerebat
2035 1776 2489 1840 nihilominus
2526 1777 2812 1841 Rectori
2853 1777 2980 1842 Co·

514 1882 1007 1946 nimbricensis
1039 1883 1344 1963 Collegii
1373 1894 1449 1948 ut
1481 1901 1645 1947 cum
1666 1884 1796 1962 his,
1826 1884 1945 1964 qui
1967 1884 2220 1965 reliqui
2243 1894 2468 1962 erant,
2493 1885 2797 1964 benigne
2819 1901 2980 1965 age-

513 1999 653 2068 ret,
688 1998 757 2053 et
796 1991 985 2071 quod
1027 1991 1481 2071 imperfectos
1520 1991 1931 2072 aliquandiu
1972 1990 2159 2053 ferre
2197 1990 2470 2054 solebat
2511 1991 2586 2054 P.
2637 1992 2978 2071 Ignatius,

500 2099 847 2178 quamdiu
881 2098 967 2161 de
998 2098 1171 2177 ipsis
1193 2096 1530 2177 juvandis
1561 2116 1726 2178 spes
1754 2106 1932 2160 erat.

536 2214 541 2217 “
633 2203 775 2266 640.
864 2204 1098 2268 Causa
1131 2205 1540 2268 mutationis
1570 2205 1642 2267 in
1673 2206 1827 2284 ipso
1857 2204 2052 2283 Rege
2083 2214 2150 2268 et
2182 2205 2338 2268 aliis
2365 2205 2811 2285 Principibus
2838 2222 2980 2267 non

513 2311 691 2374 levis
721 2320 896 2387 erat;
936 2329 1124 2390 nam,
1158 2321 1235 2374 ut
1262 2312 1652 2391 ferebatur,
1687 2312 1802 2375 ille
1841 2311 1917 2374 P.
1960 2311 2262 2374 Michael
2299 2310 2568 2374 Gomez
2608 2312 2763 2391 (qui
2803 2311 2981 2374 affir-

511 2419 751 2481 mabat
780 2419 916 2482 sibi
948 2436 989 2480 a
1019 2419 1094 2481 P.
1142 2417 1428 2482 Simone
1462 2420 1600 2481 tale
1637 2419 1803 2498 quid
1834 2417 2223 2498 injunctum
2265 2436 2407 2481 non
2445 2417 2685 2493 fuisse)
2733 2427 2983 2489 contra

496 2534 725 2605 caput
753 2524 1150 2605 SocietatiS,
1184 2525 1261 2587 Ρ.
1291 2526 1667 2605 Ignatium,
1698 2526 1956 2605 gravia
1979 2525 2327 2605 quaedam
2350 2526 2466 2587 vel
2486 2543 2613 2606 per
2643 2543 2718 2588 se
2749 2526 2981 2605 ipsum

509 2633 624 2695 vel
652 2650 780 2713 per
812 2634 1117 2714 aliquem
1148 2651 1237 2696 ex
1268 2633 1721 2713 magnatibus
1745 2632 2036 2695 auribus
2059 2631 2277 2713 Regis
2302 2633 2782 2712 impresserat.
2811 2630 2980 2696 Dux

509 2738 761 2804 Aveiri
791 2743 1061 2821 primus
1091 2742 1273 2804 inter
1296 2741 1428 2804 hos
1453 2741 1894 2804 credebatur.
1925 2739 2368 2820 Objiciebant
2390 2740 2466 2803 P.
2495 2740 2770 2818 Ignatio
2794 2741 2980 2820 quod

511 2845 927 2910 ambitiosus
959 2858 1177 2927 esset,
1212 2858 1279 2910 et
1312 2849 1380 2911 id
1409 2847 1805 2928 probabant
1836 2865 1928 2910 ex
1958 2847 2407 2910 matrimonio
2446 2846 2734 2910 Domini
2770 2847 2978 2930 Joan·

498 2953 622 3016 ‘nis
665 2954 750 3017 de
789 2955 1056 3035 Borgia
1106 2973 1267 3018 cum
1314 2954 1624 3018 Domina
1667 2954 1940 3018 Domus
1969 2954 2306 3034 Loyolae,
2341 2963 2409 3016 et
2438 2954 2981 3033 exaggerabant

498 3061 697 3138 quod
745 3077 906 3123 cum
946 3071 1113 3124 vota
1154 3060 1532 3125 Societatis
1570 3062 1685 3124 ille
1736 3062 2088 3125 emisisset
2137 3059 2350 3141 (quod
2400 3069 2639 3123 tamen
2686 3078 2830 3124 non
2873 3062 2974 3123 ita

497 3168 713 3247 erat),
749 3175 986 3230 tamen
1015 3186 1314 3231 uxorem
1352 3168 1609 3232 ducere
1649 3178 1934 3247 neptem
1975 3168 2196 3248 ipsius
2225 3167 2302 3229 P.
2338 3166 2595 3247 Ignatii
2626 3168 2972 3230 voluerat.

512 3271 890 3336 Addebant
920 3274 989 3336 id
1020 3290 1236 3352 agere
1268 3275 1590 3338 eumdem
1629 3274 1707 3336 P.
1741 3273 2096 3354 Ignatium
2124 3274 2605 3353 utpecuniam
2633 3291 2721 3336 ex
2753 3290 2975 3353 regno

511 3378 989 3459 portugalliae
1019 3381 1090 3443 in
1128 3381 1305 3443 alias
1341 3380 1757 3444 Provincias
1797 3380 2238 3459 transferret,
2282 3389 2350 3443 et
2389 3379 2577 3459 quod
2614 3379 2689 3442 Ρ.
2733 3378 2975 3443 Simon
3017 3414 3023 3420 ·

511 3484 663 3564 ejus
691 3487 1063 3550 conatibus
1093 3488 1481 3551 obstitisset
1513 3488 1583 3550 in
1622 3488 1757 3550 hac
1805 3497 2043 3567 parte,
2079 3486 2585 3565 constitutioni,
2629 3503 2809 3566 quae
2838 3485 2975 3550 hoc

495 3593 981 3672 permittebat,
1005 3594 1493 3674 repugnandO,
1512 3603 1581 3657 et
1605 3595 1695 3657 ob
1718 3612 1878 3657 eam
1901 3612 2194 3658 causam
2216 3594 2304 3657 ab
2329 3592 2555 3656 officio
2579 3594 2976 3673 depositum

507 3698 745 3763 fuisse.
780 3701 1021 3764 Tertio
1052 3702 1236 3764 hanc
1268 3719 1422 3765 esse
1453 3700 1763 3782 ejusdem
1791 3702 1867 3764 P.
1902 3701 2158 3780 Ignatii
2196 3709 2502 3764 mentem
2534 3710 2611 3765 ut
2651 3702 2975 3765 homines

500 3803 649 3885 jam
677 3808 749 3870 in
779 3809 1031 3872 litteris
1060 3809 1421 3872 institutos
1456 3827 1550 3872 ex
1579 3808 2018 3887 Portugallia
2048 3809 2187 3871 alio
2226 3818 2594 3887 avocaret,
2638 3819 2706 3871 et
2745 3816 2970 3871 exter·

505 3930 638 3975 nos
666 3907 879 3978 studii
908 3916 1145 3993 gratia
1175 3916 1245 3978 in
1278 3916 1784 3996 Portugalliam
1813 3916 2144 3993 mitteret;
2179 3923 2246 3978 et
2276 3915 2414 3978 alia
2445 3925 2815 3994 praeterea
2838 3916 2975 3994 piis

506 4020 795 4084 auribus
820 4021 1226 4102 Principum
1251 4023 1528 4086 illorum
1550 4021 1950 4102 hujusmodi
1969 4021 2426 4100 instillabant,
2455 4023 2575 4103 qui
2598 4023 2732 4084 hoc
2755 4037 2972 4099 agere

503 4142 631 4205 per
660 4126 1062 4224 hujlusmodi
1093 4129 1485 4192 calumnias
1515 4129 1940 4192 videbantur
1979 4137 2055 4192 ut
2092 4128 2167 4190 P.
2211 4126 2456 4191 Simon
2497 4128 2586 4191 ad
2625 4127 2968 4206 guberna-

501 4233 767 4297 tionem
799 4235 982 4297 illius
1014 4235 1436 4298 Provinciae
1466 4234 1751 4298 rediret.
1784 4235 2034 4315 Coepit
2064 4244 2299 4297 autem
2331 4233 2483 4297 Rex
2523 4235 2673 4312 ipse
2704 4234 2968 4313 aliquid

502 4339 755 4403 horum
778 4341 1182 4420 significare
1206 4342 1279 4405 P.
1308 4341 1365 4404 F
1369 4342 1695 4406 rancisco
1724 4343 2098 4422 Enriquez,
2126 4359 2287 4405 cum
2311 4340 2400 4404 ad
2424 4342 2653 4420 ipsum
2676 4350 2968 4420 propter

492 4447 852 4526 quaedam
883 4450 1170 4526 negotia
1200 4449 1534 4528 venisset3
1568 4449 1877 4513 mediam
1905 4449 2162 4512 etenim
2191 4448 2650 4511 narrationen
2688 4447 2838 4527 ejus
2865 4447 2964 4509 in·

499 4560 967 4634 terrumpenS,
1003 4566 1463 4635 percontatus
1493 4564 1601 4618 est
1632 4556 1752 4619 ubi
1782 4563 1969 4618 esset
1998 4554 2348 4618 Dominus
2379 4553 2716 4633 Didacus,
2754 4571 2964 4634 quem

487 4660 821 4723 audierat
853 4661 923 4723 in
963 4660 1289 4740 Regnum
1329 4661 1680 4726 Castellae
1717 4662 1935 4725 ivisse
1976 4662 2127 4737 (hic
2161 4661 2445 4741 juvenis
2482 4661 2736 4724 nobilis
2773 4671 2841 4724 et
2887 4662 2962 4724 in
