3679 5414
724 439 835 495 4⁷42
1640 439 1895 495 Cnaox.
1937 437 2090 496 Soc.
2132 439 2273 510 jas.

726 584 1156 647 monachum
1202 582 1578 661 quemdam
1619 584 2022 646 consuleret
2059 601 2152 645 an
2189 582 2715 645 Eucharistiam
2756 581 3059 646 adorare
3092 584 3203 647 de-

724 691 947 768 beret,
980 707 1401 770 responsum
1425 689 1559 753 hoc
1590 690 1678 752 ab
1709 707 1793 752 eo
1824 691 2132 770 accepit3
2167 689 2645 752 idololatriam
2679 689 2748 752 id
2778 689 2928 753 fore
2956 689 2997 753 ¹.

854 798 989 861 155.
1078 796 1423 876 Quamvis
1452 806 1691 860 autem
1721 798 1794 860 hi
1825 797 2091 878 aliquid
2135 797 2406 877 negotii
2435 797 2513 861 P.
2555 796 2890 860 Andreae
2921 799 3203 861 exhibe-

725 914 905 985 rent,
954 902 1185 983 majus
1224 913 1461 967 tamen
1501 905 1820 968 exhibuit
1863 905 2147 985 quidam
2186 904 2643 985 anabaptista
2684 905 2801 984 qui
2840 914 2910 967 et
2941 905 3204 968 Christi

723 1012 1171 1075 divinitatem
1203 1019 1271 1075 et
1303 1012 1565 1074 Beatae
1587 1011 1841 1075 Matris
1865 1011 2014 1092 ejus
2042 1012 2533 1091 virginitatem
2555 1012 2865 1091 negabat
2889 1029 3018 1075 nec
3042 1011 3203 1075 dae-

725 1120 964 1182 monia
996 1137 1153 1182 esse
1184 1120 1324 1182 alia
1356 1137 1569 1199 quam
1612 1119 1850 1182 carnis
1889 1119 2372 1199 prudentiam,
2416 1136 2547 1182 nec
2591 1121 2772 1182 ullos
2813 1119 3204 1183 exteriores

652 1216 656 1221 ⁴
725 1234 952 1304 actuS,
974 1244 1062 1289 ne
1093 1227 1373 1306 quidem
1394 1226 1680 1305 signum
1702 1226 1960 1306 cruciS,
1988 1226 2425 1289 admittebat.
2453 1225 2588 1288 Hic
2607 1225 3204 1289 obstinatissimus

724 1334 799 1397 in
839 1334 1164 1397 custodia
1199 1334 1478 1414 publica
1522 1334 1988 1412 detinebatur,
2035 1332 2158 1396 sed
2202 1351 2333 1396 nec
2363 1333 2602 1412 ignem
2640 1333 2775 1396 sibi
2813 1332 3202 1396 timendum

727 1459 887 1504 esse
918 1441 1392 1504 existimabat.
1423 1440 1602 1504 Cum
1632 1449 1870 1504 autem
1899 1441 1970 1503 in
1999 1441 2325 1504 morbum
2357 1440 2722 1504 incidisset
2752 1449 2853 1521 et,
2901 1441 3202 1505 vadibus

724 1548 935 1626 datiS,
966 1548 1055 1610 ad
1080 1565 1338 1628 corpus
1363 1547 1752 1611 curandum
1778 1567 1816 1610 e
1839 1548 2165 1611 custodia
2189 1549 2448 1611 missus
2473 1557 2680 1627 esset,
2709 1548 2993 1628 saepius
3015 1566 3058 1610 a
3080 1565 3199 1611 no-

723 1656 921 1733 striS,
981 1673 1065 1717 ac
1098 1655 1476 1735 praecipue
1509 1674 1551 1717 a
1594 1653 1668 1718 P.
1722 1650 2047 1733 Andrea,
2094 1656 2557 1734 compellatus
2595 1672 2681 1717 ac
2722 1655 2808 1717 de
2840 1655 3202 1718 erroribus

723 1763 1119 1841 convictuS,
1148 1780 1271 1825 eos
1294 1779 1690 1841 agnoscere
1719 1762 2094 1825 videbatur
2118 1771 2373 1825 etcum
2390 1762 2628 1825 animo
2645 1762 2979 1825 haereses
3008 1762 3195 1842 abjn·

721 1870 929 1933 randi
958 1869 1246 1933 relictus
1277 1878 1404 1931 est.
1438 1866 1577 1932 Sed
1608 1887 1768 1932 cum
1801 1870 1997 1931 illum
2025 1869 2237 1948 paulo
2268 1878 2428 1948 post
2456 1870 2685 1932 nostri
2715 1869 3102 1932 inviserent
3131 1879 3201 1932 et

722 1978 794 2039 in
823 1977 1010 2040 bono
1040 1976 1403 2056 proposito
1434 1975 1857 2038 confirmare
1887 1977 2181 2055 vellent,
2215 1974 2417 2055 pejus
2445 1993 2658 2055 quam
2692 1993 3004 2055 unquam
3034 1975 3196 2039 affe-

719 2092 914 2146 ctum
942 2084 1398 2162 invenerunt,
1436 2082 1552 2162 qui
1585 2081 1671 2145 de
1702 2082 1968 2145 nostris
1997 2082 2213 2145 etiam
2241 2082 2808 2162 conquerebatur
2844 2084 3034 2164 quod
3063 2084 3196 2146 dis—

719 2191 1115 2253 suasissent
1160 2190 1551 2269 opiniones,
1609 2206 1786 2267 quas
1832 2189 1982 2266 ipse
2029 2189 2333 2266 tenebat,
2383 2198 2449 2251 et
2495 2189 2614 2251 illa
2644 2198 2854 2252 nocte
2902 2190 3079 2252 dixit
3121 2208 3197 2253 se

722 2297 952 2360 Deum
982 2298 1280 2375 vidisse,
1324 2296 1440 2375 qui
1492 2296 1895 2358 minabatur
1934 2295 1999 2358 ei
2038 2304 2108 2358 et
2147 2295 2608 2359 vehementer
2649 2297 2960 2360 terrebat
3008 2296 3197 2377 quod

720 2386 1096 2467 veritatem
1129 2413 1417 2483 propter
1457 2410 1869 2465 nostrorum
1897 2403 2120 2465 verba
2150 2402 2583 2482 reliquisset,
2630 2422 2760 2466 nec
2798 2403 3051 2467 Patres
3076 2421 3195 2466 no·

721 2521 910 2574 stros
936 2511 1181 2573 audire
1205 2528 1335 2573 nec
1365 2510 1632 2589 videre,
1660 2509 1785 2572 sed
1809 2519 2108 2572 mortem
2119 2511 2590 2590 quantumvis
2614 2527 2912 2589 gravem
2940 2530 3015 2574 se
3040 2511 3194 2573 sub·

721 2618 824 2680 ire
862 2619 1067 2681 velle.
1118 2617 1317 2680 Licet
1366 2627 1602 2680 autem
1650 2616 1974 2679 diabolus
2021 2616 2155 2679 hoc
2202 2617 2411 2679 modo
2452 2618 2789 2680 miserum
2838 2618 3194 2681 hominem

721 2727 1126 2804 seduxerat,
1159 2725 1425 2804 placuit
1455 2733 1692 2787 tamen
1722 2723 2009 2787 divinae
2048 2724 2348 2787 bonitati
2380 2741 2538 2786 eum
2569 2742 2658 2786 ex
2690 2725 2840 2805 ejus
2869 2725 3195 2789 faucibus

718 2834 1017 2913 eripere,
1053 2842 1121 2895 et
1161 2841 1408 2895 contra
1440 2831 1591 2912 ejus
1625 2832 2169 2895 obstinationem
2214 2841 2660 2895 constantem
2689 2833 2916 2895 zelum
2948 2833 3195 2896 salutis

719 2939 870 3019 ejus
901 2939 1097 3003 Patri
1120 2939 1453 3002 Andreae
1483 2939 1696 3017 dedit,
1732 2940 1854 3019 qui
1884 2940 1974 3001 ab
2005 2956 2089 3000 eo
2114 2956 2252 3001 non
2285 2940 2579 3001 recessit
2618 2940 2841 3002 donec
2881 2941 2973 3018 id,
3009 2940 3195 3019 quod

720 3047 1035 3127 optabat,
1070 3046 1416 3109 obtineret
1448 3054 1516 3108 et
1562 3046 1677 3109 ille
1716 3046 1994 3126 publice
2039 3063 2208 3108 suos
2251 3062 2537 3108 errores
2586 3064 2748 3109 cum
2782 3063 3043 3125 magna
3076 3065 3192 3110 au-

720 3155 1061 3218 dientium
1101 3153 1590 3216 aedificatione
1632 3150 2014 3231 abJuraret.
2057 3151 2390 3215 Mulieres
2428 3153 2643 3215 etiam
2686 3154 2965 3233 aliquae
3005 3171 3191 3216 erro·

718 3263 914 3326 ribus
958 3261 1292 3338 infectae,
1336 3261 1425 3323 ab
1464 3260 1566 3323 eis
1606 3268 1988 3323 revocatae
2036 3258 2126 3323 ad
2175 3259 2538 3323 Ecclesiae
2579 3262 2929 3339 gremium
2971 3262 3190 3324 redie-

719 3379 882 3432 runt
903 3368 950 3430 ².

843 3476 977 3538 156.
1067 3475 1371 3555 Quidam
1402 3475 1663 3536 multos
1694 3491 1921 3536 annos
1965 3474 2440 3540 concubinam
2488 3484 2844 3555 tenuerat,
2878 3478 2989 3540 vir
3024 3477 3189 3540 alio-

714 3584 834 3664 qui
885 3601 1028 3646 non
1078 3582 1427 3662 ignobilis
1474 3579 1541 3644 Is
1587 3597 1747 3643 curn
1789 3581 1862 3642 in
1906 3581 2221 3659 periculo
2264 3584 2513 3645 mortis
2553 3583 2980 3646 constitutus
3031 3601 3191 3646 eam

715 3691 1130 3770 dimisisset,
1185 3689 1677 3752 exhortatione
1729 3685 2029 3767 alicujus
2079 3707 2170 3751 ex
2224 3690 2488 3752 nostris
2538 3700 2918 3770 permotuS,
2975 3709 3189 3756 sanus

719 3799 1005 3861 tandem
1045 3797 1323 3860 animae
1363 3814 1536 3858 suae
1566 3795 1780 3858 etiam
1818 3795 1978 3858 aliis
2008 3797 2080 3858 in
2110 3797 2321 3860 rebus
2356 3798 2706 3861 consuluit
2737 3808 2805 3861 et
2843 3816 3003 3861 cum
3047 3817 3187 3862 ma·

718 3922 863 3984 gno
894 3904 1111 3966 animi
1151 3905 1394 3966 dolore
1431 3902 1798 3966 consessus
1839 3912 1967 3965 est.
2012 3902 2217 3965 Alius
2248 3903 2461 3966 etiam
2491 3904 2780 3984 majoris
2811 3907 3187 3969 auctorita·

720 4012 847 4089 tiS,
866 4011 1185 4087 generali
1209 4010 1654 4073 confessione
1686 4010 2031 4090 instituta,
2067 4010 2356 4074 divitias
2387 4012 2919 4075 misericordiae
2952 4022 3021 4076 et
3042 4014 3187 4076 lon·

717 4119 1162 4199 ganimitatis
1210 4117 1345 4180 Dei
1385 4135 1469 4192 ac
1514 4117 1721 4180 simul
1754 4117 2068 4198 justitiae
2118 4119 2454 4198 ostendit,
2501 4120 2622 4199 qui
2665 4121 2982 4198 permisit
3029 4138 3189 4183 eum

802 4324 819 4355 ¹
878 4323 1148 4374 Polancus,
1173 4333 1238 4365 ex
1258 4333 1407 4374 com„
1429 4322 1669 4366 Andreae
1686 4321 1887 4374 Frusio.
1907 4328 1962 4367 ut
1978 4324 2028 4366 in
2046 4324 2376 4368 absolvendis
2396 4324 2677 4369 haereticis
2698 4334 2750 4369 et
2767 4328 2968 4380 publice
2989 4339 3190 4371 excom-

718 4395 1020 4446 municatis,
1041 4394 1278 4449 quamvis
1296 4394 1344 4437 ei
1365 4394 1545 4446 liceat,
1568 4394 1746 4437 videat
1768 4401 1945 4437 tamen
1974 4406 2041 4438 an
2072 4395 2314 4450 expediat
2344 4396 2396 4439 id
2425 4407 2582 4450 agere
2614 4399 2807 4451 absque
2840 4398 3020 4444 Nuncii
3055 4401 3188 4454 Apo-

720 4465 891 4509 stolici
914 4471 1004 4508 aut
1026 4465 1351 4520 Inquisitoris
1372 4465 1558 4508 notitia
1575 4471 1626 4508 et
1646 4466 1800 4508 venia
1815 4498 1825 4516 ,
1848 4466 1876 4507 9
1896 4465 2109 4520 Aprilis.

800 4538 823 4568 ²
877 4536 1145 4590 Polancus,
1167 4547 1233 4579 ex
1254 4547 1402 4586 com„
1425 4536 1666 4579 Andreae
1687 4535 1873 4580 Frusio
1896 4543 1953 4580 ut
1973 4538 2024 4580 in
2047 4538 2108 4582 iis
2130 4550 2260 4592 quae
2283 4541 2347 4583 ad
2370 4541 2636 4594 cujusdam
2652 4543 3014 4597 anabaptistae
3038 4543 3188 4586 redu·

717 4607 942 4651 ctionem
962 4609 1026 4652 ad
1049 4608 1337 4652 catholicae
1360 4608 1627 4651 Ecclesiae
1645 4609 1897 4662 gremium
1913 4611 2172 4662 praestari
2195 4617 2451 4664 oporteat,
2473 4613 2676 4656 omnino
2700 4613 3063 4668 Inquisitorem
3074 4627 3189 4659 con·

718 4679 858 4722 sulat
879 4680 1098 4733 ejusque
1122 4679 1309 4729 iudicio
1330 4691 1383 4722 se
1405 4680 1512 4733 regi
1538 4681 1700 4728 sinat,
1722 4681 1749 4721 9
1770 4678 1959 4724 Martii.
