3679 5414
1617 464 1746 523 AN.
1793 463 1934 523 1552
2898 461 3007 519 497

652 612 793 675 204.
888 610 1032 675 Sub
1063 612 1336 673 initium
1379 611 1640 674 mensis
1682 609 1853 690 Maji
1883 609 1959 672 P.
2009 609 2458 687 PaschasiuS,
2503 618 2670 689 tunc
2712 607 3001 670 Provin-

535 720 758 798 cialiS,
809 719 899 781 ad
943 719 1374 782 visitandum
1417 717 1813 797 Collegium
1852 717 2291 780 bononiense
2332 734 2409 779 se
2447 716 2764 778 contulit.
2806 716 3006 778 Tunc

538 838 777 891 autem
808 843 1026 905 aegre
1057 835 1126 888 et
1159 843 1320 888 cum
1343 826 1683 905 lacrymis
1711 824 1799 886 ab
1821 824 1934 886 his
1957 823 2288 887 dimissus
2318 832 2446 901 est,
2475 823 2593 903 qui
2616 821 2766 901 ejus
2789 839 3007 902 opera

539 937 613 998 in
649 934 904 1014 spiritu
953 932 1276 1012 adjuvari
1316 932 1669 1010 solebant;
1714 929 1943 1011 major
1981 940 2223 994 tamen
2266 931 2585 993 molestia
2626 940 3008 992 consecuta

538 1052 665 1121 est,
693 1058 857 1104 cum
885 1042 956 1102 in
980 1040 1308 1119 Galliam,
1336 1048 1410 1102 ut
1433 1038 1859 1102 Parisiensis
1885 1038 2183 1117 Collegii
2205 1055 2448 1100 curam
2472 1046 2773 1116 gereret,
2801 1036 3005 1100 desti-

537 1158 749 1211 natus
779 1157 907 1210 est.
947 1147 1125 1210 Cum
1155 1147 1340 1209 enim
1369 1145 1444 1208 P.
1482 1146 1803 1226 Baptista
1835 1145 2048 1209 Viola
2077 1162 2361 1224 semper
2399 1145 2704 1208 adversa
2746 1145 3007 1208 valetu-

537 1256 701 1318 dine
728 1264 1193 1334 premeretur,
1227 1272 1385 1316 eum
1416 1254 1489 1316 in
1532 1254 1812 1317 Italiam
1851 1270 2215 1332 revocare,
2260 1262 2359 1331 et,
2395 1262 2469 1315 ut
2512 1253 2773 1315 nostris
2811 1271 3011 1334 prae·

540 1372 748 1440 esset,
782 1361 857 1425 P.
888 1362 1353 1424 Paschasium
1375 1362 1655 1424 mittere
1679 1361 1770 1423 ad
1802 1359 1938 1423 Dei
1961 1361 2264 1439 gloriam
2300 1359 2452 1423 fore
2479 1358 2932 1439 judicabatur
2968 1357 3008 1422 ¹.

662 1469 803 1532 205.
895 1469 1138 1548 Itaque
1170 1468 1569 1530 obedientia
1612 1477 1863 1530 sancta
1907 1468 2044 1531 hoc
2076 1468 2210 1529 iter
2251 1465 2446 1530 Patri
2484 1467 2869 1530 Paschasio
2915 1467 3011 1529 in-

535 1577 800 1657 junxit3
858 1576 1047 1656 quod
1098 1592 1259 1637 cum
1303 1575 1800 1637 Ferrarienses
1853 1574 2392 1652 intellexissent,
2443 1574 2698 1636 mirum
2729 1583 2836 1636 est
2875 1590 3012 1653 quo

546 1684 803 1747 affectu
832 1700 1196 1746 recessum
1219 1680 1366 1761 ejus
1397 1680 1736 1761 impedire
1760 1681 1901 1744 sint
1945 1682 2206 1744 conati.
2243 1682 2534 1759 Longas
2572 1680 2845 1744 litteras
2877 1680 3013 1742 Do-

544 1791 775 1854 minus
827 1790 1234 1853 Alexander
1274 1789 1623 1852 Fiaschus
1661 1789 1859 1852 Patri
1897 1789 2173 1867 Ignatio
2226 1788 2540 1868 scripsit,
2584 1796 2653 1850 et
2692 1787 2897 1850 enixe
2941 1798 3016 1851 ut

543 1898 920 1961 Ferrariae
978 1897 1406 1977 relinqueret
1463 1895 1537 1958 P.
1594 1895 2066 1958 Paschasium
2118 1894 2387 1957 orabat.
2446 1893 2750 1957 Domina
2802 1894 3016 1957 etiam

538 2006 789 2084 Maria,
829 2022 1010 2085 quae
1043 2004 1405 2067 fundatrix
1444 2003 1684 2066 futura
1715 2020 1874 2065 esse
1906 2002 2203 2081 Collegii
2250 2001 2698 2065 ferrariensis
2736 2001 3014 2064 videba-

541 2122 685 2190 tur,
731 2129 895 2174 cum
953 2112 1144 2173 nullo
1197 2111 1404 2174 modo
1445 2128 1521 2173 se
1570 2110 2134 2173 consolationem
2184 2119 2304 2172 aut
2346 2111 2650 2190 quietem
2697 2109 3019 2172 invenire

539 2236 747 2299 posse
776 2219 849 2280 in
878 2219 1014 2280 hac
1045 2218 1121 2281 P.
1155 2217 1522 2280 Paschasii
1551 2217 1988 2298 profectione
2025 2216 2428 2297 scripsisset
2459 2226 2527 2279 et
2558 2235 2759 2296 spem
2800 2216 3018 2280 Colle-

538 2325 637 2405 gii
674 2326 1041 2402 fundandi,
1097 2342 1311 2404 quam
1348 2334 1796 2403 conceperat,
1845 2333 1946 2387 tot
2004 2323 2430 2386 clamoribus
2465 2323 2833 2399 hominum
2870 2341 2912 2385 a
2943 2340 3020 2387 se

540 2432 804 2496 auferri
836 2441 1406 2511 conquereretur,
1442 2441 1511 2493 et
1540 2449 1668 2494 suo
1700 2448 1786 2494 ac
1826 2431 2149 2494 civitatis
2188 2431 2375 2493 illius
2408 2431 2691 2494 nomine
2732 2441 3019 2511 rogaret

540 2559 627 2603 ne
657 2541 821 2603 inde
852 2539 1249 2602 auferretur
1278 2537 1354 2601 P.
1397 2537 1846 2617 PaschasiuS,
1885 2555 2312 2619 responsum
2342 2540 2608 2618 aliquot
2631 2539 2782 2601 dies
2811 2538 3021 2601 Pater

540 2647 860 2727 Ignatius
898 2647 1187 2710 distulit.
1221 2646 1509 2709 Interim
1541 2663 1702 2709 cum
1729 2646 1960 2726 prima
2002 2645 2413 2709 obedientia
2453 2655 2741 2727 urgeret
2781 2645 2857 2710 P.
2893 2646 3017 2710 Pa-

542 2755 907 2817 schasium
939 2755 1029 2817 ad
1063 2771 1452 2833 recessum,
1488 2752 1610 2816 sed
1638 2755 2065 2834 importunis
2086 2754 2413 2835 precibus
2436 2763 2669 2817 motus
2696 2772 2841 2817 non
2870 2755 3022 2818 sine

543 2864 875 2941 scrupulo
929 2862 1407 2924 conscientiae
1450 2862 1718 2940 aliquot
1775 2860 1926 2923 dies
1970 2861 2426 2939 substitisset,
2470 2862 2681 2941 paulo
2721 2871 2883 2941 post
2920 2879 3023 2925 se-

546 2968 853 3031 cundum
903 2979 973 3031 et
1026 2969 1315 3032 tertium
1366 2969 1771 3047 exemplum
1821 2964 2143 3046 ejusdem
2193 2967 2634 3030 obedientiae
2678 2969 2884 3031 simul
2932 2970 3025 3032 ad

546 3094 707 3139 eum
737 3085 1248 3156 pervenerunt3
1283 3074 1471 3137 unde
1501 3093 1648 3137 non
1682 3075 1988 3155 amplius
2019 3066 2494 3137 cunctandum
2525 3084 2743 3153 ratuS,
2779 3076 3026 3139 amicis

545 3183 979 3262 valedicenS,
1013 3183 1248 3246 itineri
1278 3199 1353 3244 se
1387 3182 1721 3260 accinxit,
1749 3191 1818 3244 et
1850 3181 1951 3243 2Άι
1983 3180 2095 3243 die
2117 3182 2304 3264 Junii
2331 3199 2489 3245 cum
2523 3198 2784 3260 magno
2814 3199 3029 3245 sensu

546 3291 1021 3371 spiritualium
1053 3290 1443 3353 amicorum
1473 3289 1785 3352 Parisios
1816 3288 2149 3351 discessit
2180 3287 2226 3350 ².

546 3495 633 3549 qui
668 3496 798 3538 domi
832 3497 1036 3548 legunt,
1072 3495 1202 3538 alios
1233 3495 1454 3537 lectores
1476 3494 1655 3537 audire
1685 3494 2005 3547 quandoque,
2028 3499 2084 3537 ut
2108 3494 2220 3548 quis
2258 3494 2435 3537 modus
2457 3495 2523 3538 ab
2543 3493 2608 3537 iis
2628 3495 2679 3538 in
2710 3495 2936 3539 docendo
2957 3503 3032 3539 te·

548 3571 734 3610 neatur
755 3567 1046 3620 inspiciant.
1067 3566 1094 3608 6
1113 3565 1403 3608 Februarii.
1426 3565 1694 3618 Polancus,
1732 3575 1797 3608 ex
1831 3576 1982 3618 com„
2021 3563 2303 3608 Paschasio
2339 3565 2496 3609 Broet
2513 3598 2524 3619 ,
2555 3577 2617 3609 ne
2638 3567 2800 3610 iidem
2821 3567 2925 3609 sint
2946 3579 3033 3621 pu·

548 3638 678 3681 blice
699 3640 922 3681 lectores
942 3644 994 3681 et
1015 3637 1266 3691 discipuli,
1288 3637 1377 3680 sed
1398 3638 1441 3680 si
1462 3636 1545 3681 cui
1565 3638 1726 3681 otium
1745 3643 1863 3691 post
1885 3636 2095 3680 scholae
2117 3637 2326 3680 labores
2347 3643 2610 3691 suppetat,
2638 3638 2760 3681 huic
2784 3639 3032 3693 privatim

547 3710 744 3763 aliquid
767 3710 868 3763 legi
893 3709 1070 3764 possit,
1096 3709 1145 3751 12
1170 3708 1364 3752 Martii.

634 3782 652 3814 ¹
710 3779 945 3834 Ignatius
964 3780 1246 3824 Paschasio
1267 3781 1440 3831 Broet,
1459 3785 1516 3823 ut
1538 3778 1869 3823 Provinciam
1887 3779 2080 3833 visitet,
2104 3779 2415 3833 praesertim
2431 3781 2474 3824 si
2495 3781 2819 3826 sacerdotem
2838 3784 3036 3827 habeat

550 3854 742 3897 socium
758 3886 768 3906 ,
801 3864 949 3906 quem
971 3852 1249 3896 Ferrariae
1271 3864 1363 3895 suo
1385 3853 1494 3895 loco
1516 3853 1818 3904 substituat,
1842 3852 1870 3893 9
1888 3851 2148 3905 Januarii;
2174 3852 2345 3895 eidem
2367 3852 2645 3906 Polancus,
2672 3854 2735 3896 de
2757 3854 3035 3898 visitandis

553 3925 739 3969 Italiae
759 3924 1030 3978 collegiis,
1060 3925 1106 3968 19
1124 3924 1323 3976 Martii;
1353 3924 1545 3977 Ignatii
1567 3922 1850 3967 Paschasio
1873 3923 2032 3967 Broet
2055 3930 2296 3978 patentes
2326 3936 2417 3968 seu
2441 3926 2777 3970 obedientiae
2799 3929 3033 3981 litterae,

552 3998 736 4051 quibus
758 4007 873 4040 eum
895 3996 1121 4040 Parisios
1149 3995 1402 4050 proficisci
1427 3997 1589 4050 jubet,
1623 3997 1650 4038 7
1682 3994 1991 4039 Maii.-Has
2025 3996 2410 4039 comitabantur
2445 3996 2534 4040 alii
2576 3997 2769 4051 Ignatii
2803 4000 3035 4052 litterae,

554 4069 735 4123 quibus
754 4068 889 4111 hanc
911 4067 1139 4112 Parisios
1159 4068 1529 4123 profectionem
1561 4068 1761 4110 omnino
1796 4067 1849 4111 in
1884 4068 2120 4111 manibus
2151 4074 2202 4111 et
2240 4068 2459 4111 arbitrio
2495 4069 2764 4114 Paschasii
2788 4072 3041 4126 relinque·

554 4142 757 4189 bat‚ne,
778 4150 867 4192 sc„
892 4151 1007 4183 eam
1028 4140 1421 4194 aggrederetur,
1456 4141 1500 4183 si
1534 4139 1585 4182 id
1614 4140 1666 4183 in
1698 4151 1865 4193 grave
1906 4139 2285 4183 detrimentum
2315 4138 2668 4185 Ferrariensis
2698 4141 2916 4197 Collegii
2937 4156 3044 4188 ces·

554 4223 730 4256 surum
757 4212 1207 4256 crederetur.--Ut
1227 4212 1369 4256 viam
1390 4219 1564 4255 tamen
1594 4217 1853 4255 sterneret
1884 4218 1936 4255 et
1969 4210 2303 4255 difficultates
2336 4219 2627 4267 amoveret,
2664 4215 2874 4269 scripsit
2897 4216 3046 4270 Igna..

556 4283 659 4326 tius
681 4283 861 4326 eadem
875 4282 956 4325 die
976 4284 1262 4338 coadjutori
1279 4284 1552 4338 EpiscopO,
1572 4284 1841 4338 Alphonso
1857 4283 2076 4336 Rosetti,
2094 4284 2258 4326 alium
2280 4294 2333 4326 se
2351 4282 2623 4328 Paschasii
2642 4287 2753 4329 loco
2769 4288 3046 4333 missurum

554 4353 1178 4409 promittens-ignatius
1199 4354 1479 4399 Paschasio
1500 4355 1656 4399 Broet
1672 4388 1683 4409 ,
1708 4367 1825 4399 eum
1845 4355 2068 4399 laudans
2090 4355 2223 4408 quod
2244 4366 2298 4398 se
2318 4362 2618 4410 promptum
2638 4357 2704 4400 ad
2725 4358 3047 4413 proficiscen.

555 4425 676 4468 dum
698 4424 926 4469 Parisios
946 4425 1256 4480 exhibuerit,
1274 4427 1420 4480 eique
1438 4432 1753 4480 potestatem
1770 4427 1962 4469 faciens
1978 4432 2050 4478 ut,
2069 4426 2112 4470 si
2128 4426 2273 4480 velit,
2293 4426 2496 4470 itineris
2518 4428 2758 4472 comitem
2779 4430 2878 4476 sibi
2894 4443 3050 4475 unum

556 4497 765 4551 seligat,
790 4497 838 4539 21
863 4495 1002 4542 Maii.

639 4567 662 4598 ²
716 4566 908 4620 Ignatii
934 4573 1179 4622 patentes
1198 4581 1289 4612 seu
1310 4570 1646 4612 obedientiae
1665 4570 1876 4613 litterae
1892 4602 1902 4622 ,
1927 4569 2111 4622 quibus
2133 4569 2342 4614 Patrem
2362 4569 2698 4616 Paschasium
2719 4573 2875 4617 Broet
2891 4576 3042 4630 jubet

559 4637 807 4681 Ferraria
837 4638 1114 4682 Lutetiam
1133 4652 1317 4684 versus
1337 4640 1593 4694 proficisci
1616 4641 1795 4684 eadem
1828 4641 1941 4694 ipsa
1974 4641 2082 4692 die,
2115 4651 2216 4694 qua
2250 4642 2457 4685 litteras
2490 4643 2714 4698 accipiat
2736 4651 2828 4688 aut
2859 4648 3048 4691 saltem

560 4710 822 4763 sequenti,
860 4711 902 4752 si
939 4709 1148 4755 infirma
1182 4712 1479 4755 valetudine
1515 4724 1615 4755 non
1642 4712 2037 4767 praepediatur,
2074 4712 2129 4753 24
2161 4710 2298 4755 Maii.
2336 4711 2445 4756 Has
2478 4715 2827 4760 comitabatur
2859 4718 3051 4763 scheda

2654 4818 2717 4874 32
