<?xml version="1.0" encoding="UTF-8"?>
<!DOCTYPE html PUBLIC "-//W3C//DTD XHTML 1.0 Transitional//EN"
    "http://www.w3.org/TR/xhtml1/DTD/xhtml1-transitional.dtd">
<html xmlns="http://www.w3.org/1999/xhtml" xml:lang="en" lang="en">
 <head>
  <title>
</title>
<meta http-equiv="Content-Type" content="text/html;charset=utf-8" />
  <meta name='ocr-system' content='tesseract 3.04.00' />
  <meta name='ocr-capabilities' content='ocr_page ocr_carea ocr_par ocr_line ocrx_word'/>
</head>
<body>
  <div class='ocr_page' id='page_1' title='image "./vitaignatiiloio03polagoog_0698.png"; bbox 0 0 3679 5414; ppageno 0'>
   <div class='ocr_carea' id='block_1_1' title="bbox 667 449 2221 523">
    <p class='ocr_par' dir='ltr' id='par_1_1' title="bbox 667 449 2221 523">
     <span class='ocr_line' id='line_1_1' title="bbox 667 449 2221 523; baseline -0.001 -13"><span class='ocrx_word' id='word_1_1' title='bbox 667 450 777 510; x_wconf 86' lang='lat'>692</span> <span class='ocrx_word' id='word_1_2' title='bbox 1585 449 1839 509; x_wconf 63' lang='lat' dir='ltr'>Canos.</span> <span class='ocrx_word' id='word_1_3' title='bbox 1886 450 2040 509; x_wconf 77' lang='lat' dir='ltr'>Soc,</span> <span class='ocrx_word' id='word_1_4' title='bbox 2081 451 2221 523; x_wconf 67' lang='lat' dir='ltr'>jas.</span> 
     </span>
    </p>
   </div>
   <div class='ocr_carea' id='block_1_2' title="bbox 638 596 3134 4424">
    <p class='ocr_par' dir='ltr' id='par_1_2' title="bbox 648 596 3134 3570">
     <span class='ocr_line' id='line_1_2' title="bbox 668 596 3134 676; baseline 0.001 -18"><span class='ocrx_word' id='word_1_5' title='bbox 668 615 801 659; x_wconf 91' lang='lat' dir='ltr'>nec</span> <span class='ocrx_word' id='word_1_6' title='bbox 830 597 1112 660; x_wconf 88' lang='lat' dir='ltr'>interim</span> <span class='ocrx_word' id='word_1_7' title='bbox 1141 616 1183 658; x_wconf 93' lang='lat' dir='ltr'>a</span> <span class='ocrx_word' id='word_1_8' title='bbox 1207 596 1771 660; x_wconf 82' lang='lat' dir='ltr'>confessionibus</span> <span class='ocrx_word' id='word_1_9' title='bbox 1802 597 2154 676; x_wconf 88' lang='lat' dir='ltr'>cessabat;</span> <span class='ocrx_word' id='word_1_10' title='bbox 2179 605 2458 659; x_wconf 89' lang='lat' dir='ltr'>tantum</span> <span class='ocrx_word' id='word_1_11' title='bbox 2487 598 2672 660; x_wconf 91' lang='lat' dir='ltr'>enim</span> <span class='ocrx_word' id='word_1_12' title='bbox 2703 598 2939 661; x_wconf 88' lang='lat' dir='ltr'>animo</span> <span class='ocrx_word' id='word_1_13' title='bbox 2971 599 3134 662; x_wconf 87' lang='lat' dir='ltr'>affe-</span> 
     </span>
     <span class='ocr_line' id='line_1_3' title="bbox 668 701 3134 784; baseline 0.001 -17"><span class='ocrx_word' id='word_1_14' title='bbox 668 714 858 767; x_wconf 92' lang='lat' dir='ltr'>ctum</span> <span class='ocrx_word' id='word_1_15' title='bbox 888 705 1188 784; x_wconf 92' lang='lat' dir='ltr'>populus</span> <span class='ocrx_word' id='word_1_16' title='bbox 1216 704 1330 766; x_wconf 92' lang='lat' dir='ltr'>ille</span> <span class='ocrx_word' id='word_1_17' title='bbox 1360 702 1744 767; x_wconf 90' lang='lat' dir='ltr'>Eborensis</span> <span class='ocrx_word' id='word_1_18' title='bbox 1772 720 1950 783; x_wconf 83' lang='lat' dir='ltr'>erga</span> <span class='ocrx_word' id='word_1_19' title='bbox 1978 701 2407 766; x_wconf 82' lang='lat' dir='ltr'>Societatem</span> <span class='ocrx_word' id='word_1_20' title='bbox 2436 703 2759 783; x_wconf 84' lang='lat' dir='ltr'>gerebat,</span> <span class='ocrx_word' id='word_1_21' title='bbox 2808 714 2881 767; x_wconf 94' lang='lat' dir='ltr'>ut</span> <span class='ocrx_word' id='word_1_22' title='bbox 2919 705 3134 769; x_wconf 90' lang='lat' dir='ltr'>etiam</span> 
     </span>
     <span class='ocr_line' id='line_1_4' title="bbox 666 808 3132 893; baseline 0 -19"><span class='ocrx_word' id='word_1_23' title='bbox 666 811 966 874; x_wconf 89' lang='lat' dir='ltr'>invitum</span> <span class='ocrx_word' id='word_1_24' title='bbox 995 810 1515 891; x_wconf 90' lang='lat' dir='ltr'>quodammodo</span> <span class='ocrx_word' id='word_1_25' title='bbox 1547 810 1637 873; x_wconf 93' lang='lat' dir='ltr'>ad</span> <span class='ocrx_word' id='word_1_26' title='bbox 1668 808 2153 873; x_wconf 89' lang='lat' dir='ltr'>confessiones</span> <span class='ocrx_word' id='word_1_27' title='bbox 2190 810 2509 889; x_wconf 90' lang='lat' dir='ltr'>ipsorum</span> <span class='ocrx_word' id='word_1_28' title='bbox 2549 809 2938 874; x_wconf 90' lang='lat' dir='ltr'>audiendas</span> <span class='ocrx_word' id='word_1_29' title='bbox 2980 830 3132 893; x_wconf 91' lang='lat' dir='ltr'>per-</span> 
     </span>
     <span class='ocr_line' id='line_1_5' title="bbox 664 916 3132 997; baseline 0 -16"><span class='ocrx_word' id='word_1_30' title='bbox 664 919 1012 997; x_wconf 88' lang='lat' dir='ltr'>traheret;</span> <span class='ocrx_word' id='word_1_31' title='bbox 1047 928 1144 997; x_wconf 95' lang='lat' dir='ltr'>et,</span> <span class='ocrx_word' id='word_1_32' title='bbox 1181 926 1549 981; x_wconf 91' lang='lat' dir='ltr'>transacta</span> <span class='ocrx_word' id='word_1_33' title='bbox 1580 916 2164 997; x_wconf 86' lang='lat' dir='ltr'>quadragesima,</span> <span class='ocrx_word' id='word_1_34' title='bbox 2198 916 2539 997; x_wconf 88' lang='lat' dir='ltr'>majorem</span> <span class='ocrx_word' id='word_1_35' title='bbox 2579 917 2979 982; x_wconf 89' lang='lat' dir='ltr'>animarum</span> <span class='ocrx_word' id='word_1_36' title='bbox 3005 920 3132 982; x_wconf 92' lang='lat' dir='ltr'>uti-</span> 
     </span>
     <span class='ocr_line' id='line_1_6' title="bbox 663 1024 3129 1106; baseline 0 -19"><span class='ocrx_word' id='word_1_37' title='bbox 663 1026 933 1089; x_wconf 86' lang='lat' dir='ltr'>litatem</span> <span class='ocrx_word' id='word_1_38' title='bbox 963 1035 1424 1106; x_wconf 90' lang='lat' dir='ltr'>sequuturam</span> <span class='ocrx_word' id='word_1_39' title='bbox 1453 1025 1894 1103; x_wconf 89' lang='lat' dir='ltr'>existimans,</span> <span class='ocrx_word' id='word_1_40' title='bbox 1928 1024 1988 1087; x_wconf 92' lang='lat' dir='ltr'>si</span> <span class='ocrx_word' id='word_1_41' title='bbox 2019 1033 2207 1087; x_wconf 92' lang='lat' dir='ltr'>totus</span> <span class='ocrx_word' id='word_1_42' title='bbox 2229 1041 2306 1087; x_wconf 90' lang='lat' dir='ltr'>se</span> <span class='ocrx_word' id='word_1_43' title='bbox 2336 1026 2899 1089; x_wconf 86' lang='lat' dir='ltr'>confessionibus</span> <span class='ocrx_word' id='word_1_44' title='bbox 2928 1026 3129 1090; x_wconf 76' lang='lat' dir='ltr'>dede—</span> 
     </span>
     <span class='ocr_line' id='line_1_7' title="bbox 664 1122 3132 1212; baseline 0 -16"><span class='ocrx_word' id='word_1_45' title='bbox 664 1142 772 1196; x_wconf 90' lang='lat' dir='ltr'>ret</span> <span class='ocrx_word' id='word_1_46' title='bbox 802 1132 1139 1212; x_wconf 82' lang='lat' dir='ltr'>(abundat</span> <span class='ocrx_word' id='word_1_47' title='bbox 1179 1132 1366 1195; x_wconf 90' lang='lat' dir='ltr'>enim</span> <span class='ocrx_word' id='word_1_48' title='bbox 1402 1122 1490 1194; x_wconf 83' lang='lat' dir='ltr'>ea</span> <span class='ocrx_word' id='word_1_49' title='bbox 1530 1132 1786 1194; x_wconf 88' lang='lat' dir='ltr'>civitas</span> <span class='ocrx_word' id='word_1_50' title='bbox 1817 1131 2467 1210; x_wconf 83' lang='lat' dir='ltr'>concionatoribuS,</span> <span class='ocrx_word' id='word_1_51' title='bbox 2511 1131 2637 1195; x_wconf 92' lang='lat' dir='ltr'>sed</span> <span class='ocrx_word' id='word_1_52' title='bbox 2677 1131 3132 1196; x_wconf 89' lang='lat' dir='ltr'>confessariis</span> 
     </span>
     <span class='ocr_line' id='line_1_8' title="bbox 663 1238 3132 1319; baseline 0 -16"><span class='ocrx_word' id='word_1_53' title='bbox 663 1239 935 1303; x_wconf 90' lang='lat' dir='ltr'>idoneis</span> <span class='ocrx_word' id='word_1_54' title='bbox 963 1257 1109 1301; x_wconf 91' lang='lat' dir='ltr'>non</span> <span class='ocrx_word' id='word_1_55' title='bbox 1136 1238 1475 1319; x_wconf 85' lang='lat' dir='ltr'>perinde),</span> <span class='ocrx_word' id='word_1_56' title='bbox 1517 1238 1786 1302; x_wconf 89' lang='lat' dir='ltr'>relictis</span> <span class='ocrx_word' id='word_1_57' title='bbox 1822 1238 2305 1316; x_wconf 88' lang='lat' dir='ltr'>concionibus,</span> <span class='ocrx_word' id='word_1_58' title='bbox 2353 1256 2429 1301; x_wconf 93' lang='lat' dir='ltr'>se</span> <span class='ocrx_word' id='word_1_59' title='bbox 2467 1238 2695 1302; x_wconf 90' lang='lat' dir='ltr'>totum</span> <span class='ocrx_word' id='word_1_60' title='bbox 2730 1239 2823 1302; x_wconf 91' lang='lat' dir='ltr'>ad</span> <span class='ocrx_word' id='word_1_61' title='bbox 2862 1239 3132 1303; x_wconf 88' lang='lat' dir='ltr'>confes-</span> 
     </span>
     <span class='ocr_line' id='line_1_9' title="bbox 663 1345 3130 1426; baseline -0 -15"><span class='ocrx_word' id='word_1_62' title='bbox 663 1348 898 1411; x_wconf 90' lang='lat' dir='ltr'>siones</span> <span class='ocrx_word' id='word_1_63' title='bbox 927 1345 1317 1410; x_wconf 90' lang='lat' dir='ltr'>audiendas</span> <span class='ocrx_word' id='word_1_64' title='bbox 1348 1346 1722 1409; x_wconf 90' lang='lat' dir='ltr'>convertit.</span> <span class='ocrx_word' id='word_1_65' title='bbox 1756 1345 1835 1408; x_wconf 94' lang='lat' dir='ltr'>Id</span> <span class='ocrx_word' id='word_1_66' title='bbox 1865 1353 2102 1409; x_wconf 88' lang='lat' dir='ltr'>autem</span> <span class='ocrx_word' id='word_1_67' title='bbox 2135 1364 2218 1408; x_wconf 91' lang='lat' dir='ltr'>eo</span> <span class='ocrx_word' id='word_1_68' title='bbox 2249 1346 2479 1426; x_wconf 86' lang='lat' dir='ltr'>magis</span> <span class='ocrx_word' id='word_1_69' title='bbox 2517 1348 3000 1410; x_wconf 90' lang='lat' dir='ltr'>necessarium</span> <span class='ocrx_word' id='word_1_70' title='bbox 3030 1348 3130 1410; x_wconf 88' lang='lat' dir='ltr'>vi-</span> 
     </span>
     <span class='ocr_line' id='line_1_10' title="bbox 663 1435 3132 1535; baseline 0 -18"><span class='ocrx_word' id='word_1_71' title='bbox 663 1455 982 1535; x_wconf 85' lang='lat' dir='ltr'>debatur,</span> <span class='ocrx_word' id='word_1_72' title='bbox 1029 1435 1217 1534; x_wconf 81' lang='lat' dir='ltr'>quod</span> <span class='ocrx_word' id='word_1_73' title='bbox 1257 1453 1330 1516; x_wconf 91' lang='lat' dir='ltr'>P.</span> <span class='ocrx_word' id='word_1_74' title='bbox 1376 1454 1795 1517; x_wconf 88' lang='lat' dir='ltr'>Emmanuel</span> <span class='ocrx_word' id='word_1_75' title='bbox 1832 1453 2054 1532; x_wconf 91' lang='lat' dir='ltr'>Leite,</span> <span class='ocrx_word' id='word_1_76' title='bbox 2089 1471 2180 1515; x_wconf 85' lang='lat' dir='ltr'>ex</span> <span class='ocrx_word' id='word_1_77' title='bbox 2219 1453 2660 1534; x_wconf 89' lang='lat' dir='ltr'>praescripto</span> <span class='ocrx_word' id='word_1_78' title='bbox 2702 1452 2778 1517; x_wconf 91' lang='grc' dir='ltr'>Ρ.</span> <span class='ocrx_word' id='word_1_79' title='bbox 2824 1452 3132 1517; x_wconf 88' lang='lat' dir='ltr'>Simonis</span> 
     </span>
     <span class='ocr_line' id='line_1_11' title="bbox 662 1559 3128 1642; baseline 0 -18"><span class='ocrx_word' id='word_1_80' title='bbox 662 1562 752 1625; x_wconf 92' lang='lat' dir='ltr'>ad</span> <span class='ocrx_word' id='word_1_81' title='bbox 775 1561 1143 1642; x_wconf 91' lang='lat' dir='ltr'>suppetias</span> <span class='ocrx_word' id='word_1_82' title='bbox 1175 1561 1507 1624; x_wconf 90' lang='lat' dir='ltr'>ferendas</span> <span class='ocrx_word' id='word_1_83' title='bbox 1537 1559 1611 1623; x_wconf 88' lang='lat' dir='ltr'>P.</span> <span class='ocrx_word' id='word_1_84' title='bbox 1646 1559 2018 1640; x_wconf 88' lang='lat' dir='ltr'>Alphonso</span> <span class='ocrx_word' id='word_1_85' title='bbox 2049 1559 2332 1639; x_wconf 86' lang='lat' dir='ltr'>Tegliez</span> <span class='ocrx_word' id='word_1_86' title='bbox 2357 1560 2607 1639; x_wconf 85' lang='lat' dir='ltr'>iverat,</span> <span class='ocrx_word' id='word_1_87' title='bbox 2638 1561 2757 1641; x_wconf 90' lang='lat' dir='ltr'>qui</span> <span class='ocrx_word' id='word_1_88' title='bbox 2786 1562 2859 1624; x_wconf 90' lang='lat' dir='ltr'>in</span> <span class='ocrx_word' id='word_1_89' title='bbox 2881 1562 3128 1624; x_wconf 89' lang='lat' dir='ltr'>eodem</span> 
     </span>
     <span class='ocr_line' id='line_1_12' title="bbox 662 1666 3130 1749; baseline 0 -18"><span class='ocrx_word' id='word_1_90' title='bbox 662 1669 1100 1749; x_wconf 91' lang='lat' dir='ltr'>episcopatu,</span> <span class='ocrx_word' id='word_1_91' title='bbox 1126 1667 1246 1730; x_wconf 91' lang='lat' dir='ltr'>ubi</span> <span class='ocrx_word' id='word_1_92' title='bbox 1268 1684 1485 1747; x_wconf 91' lang='lat' dir='ltr'>supra</span> <span class='ocrx_word' id='word_1_93' title='bbox 1509 1666 1775 1730; x_wconf 91' lang='lat' dir='ltr'>dictum</span> <span class='ocrx_word' id='word_1_94' title='bbox 1799 1675 1928 1744; x_wconf 92' lang='lat' dir='ltr'>est,</span> <span class='ocrx_word' id='word_1_95' title='bbox 1955 1667 2399 1746; x_wconf 87' lang='lat' dir='ltr'>versabatur,</span> <span class='ocrx_word' id='word_1_96' title='bbox 2427 1678 2496 1730; x_wconf 93' lang='lat' dir='ltr'>et</span> <span class='ocrx_word' id='word_1_97' title='bbox 2512 1667 2584 1730; x_wconf 93' lang='lat' dir='ltr'>in</span> <span class='ocrx_word' id='word_1_98' title='bbox 2607 1667 2818 1731; x_wconf 84' lang='lat' dir='ltr'>vinea</span> <span class='ocrx_word' id='word_1_99' title='bbox 2840 1666 3130 1732; x_wconf 90' lang='lat' dir='ltr'>Domini</span> 
     </span>
     <span class='ocr_line' id='line_1_13' title="bbox 662 1773 3128 1855; baseline -0 -16"><span class='ocrx_word' id='word_1_100' title='bbox 662 1792 923 1855; x_wconf 87' lang='lat' dir='ltr'>magno</span> <span class='ocrx_word' id='word_1_101' title='bbox 954 1778 1115 1838; x_wconf 82' lang='lat' dir='ltr'>cu&#39;m</span> <span class='ocrx_word' id='word_1_102' title='bbox 1144 1774 1379 1837; x_wconf 92' lang='lat' dir='ltr'>fructu</span> <span class='ocrx_word' id='word_1_103' title='bbox 1417 1773 1824 1853; x_wconf 91' lang='lat' dir='ltr'>laborabat;</span> <span class='ocrx_word' id='word_1_104' title='bbox 1859 1774 2044 1836; x_wconf 85' lang='lat' dir='ltr'>unde</span> <span class='ocrx_word' id='word_1_105' title='bbox 2087 1773 2280 1837; x_wconf 92' lang='lat' dir='ltr'>solus</span> <span class='ocrx_word' id='word_1_106' title='bbox 2320 1773 2608 1837; x_wconf 86' lang='lat' dir='ltr'>relictus</span> <span class='ocrx_word' id='word_1_107' title='bbox 2652 1773 3128 1839; x_wconf 91' lang='lat' dir='ltr'>confessarius</span> 
     </span>
     <span class='ocr_line' id='line_1_14' title="bbox 660 1880 3127 1963; baseline 0 -18"><span class='ocrx_word' id='word_1_108' title='bbox 660 1882 736 1945; x_wconf 89' lang='lat' dir='ltr'>P.</span> <span class='ocrx_word' id='word_1_109' title='bbox 776 1882 1139 1963; x_wconf 90' lang='lat' dir='ltr'>Melchior,</span> <span class='ocrx_word' id='word_1_110' title='bbox 1194 1899 1400 1945; x_wconf 91' lang='lat' dir='ltr'>mane</span> <span class='ocrx_word' id='word_1_111' title='bbox 1440 1891 1510 1944; x_wconf 92' lang='lat' dir='ltr'>et</span> <span class='ocrx_word' id='word_1_112' title='bbox 1547 1899 1845 1961; x_wconf 88' lang='lat' dir='ltr'>vespere</span> <span class='ocrx_word' id='word_1_113' title='bbox 1885 1880 2177 1961; x_wconf 92' lang='lat' dir='ltr'>perinde</span> <span class='ocrx_word' id='word_1_114' title='bbox 2216 1888 2426 1961; x_wconf 91' lang='lat' dir='ltr'>atque</span> <span class='ocrx_word' id='word_1_115' title='bbox 2467 1881 2539 1943; x_wconf 92' lang='lat' dir='ltr'>in</span> <span class='ocrx_word' id='word_1_116' title='bbox 2578 1882 3127 1961; x_wconf 87' lang='lat' dir='ltr'>quadragesima</span> 
     </span>
     <span class='ocr_line' id='line_1_15' title="bbox 659 1988 3124 2067; baseline 0 -15"><span class='ocrx_word' id='word_1_117' title='bbox 659 1991 823 2053; x_wconf 91' lang='lat' dir='ltr'>huic</span> <span class='ocrx_word' id='word_1_118' title='bbox 854 1990 1379 2053; x_wconf 82' lang='lat' dir='ltr'>confessionum</span> <span class='ocrx_word' id='word_1_119' title='bbox 1420 1988 1933 2052; x_wconf 87' lang='lat' dir='ltr'>audiendarum</span> <span class='ocrx_word' id='word_1_120' title='bbox 1973 1988 2249 2051; x_wconf 89' lang='lat' dir='ltr'>muneri</span> <span class='ocrx_word' id='word_1_121' title='bbox 2290 1988 2731 2067; x_wconf 88' lang='lat' dir='ltr'>invigilabat.</span> <span class='ocrx_word' id='word_1_122' title='bbox 2774 1988 2853 2052; x_wconf 91' lang='lat' dir='ltr'>In</span> <span class='ocrx_word' id='word_1_123' title='bbox 2892 1990 3124 2053; x_wconf 90' lang='lat' dir='ltr'>cathe-</span> 
     </span>
     <span class='ocr_line' id='line_1_16' title="bbox 657 2094 3126 2178; baseline 0 -18"><span class='ocrx_word' id='word_1_124' title='bbox 657 2098 839 2160; x_wconf 88' lang='lat' dir='ltr'>drali</span> <span class='ocrx_word' id='word_1_125' title='bbox 868 2099 1128 2178; x_wconf 92' lang='lat' dir='ltr'>templo</span> <span class='ocrx_word' id='word_1_126' title='bbox 1160 2097 1251 2161; x_wconf 91' lang='lat' dir='ltr'>ad</span> <span class='ocrx_word' id='word_1_127' title='bbox 1282 2096 1767 2160; x_wconf 88' lang='lat' dir='ltr'>confessiones</span> <span class='ocrx_word' id='word_1_128' title='bbox 1801 2094 2195 2158; x_wconf 91' lang='lat' dir='ltr'>audiendas</span> <span class='ocrx_word' id='word_1_129' title='bbox 2226 2095 2549 2177; x_wconf 90' lang='lat' dir='ltr'>sedebat;</span> <span class='ocrx_word' id='word_1_130' title='bbox 2583 2096 2707 2159; x_wconf 90' lang='lat' dir='ltr'>sed</span> <span class='ocrx_word' id='word_1_131' title='bbox 2745 2096 3126 2176; x_wconf 90' lang='lat' dir='ltr'>aliquando</span> 
     </span>
     <span class='ocr_line' id='line_1_17' title="bbox 656 2203 3125 2285; baseline -0.001 -17"><span class='ocrx_word' id='word_1_132' title='bbox 656 2223 816 2268; x_wconf 91' lang='lat' dir='ltr'>eam</span> <span class='ocrx_word' id='word_1_133' title='bbox 843 2205 1086 2268; x_wconf 90' lang='lat' dir='ltr'>sedem</span> <span class='ocrx_word' id='word_1_134' title='bbox 1125 2204 1593 2284; x_wconf 87' lang='lat' dir='ltr'>relinquebat,</span> <span class='ocrx_word' id='word_1_135' title='bbox 1626 2210 1703 2265; x_wconf 93' lang='lat' dir='ltr'>ut</span> <span class='ocrx_word' id='word_1_136' title='bbox 1732 2204 2111 2265; x_wconf 89' lang='lat' dir='ltr'>multarum</span> <span class='ocrx_word' id='word_1_137' title='bbox 2151 2211 2637 2266; x_wconf 89' lang='lat' dir='ltr'>matronarum</span> <span class='ocrx_word' id='word_1_138' title='bbox 2675 2203 2811 2283; x_wconf 93' lang='lat' dir='ltr'>piis</span> <span class='ocrx_word' id='word_1_139' title='bbox 2854 2204 3125 2285; x_wconf 89' lang='lat' dir='ltr'>petitio-</span> 
     </span>
     <span class='ocr_line' id='line_1_18' title="bbox 652 2308 3126 2390; baseline 0 -16"><span class='ocrx_word' id='word_1_140' title='bbox 652 2312 859 2375; x_wconf 84' lang='lat' dir='ltr'>nibus</span> <span class='ocrx_word' id='word_1_141' title='bbox 887 2312 1359 2388; x_wconf 87' lang='lat' dir='ltr'>satisfaceret,</span> <span class='ocrx_word' id='word_1_142' title='bbox 1394 2328 1576 2390; x_wconf 92' lang='lat' dir='ltr'>quae</span> <span class='ocrx_word' id='word_1_143' title='bbox 1602 2308 1831 2389; x_wconf 90' lang='lat' dir='ltr'>justas</span> <span class='ocrx_word' id='word_1_144' title='bbox 1862 2310 1950 2371; x_wconf 94' lang='lat' dir='ltr'>ob</span> <span class='ocrx_word' id='word_1_145' title='bbox 1988 2327 2248 2373; x_wconf 90' lang='lat' dir='ltr'>causas</span> <span class='ocrx_word' id='word_1_146' title='bbox 2279 2310 2368 2372; x_wconf 90' lang='lat' dir='ltr'>ad</span> <span class='ocrx_word' id='word_1_147' title='bbox 2399 2309 2470 2372; x_wconf 89' lang='lat' dir='ltr'>id</span> <span class='ocrx_word' id='word_1_148' title='bbox 2509 2312 2845 2390; x_wconf 88' lang='lat' dir='ltr'>templum</span> <span class='ocrx_word' id='word_1_149' title='bbox 2882 2311 3126 2374; x_wconf 85' lang='lat' dir='ltr'>venire</span> 
     </span>
     <span class='ocr_line' id='line_1_19' title="bbox 653 2416 3123 2498; baseline -0.001 -17"><span class='ocrx_word' id='word_1_150' title='bbox 653 2435 801 2481; x_wconf 91' lang='lat' dir='ltr'>non</span> <span class='ocrx_word' id='word_1_151' title='bbox 829 2426 1181 2497; x_wconf 91' lang='lat' dir='ltr'>poterant.</span> <span class='ocrx_word' id='word_1_152' title='bbox 1218 2418 1305 2481; x_wconf 90' lang='lat' dir='ltr'>Et</span> <span class='ocrx_word' id='word_1_153' title='bbox 1333 2417 1467 2479; x_wconf 92' lang='lat' dir='ltr'>hoc</span> <span class='ocrx_word' id='word_1_154' title='bbox 1500 2417 1572 2479; x_wconf 90' lang='lat' dir='ltr'>in</span> <span class='ocrx_word' id='word_1_155' title='bbox 1602 2434 1822 2479; x_wconf 91' lang='lat' dir='ltr'>causa</span> <span class='ocrx_word' id='word_1_156' title='bbox 1851 2416 1979 2478; x_wconf 90' lang='lat' dir='ltr'>fuit</span> <span class='ocrx_word' id='word_1_157' title='bbox 2012 2433 2137 2479; x_wconf 90' lang='lat' dir='ltr'>cur</span> <span class='ocrx_word' id='word_1_158' title='bbox 2168 2434 2333 2479; x_wconf 89' lang='lat' dir='ltr'>raro</span> <span class='ocrx_word' id='word_1_159' title='bbox 2365 2416 2746 2480; x_wconf 90' lang='lat' dir='ltr'>admodum</span> <span class='ocrx_word' id='word_1_160' title='bbox 2772 2426 2933 2498; x_wconf 94' lang='lat' dir='ltr'>post</span> <span class='ocrx_word' id='word_1_161' title='bbox 2959 2435 3123 2497; x_wconf 92' lang='lat' dir='ltr'>qua-</span> 
     </span>
     <span class='ocr_line' id='line_1_20' title="bbox 654 2523 3125 2604; baseline -0.001 -16"><span class='ocrx_word' id='word_1_162' title='bbox 654 2525 1134 2604; x_wconf 87' lang='lat' dir='ltr'>dragesimam</span> <span class='ocrx_word' id='word_1_163' title='bbox 1164 2525 1627 2587; x_wconf 88' lang='lat' dir='ltr'>concionatus</span> <span class='ocrx_word' id='word_1_164' title='bbox 1657 2524 1777 2601; x_wconf 90' lang='lat' dir='ltr'>sit;</span> <span class='ocrx_word' id='word_1_165' title='bbox 1811 2532 1880 2586; x_wconf 93' lang='lat' dir='ltr'>et</span> <span class='ocrx_word' id='word_1_166' title='bbox 1912 2523 2077 2603; x_wconf 90' lang='lat' dir='ltr'>quia</span> <span class='ocrx_word' id='word_1_167' title='bbox 2109 2542 2251 2586; x_wconf 91' lang='lat' dir='ltr'>non</span> <span class='ocrx_word' id='word_1_168' title='bbox 2289 2525 2500 2603; x_wconf 89' lang='lat' dir='ltr'>pauci</span> <span class='ocrx_word' id='word_1_169' title='bbox 2530 2525 2603 2586; x_wconf 91' lang='lat' dir='ltr'>in</span> <span class='ocrx_word' id='word_1_170' title='bbox 2642 2524 3125 2604; x_wconf 90' lang='lat' dir='ltr'>spiritualibus</span> 
     </span>
     <span class='ocr_line' id='line_1_21' title="bbox 654 2629 3120 2712; baseline 0 -19"><span class='ocrx_word' id='word_1_171' title='bbox 654 2630 1226 2694; x_wconf 90' lang='lat' dir='ltr'>meditationibus</span> <span class='ocrx_word' id='word_1_172' title='bbox 1258 2649 1343 2694; x_wconf 92' lang='lat' dir='ltr'>ac</span> <span class='ocrx_word' id='word_1_173' title='bbox 1371 2630 1695 2693; x_wconf 91' lang='lat' dir='ltr'>oratione</span> <span class='ocrx_word' id='word_1_174' title='bbox 1721 2629 1975 2693; x_wconf 90' lang='lat' dir='ltr'>instrui</span> <span class='ocrx_word' id='word_1_175' title='bbox 1998 2630 2403 2710; x_wconf 89' lang='lat' dir='ltr'>cupiebant,</span> <span class='ocrx_word' id='word_1_176' title='bbox 2429 2639 2703 2711; x_wconf 90' lang='lat' dir='ltr'>partem</span> <span class='ocrx_word' id='word_1_177' title='bbox 2726 2629 2932 2712; x_wconf 91' lang='lat' dir='ltr'>hujus</span> <span class='ocrx_word' id='word_1_178' title='bbox 2955 2639 3120 2694; x_wconf 88' lang='lat' dir='ltr'>tem·</span> 
     </span>
     <span class='ocr_line' id='line_1_22' title="bbox 650 2739 3115 2820; baseline -0.001 -18"><span class='ocrx_word' id='word_1_179' title='bbox 650 2740 845 2820; x_wconf 92' lang='lat' dir='ltr'>poris</span> <span class='ocrx_word' id='word_1_180' title='bbox 901 2740 1382 2820; x_wconf 89' lang='lat' dir='ltr'>proponendis</span> <span class='ocrx_word' id='word_1_181' title='bbox 1442 2739 1924 2819; x_wconf 90' lang='lat' dir='ltr'>spiritualibus</span> <span class='ocrx_word' id='word_1_182' title='bbox 1988 2739 2348 2802; x_wconf 85' lang='lat' dir='ltr'>exercitiis</span> <span class='ocrx_word' id='word_1_183' title='bbox 2406 2739 2714 2803; x_wconf 88' lang='lat' dir='ltr'>tribuere</span> <span class='ocrx_word' id='word_1_184' title='bbox 2772 2739 3115 2803; x_wconf 83' lang='lat' dir='ltr'>decrevit.</span> 
     </span>
     <span class='ocr_line' id='line_1_23' title="bbox 652 2844 3122 2926; baseline 0 -18"><span class='ocrx_word' id='word_1_185' title='bbox 652 2844 823 2909; x_wconf 92' lang='lat' dir='ltr'>Tria</span> <span class='ocrx_word' id='word_1_186' title='bbox 873 2846 1281 2910; x_wconf 91' lang='lat' dir='ltr'>monialium</span> <span class='ocrx_word' id='word_1_187' title='bbox 1326 2846 1755 2908; x_wconf 89' lang='lat' dir='ltr'>monasteria</span> <span class='ocrx_word' id='word_1_188' title='bbox 1789 2845 1877 2907; x_wconf 93' lang='lat' dir='ltr'>ab</span> <span class='ocrx_word' id='word_1_189' title='bbox 1917 2863 2000 2907; x_wconf 95' lang='lat' dir='ltr'>eo</span> <span class='ocrx_word' id='word_1_190' title='bbox 2040 2845 2292 2907; x_wconf 90' lang='lat' dir='ltr'>instrui</span> <span class='ocrx_word' id='word_1_191' title='bbox 2330 2861 2505 2926; x_wconf 89' lang='lat' dir='ltr'>prae</span> <span class='ocrx_word' id='word_1_192' title='bbox 2545 2846 2849 2909; x_wconf 90' lang='lat' dir='ltr'>caeteris</span> <span class='ocrx_word' id='word_1_193' title='bbox 2892 2847 3122 2926; x_wconf 90' lang='lat' dir='ltr'>cupie-</span> 
     </span>
     <span class='ocr_line' id='line_1_24' title="bbox 652 2951 3119 3033; baseline 0 -19"><span class='ocrx_word' id='word_1_194' title='bbox 652 2952 853 3032; x_wconf 90' lang='lat' dir='ltr'>bant,</span> <span class='ocrx_word' id='word_1_195' title='bbox 888 2952 1079 3033; x_wconf 93' lang='lat' dir='ltr'>quod</span> <span class='ocrx_word' id='word_1_196' title='bbox 1109 2969 1270 3015; x_wconf 90' lang='lat' dir='ltr'>cum</span> <span class='ocrx_word' id='word_1_197' title='bbox 1307 2952 1537 3031; x_wconf 88' lang='lat' dir='ltr'>fieret,</span> <span class='ocrx_word' id='word_1_198' title='bbox 1591 2951 1784 3015; x_wconf 89' lang='lat' dir='ltr'>vitae</span> <span class='ocrx_word' id='word_1_199' title='bbox 1825 2951 2224 3015; x_wconf 89' lang='lat' dir='ltr'>immutatio</span> <span class='ocrx_word' id='word_1_200' title='bbox 2267 2959 2336 3014; x_wconf 92' lang='lat' dir='ltr'>et</span> <span class='ocrx_word' id='word_1_201' title='bbox 2373 2951 2937 3015; x_wconf 90' lang='lat' dir='ltr'>mortificationis</span> <span class='ocrx_word' id='word_1_202' title='bbox 2982 2962 3119 3015; x_wconf 92' lang='lat' dir='ltr'>stu·</span> 
     </span>
     <span class='ocr_line' id='line_1_25' title="bbox 653 3058 3118 3140; baseline 0 -18"><span class='ocrx_word' id='word_1_203' title='bbox 653 3059 867 3140; x_wconf 90' lang='lat' dir='ltr'>dium,</span> <span class='ocrx_word' id='word_1_204' title='bbox 912 3070 1251 3140; x_wconf 90' lang='lat' dir='ltr'>quantum</span> <span class='ocrx_word' id='word_1_205' title='bbox 1282 3061 1442 3122; x_wconf 91' lang='lat' dir='ltr'>illae</span> <span class='ocrx_word' id='word_1_206' title='bbox 1474 3059 1849 3138; x_wconf 89' lang='lat' dir='ltr'>religiosae</span> <span class='ocrx_word' id='word_1_207' title='bbox 1879 3059 2373 3138; x_wconf 83' lang='lat' dir='ltr'>profecissent,</span> <span class='ocrx_word' id='word_1_208' title='bbox 2408 3058 2744 3138; x_wconf 88' lang='lat' dir='ltr'>ostendit;</span> <span class='ocrx_word' id='word_1_209' title='bbox 2778 3068 2846 3122; x_wconf 94' lang='lat' dir='ltr'>et</span> <span class='ocrx_word' id='word_1_210' title='bbox 2867 3076 3026 3123; x_wconf 91' lang='lat' dir='ltr'>cum</span> <span class='ocrx_word' id='word_1_211' title='bbox 3048 3060 3118 3123; x_wconf 90' lang='lat' dir='ltr'>in</span> 
     </span>
     <span class='ocr_line' id='line_1_26' title="bbox 651 3165 3117 3247; baseline 0 -18"><span class='ocrx_word' id='word_1_212' title='bbox 651 3184 790 3229; x_wconf 92' lang='lat' dir='ltr'>uno</span> <span class='ocrx_word' id='word_1_213' title='bbox 822 3185 914 3229; x_wconf 85' lang='lat' dir='ltr'>ex</span> <span class='ocrx_word' id='word_1_214' title='bbox 942 3166 1051 3229; x_wconf 91' lang='lat' dir='ltr'>his</span> <span class='ocrx_word' id='word_1_215' title='bbox 1093 3167 1565 3244; x_wconf 79' lang='lat' dir='ltr'>monasteriiS,</span> <span class='ocrx_word' id='word_1_216' title='bbox 1608 3175 1896 3246; x_wconf 90' lang='lat' dir='ltr'>praeter</span> <span class='ocrx_word' id='word_1_217' title='bbox 1926 3166 2272 3229; x_wconf 85' lang='lat' dir='ltr'>exercitia</span> <span class='ocrx_word' id='word_1_218' title='bbox 2302 3165 2700 3244; x_wconf 89' lang='lat' dir='ltr'>spiritualia</span> <span class='ocrx_word' id='word_1_219' title='bbox 2728 3167 3117 3247; x_wconf 89' lang='lat' dir='ltr'>proposita,</span> 
     </span>
     <span class='ocr_line' id='line_1_27' title="bbox 649 3272 3121 3352; baseline -0 -16"><span class='ocrx_word' id='word_1_220' title='bbox 649 3275 1027 3337; x_wconf 82' lang='lat' dir='ltr'>multarum</span> <span class='ocrx_word' id='word_1_221' title='bbox 1071 3275 1555 3338; x_wconf 91' lang='lat' dir='ltr'>confessiones</span> <span class='ocrx_word' id='word_1_222' title='bbox 1594 3273 1928 3350; x_wconf 90' lang='lat' dir='ltr'>audisset,</span> <span class='ocrx_word' id='word_1_223' title='bbox 1971 3281 2213 3335; x_wconf 90' lang='lat' dir='ltr'>tantus</span> <span class='ocrx_word' id='word_1_224' title='bbox 2244 3272 2336 3335; x_wconf 93' lang='lat' dir='ltr'>ibi</span> <span class='ocrx_word' id='word_1_225' title='bbox 2366 3272 2839 3352; x_wconf 85' lang='lat' dir='ltr'>poenitentiae</span> <span class='ocrx_word' id='word_1_226' title='bbox 2876 3273 3121 3336; x_wconf 85' lang='lat' dir='ltr'>fervor</span> 
     </span>
     <span class='ocr_line' id='line_1_28' title="bbox 649 3380 3118 3462; baseline -0 -17"><span class='ocrx_word' id='word_1_227' title='bbox 649 3399 806 3445; x_wconf 90' lang='lat' dir='ltr'>esse</span> <span class='ocrx_word' id='word_1_228' title='bbox 837 3382 1069 3462; x_wconf 81' lang='lat' dir='ltr'>coepit</span> <span class='ocrx_word' id='word_1_229' title='bbox 1092 3391 1168 3443; x_wconf 92' lang='lat' dir='ltr'>ut</span> <span class='ocrx_word' id='word_1_230' title='bbox 1197 3382 1680 3445; x_wconf 91' lang='lat' dir='ltr'>necessarium</span> <span class='ocrx_word' id='word_1_231' title='bbox 1710 3381 2152 3443; x_wconf 88' lang='lat' dir='ltr'>existimaret</span> <span class='ocrx_word' id='word_1_232' title='bbox 2182 3397 2342 3443; x_wconf 91' lang='lat' dir='ltr'>eum</span> <span class='ocrx_word' id='word_1_233' title='bbox 2373 3380 2787 3460; x_wconf 85' lang='lat' dir='ltr'>reprimere,</span> <span class='ocrx_word' id='word_1_234' title='bbox 2816 3399 2902 3443; x_wconf 92' lang='lat' dir='ltr'>ne</span> <span class='ocrx_word' id='word_1_235' title='bbox 2936 3381 3118 3444; x_wconf 92' lang='lat' dir='ltr'>aliae</span> 
     </span>
     <span class='ocr_line' id='line_1_29' title="bbox 648 3485 2191 3570; baseline -0.004 -18"><span class='ocrx_word' id='word_1_236' title='bbox 648 3488 740 3551; x_wconf 91' lang='lat' dir='ltr'>ad</span> <span class='ocrx_word' id='word_1_237' title='bbox 775 3489 1174 3570; x_wconf 90' lang='lat' dir='ltr'>profectum</span> <span class='ocrx_word' id='word_1_238' title='bbox 1205 3504 1552 3551; x_wconf 90' lang='lat' dir='ltr'>accensae</span> <span class='ocrx_word' id='word_1_239' title='bbox 1585 3487 2116 3550; x_wconf 91' lang='lat' dir='ltr'>deterrerentur</span> <span class='ocrx_word' id='word_1_240' title='bbox 2148 3485 2191 3546; x_wconf 90' lang='lat'>¹.</span> 
     </span>
    </p>

    <p class='ocr_par' dir='ltr' id='par_1_3' title="bbox 641 3594 3114 4086">
     <span class='ocr_line' id='line_1_30' title="bbox 765 3594 3114 3676; baseline 0 -19"><span class='ocrx_word' id='word_1_241' title='bbox 765 3594 908 3657; x_wconf 86' lang='lat'><strong>604.</strong></span> <span class='ocrx_word' id='word_1_242' title='bbox 996 3596 1301 3676; x_wconf 87' lang='lat' dir='ltr'>Quidam</span> <span class='ocrx_word' id='word_1_243' title='bbox 1349 3595 1565 3658; x_wconf 92' lang='lat' dir='ltr'>etiam</span> <span class='ocrx_word' id='word_1_244' title='bbox 1613 3594 2031 3673; x_wconf 91' lang='lat' dir='ltr'>canonicus,</span> <span class='ocrx_word' id='word_1_245' title='bbox 2090 3594 2203 3657; x_wconf 85' lang='lat' dir='ltr'>vir</span> <span class='ocrx_word' id='word_1_246' title='bbox 2241 3595 2618 3674; x_wconf 91' lang='lat' dir='ltr'>prudentia</span> <span class='ocrx_word' id='word_1_247' title='bbox 2669 3606 2739 3659; x_wconf 91' lang='lat' dir='ltr'>et</span> <span class='ocrx_word' id='word_1_248' title='bbox 2790 3596 3114 3660; x_wconf 91' lang='lat' dir='ltr'>doctrina</span> 
     </span>
     <span class='ocr_line' id='line_1_31' title="bbox 646 3701 3114 3783; baseline 0 -18"><span class='ocrx_word' id='word_1_249' title='bbox 646 3720 789 3765; x_wconf 90' lang='lat' dir='ltr'>non</span> <span class='ocrx_word' id='word_1_250' title='bbox 818 3703 1123 3782; x_wconf 89' lang='lat' dir='ltr'>vulgari,</span> <span class='ocrx_word' id='word_1_251' title='bbox 1157 3701 1642 3783; x_wconf 89' lang='lat' dir='ltr'>spiritualibus</span> <span class='ocrx_word' id='word_1_252' title='bbox 1673 3701 1888 3763; x_wconf 91' lang='lat' dir='ltr'>etiam</span> <span class='ocrx_word' id='word_1_253' title='bbox 1912 3701 2274 3764; x_wconf 85' lang='lat' dir='ltr'>exercitiis</span> <span class='ocrx_word' id='word_1_254' title='bbox 2297 3703 2644 3781; x_wconf 78' lang='lat' dir='ltr'>excultuS,</span> <span class='ocrx_word' id='word_1_255' title='bbox 2670 3703 2773 3766; x_wconf 91' lang='lat' dir='ltr'>sic</span> <span class='ocrx_word' id='word_1_256' title='bbox 2801 3703 2874 3766; x_wconf 92' lang='lat' dir='ltr'>in</span> <span class='ocrx_word' id='word_1_257' title='bbox 2898 3704 3114 3766; x_wconf 90' lang='lat' dir='ltr'>alium</span> 
     </span>
     <span class='ocr_line' id='line_1_32' title="bbox 644 3806 3109 3889; baseline 0.001 -18"><span class='ocrx_word' id='word_1_258' title='bbox 644 3809 1006 3872; x_wconf 90' lang='lat' dir='ltr'>hominem</span> <span class='ocrx_word' id='word_1_259' title='bbox 1034 3817 1346 3873; x_wconf 90' lang='lat' dir='ltr'>mutatus</span> <span class='ocrx_word' id='word_1_260' title='bbox 1375 3818 1505 3887; x_wconf 92' lang='lat' dir='ltr'>est,</span> <span class='ocrx_word' id='word_1_261' title='bbox 1537 3816 1614 3871; x_wconf 92' lang='lat' dir='ltr'>ut</span> <span class='ocrx_word' id='word_1_262' title='bbox 1643 3808 1715 3870; x_wconf 88' lang='lat' dir='ltr'>in</span> <span class='ocrx_word' id='word_1_263' title='bbox 1754 3809 2067 3871; x_wconf 87' lang='lat' dir='ltr'>omniurn</span> <span class='ocrx_word' id='word_1_264' title='bbox 2099 3826 2222 3871; x_wconf 90' lang='lat' dir='ltr'>ore</span> <span class='ocrx_word' id='word_1_265' title='bbox 2262 3806 2413 3887; x_wconf 89' lang='lat' dir='ltr'>ejus</span> <span class='ocrx_word' id='word_1_266' title='bbox 2442 3818 2590 3872; x_wconf 90' lang='lat' dir='ltr'>tam</span> <span class='ocrx_word' id='word_1_267' title='bbox 2629 3809 2930 3889; x_wconf 87' lang='lat' dir='ltr'>insignis</span> <span class='ocrx_word' id='word_1_268' title='bbox 2972 3827 3109 3872; x_wconf 89' lang='lat' dir='ltr'>me-</span> 
     </span>
     <span class='ocr_line' id='line_1_33' title="bbox 645 3914 3112 3997; baseline 0 -18"><span class='ocrx_word' id='word_1_269' title='bbox 645 3916 1120 3997; x_wconf 89' lang='lat' dir='ltr'>tamorphosis</span> <span class='ocrx_word' id='word_1_270' title='bbox 1141 3922 1551 3979; x_wconf 87' lang='lat' dir='ltr'>versaretur</span> <span class='ocrx_word' id='word_1_271' title='bbox 1573 3932 1587 3992; x_wconf 88' lang='lat'>;</span> <span class='ocrx_word' id='word_1_272' title='bbox 1619 3915 1734 3977; x_wconf 91' lang='lat' dir='ltr'>ille</span> <span class='ocrx_word' id='word_1_273' title='bbox 1760 3925 1995 3978; x_wconf 88' lang='lat' dir='ltr'>autem</span> <span class='ocrx_word' id='word_1_274' title='bbox 2018 3914 2324 3978; x_wconf 87' lang='lat' dir='ltr'>fructum</span> <span class='ocrx_word' id='word_1_275' title='bbox 2354 3925 2688 3996; x_wconf 87' lang='lat' dir='ltr'>expertus</span> <span class='ocrx_word' id='word_1_276' title='bbox 2710 3914 3112 3996; x_wconf 89' lang='lat' dir='ltr'>hujusmodi</span> 
     </span>
     <span class='ocr_line' id='line_1_34' title="bbox 641 4020 2538 4086; baseline 0 0"><span class='ocrx_word' id='word_1_277' title='bbox 641 4023 1191 4086; x_wconf 85' lang='lat' dir='ltr'>exscitationum</span> <span class='ocrx_word' id='word_1_278' title='bbox 1220 4022 1396 4085; x_wconf 90' lang='lat' dir='ltr'>alios</span> <span class='ocrx_word' id='word_1_279' title='bbox 1426 4020 1518 4083; x_wconf 92' lang='lat' dir='ltr'>ad</span> <span class='ocrx_word' id='word_1_280' title='bbox 1548 4021 1835 4085; x_wconf 91' lang='lat' dir='ltr'>easdem</span> <span class='ocrx_word' id='word_1_281' title='bbox 1866 4022 2149 4085; x_wconf 92' lang='lat' dir='ltr'>allicere</span> <span class='ocrx_word' id='word_1_282' title='bbox 2190 4021 2538 4086; x_wconf 91' lang='lat' dir='ltr'>studebat.</span> 
     </span>
    </p>

    <p class='ocr_par' dir='ltr' id='par_1_4' title="bbox 638 4127 3110 4424">
     <span class='ocr_line' id='line_1_35' title="bbox 760 4127 3108 4211; baseline 0 -19"><span class='ocrx_word' id='word_1_283' title='bbox 760 4129 904 4192; x_wconf 87' lang='lat'><strong>605.</strong></span> <span class='ocrx_word' id='word_1_284' title='bbox 988 4128 1485 4192; x_wconf 87' lang='lat' dir='ltr'>Adveniebant</span> <span class='ocrx_word' id='word_1_285' title='bbox 1514 4127 1731 4208; x_wconf 88' lang='lat' dir='ltr'>aliqui</span> <span class='ocrx_word' id='word_1_286' title='bbox 1760 4136 1837 4191; x_wconf 91' lang='lat' dir='ltr'>ut</span> <span class='ocrx_word' id='word_1_287' title='bbox 1861 4137 2146 4192; x_wconf 91' lang='lat' dir='ltr'>nostros</span> <span class='ocrx_word' id='word_1_288' title='bbox 2177 4130 2630 4193; x_wconf 90' lang='lat' dir='ltr'>consulerent</span> <span class='ocrx_word' id='word_1_289' title='bbox 2654 4129 2740 4193; x_wconf 92' lang='lat' dir='ltr'>de</span> <span class='ocrx_word' id='word_1_290' title='bbox 2762 4130 2895 4209; x_wconf 87' lang='lat' dir='ltr'>his,</span> <span class='ocrx_word' id='word_1_291' title='bbox 2925 4148 3108 4211; x_wconf 85' lang='lat' dir='ltr'>quae</span> 
     </span>
     <span class='ocr_line' id='line_1_36' title="bbox 641 4235 3109 4318; baseline 0 -18"><span class='ocrx_word' id='word_1_292' title='bbox 641 4238 732 4301; x_wconf 93' lang='lat' dir='ltr'>ad</span> <span class='ocrx_word' id='word_1_293' title='bbox 768 4237 1086 4318; x_wconf 90' lang='lat' dir='ltr'>ipsorum</span> <span class='ocrx_word' id='word_1_294' title='bbox 1136 4237 1440 4299; x_wconf 90' lang='lat' dir='ltr'>salutem</span> <span class='ocrx_word' id='word_1_295' title='bbox 1489 4235 1958 4315; x_wconf 90' lang='lat' dir='ltr'>pertinebant.</span> <span class='ocrx_word' id='word_1_296' title='bbox 2005 4235 2119 4298; x_wconf 91' lang='lat' dir='ltr'>Ad</span> <span class='ocrx_word' id='word_1_297' title='bbox 2172 4236 2571 4300; x_wconf 90' lang='lat' dir='ltr'>custodiam</span> <span class='ocrx_word' id='word_1_298' title='bbox 2614 4237 2829 4300; x_wconf 89' lang='lat' dir='ltr'>etiam</span> <span class='ocrx_word' id='word_1_299' title='bbox 2881 4236 3109 4300; x_wconf 89' lang='lat' dir='ltr'>Officii</span> 
     </span>
     <span class='ocr_line' id='line_1_37' title="bbox 638 4341 3110 4424; baseline 0 -17"><span class='ocrx_word' id='word_1_300' title='bbox 638 4343 1118 4424; x_wconf 87' lang='lat' dir='ltr'>Inquisitionis</span> <span class='ocrx_word' id='word_1_301' title='bbox 1147 4360 1224 4406; x_wconf 90' lang='lat' dir='ltr'>se</span> <span class='ocrx_word' id='word_1_302' title='bbox 1253 4342 1329 4405; x_wconf 91' lang='lat' dir='ltr'>P.</span> <span class='ocrx_word' id='word_1_303' title='bbox 1356 4341 1697 4405; x_wconf 89' lang='lat' dir='ltr'>Melchior</span> <span class='ocrx_word' id='word_1_304' title='bbox 1721 4341 2165 4422; x_wconf 88' lang='lat' dir='ltr'>conferebat,</span> <span class='ocrx_word' id='word_1_305' title='bbox 2200 4351 2269 4406; x_wconf 92' lang='lat' dir='ltr'>et</span> <span class='ocrx_word' id='word_1_306' title='bbox 2290 4343 2363 4405; x_wconf 91' lang='lat' dir='ltr'>in</span> <span class='ocrx_word' id='word_1_307' title='bbox 2394 4361 2476 4407; x_wconf 91' lang='lat' dir='ltr'>eo</span> <span class='ocrx_word' id='word_1_308' title='bbox 2502 4361 2791 4407; x_wconf 89' lang='lat' dir='ltr'>carcere</span> <span class='ocrx_word' id='word_1_309' title='bbox 2813 4345 3110 4408; x_wconf 90' lang='lat' dir='ltr'>retentis</span> 
     </span>
    </p>
   </div>
   <div class='ocr_carea' id='block_1_3' title="bbox 636 4607 3104 4755">
    <p class='ocr_par' dir='ltr' id='par_1_5' title="bbox 636 4607 3104 4755">
     <span class='ocr_line' id='line_1_38' title="bbox 662 4607 3104 4686; baseline 0.002 -14"><span class='ocrx_word' id='word_1_310' title='bbox 662 4607 663 4610; x_wconf 8' lang='grc' dir='ltr'><strong>Ἴ</strong></span> <span class='ocrx_word' id='word_1_311' title='bbox 717 4630 735 4661; x_wconf 85' lang='lat'>¹</span> <span class='ocrx_word' id='word_1_312' title='bbox 792 4629 1027 4683; x_wconf 83' lang='lat' dir='ltr'>Ignatius</span> <span class='ocrx_word' id='word_1_313' title='bbox 1057 4630 1204 4674; x_wconf 86' lang='lat' dir='ltr'>Patri</span> <span class='ocrx_word' id='word_1_314' title='bbox 1225 4629 1413 4682; x_wconf 79' lang='lat' dir='ltr'>Miron,</span> <span class='ocrx_word' id='word_1_315' title='bbox 1442 4631 1487 4673; x_wconf 85' lang='lat' dir='ltr'>ei</span> <span class='ocrx_word' id='word_1_316' title='bbox 1522 4628 1576 4673; x_wconf 86' lang='lat' dir='ltr'>in</span> <span class='ocrx_word' id='word_1_317' title='bbox 1595 4631 1791 4673; x_wconf 84' lang='lat' dir='ltr'>virtute</span> <span class='ocrx_word' id='word_1_318' title='bbox 1812 4628 2135 4673; x_wconf 79' lang='lat' dir='ltr'>obedientiae</span> <span class='ocrx_word' id='word_1_319' title='bbox 2170 4628 2440 4683; x_wconf 76' lang='lat' dir='ltr'>injungens</span> <span class='ocrx_word' id='word_1_320' title='bbox 2462 4637 2519 4672; x_wconf 85' lang='lat' dir='ltr'>ut</span> <span class='ocrx_word' id='word_1_321' title='bbox 2541 4629 2593 4672; x_wconf 84' lang='lat' dir='ltr'>in</span> <span class='ocrx_word' id='word_1_322' title='bbox 2614 4629 2865 4674; x_wconf 75' lang='lat' dir='ltr'>Ebot-ensi</span> <span class='ocrx_word' id='word_1_323' title='bbox 2887 4633 3104 4686; x_wconf 76' lang='lat' dir='ltr'>collegio</span> 
     </span>
     <span class='ocr_line' id='line_1_39' title="bbox 636 4700 3103 4755; baseline 0.003 -13"><span class='ocrx_word' id='word_1_324' title='bbox 636 4710 753 4743; x_wconf 85' lang='lat' dir='ltr'>eum</span> <span class='ocrx_word' id='word_1_325' title='bbox 774 4701 989 4743; x_wconf 83' lang='lat' dir='ltr'>docendi</span> <span class='ocrx_word' id='word_1_326' title='bbox 1007 4703 1212 4745; x_wconf 85' lang='lat' dir='ltr'>modum</span> <span class='ocrx_word' id='word_1_327' title='bbox 1235 4701 1402 4744; x_wconf 73' lang='lat' dir='ltr'>teneri</span> <span class='ocrx_word' id='word_1_328' title='bbox 1426 4712 1459 4744; x_wconf 82' lang='lat' dir='ltr'>a</span> <span class='ocrx_word' id='word_1_329' title='bbox 1474 4701 1664 4744; x_wconf 83' lang='lat' dir='ltr'>nostris</span> <span class='ocrx_word' id='word_1_330' title='bbox 1685 4706 1829 4743; x_wconf 86' lang='lat' dir='ltr'>curet</span> <span class='ocrx_word' id='word_1_331' title='bbox 1850 4700 2008 4755; x_wconf 80' lang='lat' dir='ltr'>quiin</span> <span class='ocrx_word' id='word_1_332' title='bbox 2027 4700 2245 4753; x_wconf 78' lang='lat' dir='ltr'>collegio</span> <span class='ocrx_word' id='word_1_333' title='bbox 2266 4709 2478 4744; x_wconf 78' lang='lat' dir='ltr'>romano</span> <span class='ocrx_word' id='word_1_334' title='bbox 2494 4706 2756 4755; x_wconf 78' lang='lat' dir='ltr'>servatur,</span> <span class='ocrx_word' id='word_1_335' title='bbox 2782 4703 2834 4747; x_wconf 71' lang='lat'>13</span> <span class='ocrx_word' id='word_1_336' title='bbox 2848 4702 3103 4749; x_wconf 70' lang='lat' dir='ltr'>Octobris.</span> 
     </span>
    </p>
   </div>
  </div>
 </body>
</html>
