3679 5414
675 419 754 477 80
1589 414 1845 475 Cimon.
1888 413 2044 473 Soc.
2085 413 2223 486 Jes.

677 563 1199 645 promovendas
1227 580 1400 643 prae
1429 579 1505 624 se
1532 561 1825 634 ferebat,
1859 559 1960 622 sic
1991 558 2265 621 animos
2295 556 2515 620 Ducis
2546 575 2630 619 ac
2659 556 3143 620 ministrorum

671 670 830 751 ejus
859 671 1254 748 deliniebat,
1287 679 1363 732 ut
1399 668 1725 750 quamvis
1769 667 2089 730 revocati
2119 674 2353 728 essent
2393 663 2643 727 Patres
2684 661 3023 727 Claudius
3070 671 3142 725 ut

679 776 1069 855 Salmeron,
1103 776 1268 838 boni
1297 785 1536 838 tamen
1568 775 2018 837 consulerent
2052 770 2091 835 ¹.

806 882 938 946 180.
1026 882 1167 945 Sub
1198 882 1410 945 finem
1440 879 1767 945 Octobris
1810 875 2265 943 P.·Nic01aus
2308 878 2725 956 Gaudanus,
2769 877 2888 958 qui
2926 878 3144 958 pedes

675 1000 941 1055 etcum
972 990 1230 1069 exiguo
1276 990 1450 1052 satis
1481 989 1747 1052 viatico
1785 988 1921 1051 hoc
1963 988 2095 1050 iter
2132 1004 2291 1050 cum
2331 986 2528 1049 socio
2569 984 3007 1063 confecerat,
3052 987 3140 1047 le-

673 1098 985 1160 ctionem
1015 1096 1355 1176 epistolae
1385 1096 1474 1159 ad
1504 1112 1860 1173 romanOS‚
1896 1094 2288 1175 praemissa
2318 1092 2642 1156 oratione
2671 1091 2915 1170 latina,
2942 1109 3143 1171 prae·

674 1212 879 1285 sente
929 1212 1079 1266 tota
1135 1195 1647 1280 Universitate,
1706 1200 1999 1264 feliciter
2040 1200 2402 1262 1nchoavit
2441 1208 2510 1261 et
2549 1206 2968 1279 prosecutus
3011 1206 3141 1273 est;

676 1319 751 1374 et
780 1320 925 1374 tam
956 1311 1027 1372 in
1055 1310 1353 1389 legendo
1385 1326 1599 1389 quam
1627 1309 1698 1371 in
1728 1292 2153 1388 disputando
2183 1306 2546 1369 doctrinae
2590 1323 2760 1368 suae
2806 1305 3147 1385 optimum

676 1418 977 1482 odorem
1006 1416 1203 1479 brevi
1233 1417 1514 1496 sparsit,
1550 1427 1619 1478 et
1646 1416 1928 1496 placere
1960 1430 2394 1494 magnopere
2425 1413 2657 1493 coepit
2686 1412 2732 1475 ².

678 1600 685 1603 Λ
811 1524 944 1587 181.
1033 1523 1191 1586 Non
1205 1523 1568 1586 omittebat
1587 1522 1661 1584 Ρ.
1690 1521 2038 1599 CanisiuS,
2065 1530 2354 1601 propter
2368 1520 2691 1583 Rectoris
2712 1530 3151 1599 assumptum

689 1630 1015 1709 officium,
1050 1631 1363 1693 laborem
1395 1629 1863 1692 concionandi
1893 1638 1960 1691 et
1998 1629 2406 1708 germanice
2444 1639 2513 1691 et
2541 1627 2777 1690 latine.
2813 1625 2949 1689 Sed
2982 1626 3154 1689 satis

687 1738 1062 1801 molestum
1103 1738 1272 1800 illud
1310 1754 1486 1800 onus
1525 1736 1850 1799 Rectoris
1890 1744 2225 1815 expertus
2263 1745 2402 1815 est,
2446 1745 2514 1798 et
2553 1735 2666 1797 cui
2704 1733 2978 1797 fructus
3021 1731 3152 1795 for-

690 1844 903 1908 tassis
932 1861 1077 1908 non
1106 1844 1555 1924 respondeat;
1588 1842 2018 1923 praecipuae
2063 1843 2250 1905 enim
2288 1841 2613 1904 Rectoris
2652 1840 3169 1921 occupationes·

691 1952 828 2014 hae
874 1951 1194 2015 fuerunt:
1246 1950 1629 2014 inscribere
1672 1967 1899 2012 novos
1939 1949 2436 2026 scholasticOS,
2491 1965 2751 2028 cogere
2804 1947 3157 2012 debitores

696 2058 795 2135 ad,
836 2057 1254 2121 solvendum
1301 2056 1448 2120 suis
1501 2057 1997 2134 creditoribus,
2044 2057 2369 2137 querelas
2408 2065 2476 2117 et
2527 2055 3017 2118 accusationes
3066 2054 3155 2116 ci·

690 2166 891 2245 'vium
921 2173 1170 2227 contra
1199 2164 1667 2227 scholasticos
1699 2162 1967 2240 audire,
2002 2163 2518 2243 reprehendere
2548 2162 2809 2241 ebriOS,
2844 2171 2914 2224 et
2943 2171 3158 2224 noctu

695 2289 825 2352 per
853 2271 1010 2335 vias
1040 2282 1388 2350 vagantes
1417 2271 1490 2332 in
1527 2286 1892 2332 carcerem
1936 2267 2316 2349 conjicere,
2350 2269 2657 2349 primum
2685 2269 2756 2331 in
2780 2267 3151 2344 conviviis,

692 2377 1371 2457 congregationibus
1413 2385 1481 2440 et
1524 2371 2086 2458 promotionibus
2129 2378 2361 2439 locum
2402 2377 2698 2454 habere;
2752 2374 3158 2438 reformatio

701 2495 937 2548 autem
967 2484 1358 2548 studiorum
1388 2494 1457 2546 et
1487 2484 1851 2565 religionis
1881 2502 1925 2546 a
1953 2483 2372 2547 Rectoribus
2403 2484 2656 2564 attingi
2684 2500 2827 2547 non
2864 2482 3156 2553 solebat,

695 2608 863 2654 cum
896 2600 1056 2671 post
1084 2576 1215 2679 se‘x
1256 2608 1533 2654 menses
1575 2590 1803 2654 officio
1839 2591 2412 2670 defungerentur.
2452 2589 2599 2653 Nec
2630 2591 3003 2653 videbatur
3040 2606 3160 2651 no-

694 2698 867 2761 stris
898 2707 1065 2761 tunc
1089 2698 1420 2778 expedire
1442 2706 1520 2761 ut
1552 2698 1935 2779 quidquam
1951 2698 2023 2761 in
2039 2697 2175 2762 hac
2189 2706 2394 2779 parte
2414 2698 2690 2777 publice
2717 2697 3161 2774 innovarent,

696 2806 847 2884 sed,
880 2814 958 2868 ut
995 2807 1317 2886 superius
1356 2806 1622 2870 dictum
1662 2792 1797 2885 est,
1847 2824 1971 2886 per
2011 2807 2191 2869 alios
2235 2822 2416 2886 quae
2455 2805 2546 2868 ad
2582 2805 3159 2868 reformationem

698 2911 1099 2992 hujusmodi
1126 2912 1571 2993 pertinebant
1602 2911 1888 2994 (quibus
1912 2913 2339 2993 suggerebat
2363 2910 2435 2974 P.
2463 2911 2788 2975 Canisius
2811 2910 2997 2991 quod
3020 2910 3154 2990 ipsi

701 3011 1095 3098 videbatur)
1128 3029 1378 3082 curata
1410 3029 1574 3083 sunt
1606 3018 1651 3083 ³.
2497 3039 2500 3043 ⁴

825 3126 957 3189 182.
1046 3128 1124 3189 In
1174 3126 1352 3189 festo
1405 3136 1647 3190 autem
1687 3126 2017 3190 Omnium
2065 3125 2489 3191 Sanctorum
2541 3136 2791 3189 auctus
2829 3141 3164 3188 numerus

782 3297 800 3328 ¹
856 3295 1092 3350 Ignatius
1114 3294 1244 3340 Duci
1265 3295 1527 3339 Bavariae
1543 3328 1553 3348 ‚
1576 3295 1637 3338 de
1658 3294 1774 3347 Jaio
1797 3302 1851 3340 et
1875 3295 2192 3340 Salmerone.
2216 3295 2325 3339 Has
2344 3295 2552 3340 litteras
2572 3296 2733 3338 habes
2763 3295 2814 3338 in
2845 3300 2967 3337 tom.
2989 3304 3027 3336 11
3046 3304 3163 3346 ope·

700 3369 776 3412 ris
798 3368 989 3411 Cartas
1009 3367 1074 3410 de
1091 3367 1201 3409 San
1218 3367 1452 3420 Ignacio,
1473 3377 1594 3420 pag.
1617 3367 1699 3410 252
1720 3373 1772 3410 et
1793 3378 1919 3421 seq..
1942 3372 1993 3410 et
2015 3367 2111 3410 431.
2133 3366 2304 3410 Datae
2325 3373 2501 3412 autem
2520 3367 2662 3410 fuere
2678 3378 2778 3410 non
2794 3365 3037 3409 Kalendis
3061 3367 3165 3408 Au-

701 3442 856 3493 gusti.
873 3445 929 3481 ut
947 3437 1015 3481 ibi
1036 3438 1239 3490 dicitur,
1260 3438 1350 3480 sed
1370 3437 1544 3480 Idibus
1565 3438 1794 3491 ejusdem
1814 3439 2029 3490 mensis,
2052 3445 2108 3481 ut
2130 3439 2271 3482 clare
2294 3445 2513 3494 apparet
2533 3439 2585 3482 in
2603 3438 2812 3483 Polanci
2837 3437 3065 3489 Regesto
3086 3437 3170 3478 lit-

700 3513 947 3552 terarum
971 3509 1028 3551 P.
1049 3509 1113 3551 N.
1144 3509 1363 3561 Ignatii,
1384 3509 1435 3552 in
1456 3508 1701 3551 Historia
1734 3521 1856 3552 mss.
1880 3509 2099 3562 Collegit·
2129 3509 2581 3563 Ingolstadiensis
2614 3517 2666 3553 et
2700 3510 2750 3553 in
2784 3509 3016 3563 pluribus
3051 3507 3169 3551 aliis

702 3581 1037 3633 transsumptis
1070 3581 1121 3623 in
1156 3580 1317 3624 Arch.
1353 3579 1497 3623 Rom.
1533 3580 2131 3634 asservatis.—Ignatius
2166 3580 2313 3626 Patri
2349 3581 2652 3625 Salmeroni.
2689 3580 2813 3634 Has,
2848 3591 2975 3634 quas
3009 3579 3167 3623 etiam

706 3652 868 3695 habes
889 3652 939 3694 in
961 3657 1084 3694 tom.
1105 3662 1156 3704 ιι,
1181 3651 1370 3694 Cartas
1390 3651 1455 3694 de
1478 3650 1587 3693 San
1609 3651 1846 3704 Ignacio,
1863 3663 1983 3706 pag.
2007 3653 2086 3695 254
2108 3658 2158 3696 et
2178 3654 2274 3706 432,
2295 3665 2394 3697 non
2419 3655 2584 3698 solum
2603 3654 2872 3696 Aemcom
2887 3684 2899 3705 ,
2921 3650 3166 3693 Historia

709 3722 1027 3766 vainciae
1051 3722 1374 3765 Germaniae
1396 3722 1706 3776 Superioris
1729 3722 2018 3767 societatis
2044 3723 2199 3778 Jesu,
2227 3736 2276 3779 p.
2300 3736 2332 3777 1,
2355 3725 2464 3768 dec.
2486 3736 2518 3778 1,
2541 3736 2659 3779 pag.
2689 3725 2757 3777 23,
2784 3723 2872 3766 sed
2893 3722 3048 3766 ctiam
3070 3720 3169 3763 RA-

707 3794 1163 3859 οειιυενΒαυανία
1197 3803 1375 3845 sacra,
1409 3801 1444 3837 t.
1481 3804 1551 3847 m,
1584 3799 1636 3836 et
1672 3801 1854 3839 auctor
1890 3797 2192 3850 trassumpti
2221 3796 2536 3850 Ingolstadio
2570 3796 2786 3840 Romam
2818 3795 3025 3838 saeculo
3059 3803 3170 3836 xvn

708 3868 909 3912 ineunte
931 3865 1088 3918 missi,
1111 3871 1162 3907 et
1184 3863 1428 3917 cinnum,
1451 3866 1537 3919 qui
1558 3876 1649 3908 eas
1685 3864 1735 3908 in
1771 3866 2006 3910 italicam
2035 3868 2264 3922 linguam
2297 3868 2484 3921 vertit,
2521 3869 2635 3921 Jaio
2668 3874 2720 3910 et
2751 3878 2851 3910 non
2884 3865 3171 3910 Salmeroni

708 3939 860 3982 datas
880 3941 1231 3981 antumarunt.
1253 3935 1467 3979 Certum
1487 3943 1662 3980 tamen
1694 3943 1773 3980 est
1796 3949 1861 3980 ex
1884 3945 2142 3992 contextu,
2173 3952 2238 3982 ex
2269 3940 2459 3983 litteris
2488 3940 2570 3983 hic
2601 3938 3015 3983 commemoratis
3036 3943 3086 3979 et
3109 3948 3170 3978 ex

712 4009 918 4054 Polanci
942 4008 1277 4052 Litterarum
1298 4006 1357 4049 P.
1381 4006 1443 4049 N.
1468 4007 1676 4061 Ignatii
1695 4008 1928 4063 Regesto
1948 4021 2038 4053 eas
2059 4009 2344 4055 Salmeroni
2368 4012 2521 4056 fuisse
2545 4012 2710 4055 datas.

792 4155 813 4185 Ξ
869 4153 1001 4196 Vide
1022 4157 1195 4195 annot.
1218 4161 1374 4204 supra
1393 4152 1486 4194 sub
1507 4162 1556 4193 n.
1582 4152 2011 4206 150.—Polancns.
2047 4168 2113 4199 ex
2142 4157 2547 4209 commissione,
2580 4157 2735 4201 Petro
2758 4155 2979 4209 Canisio,
3010 4154 3070 4197 de
3095 4154 3175 4196 Nl·

712 4227 857 4269 colao
878 4223 1129 4267 Gaudano
1158 4222 1365 4278 ejusque
1386 4221 1437 4264 ln
1458 4220 1642 4265 itinere
1673 4225 1811 4268 socio
1849 4224 2004 4269 Petro
2034 4226 2352 4280 Schorichio,
2376 4229 2428 4272 16
2447 4228 2670 4281 Augusti
2694 4233 2745 4270 et
2769 4227 2820 4270 16
2840 4225 3172 4281 Septembris.

712 4295 945 4350 [gnatius
965 4293 1211 4338 Dominae
1232 4292 1457 4345 Jacobae
1487 4293 1549 4336 de
1585 4293 1739 4351 Croy,
1762 4295 2166 4342 Marchionissae
2201 4299 2262 4342 de
2301 4299 2499 4353 Bergis,
2523 4299 2788 4342 NIcolaum
2818 4297 3122 4341 Gaudannm
3141 4307 3175 4339 a

714 4367 920 4411 Summo
941 4364 1184 4410 Pontifice
1206 4362 1417 4406 missum
1451 4364 1502 4406 in
1538 4363 1887 4419 Germaniam,
1921 4369 1972 4411 16
2006 4368 2339 4424 Septembris,
2376 4370 2646 4424 Polancus‚
2681 4380 2746 4412 ex
2780 4368 3174 4412 commissione.

716 4440 871 4482 Petro
892 4437 1114 4490 Caninio,
1136 4436 1198 4478 de
1221 4434 1363 4477 Petri
1385 4432 1675 4479 Schorichii
1697 4438 2022 4494 lectionibus,
2045 4452 2215 4484 mense
2239 4441 2535 4485 Novembri.

798 4582 821 4613 ὅ
876 4582 1142 4633 Polancus,
1166 4590 1232 4623 ex
1251 4578 1647 4632 commissione,
1668 4580 1912 4627 Patribus
1932 4584 2073 4639 Jaio,
2096 4585 2383 4629 Salmeroni
2415 4591 2466 4629 et
2500 4586 2722 4640 Canisio,
2746 4591 2800 4629 ut
2818 4585 3178 4628 concionentur

714 4655 896 4704 latine,
920 4653 1001 4696 ubi
1028 4652 1146 4706 sint,
1168 4651 1253 4706 qui
1276 4649 1493 4692 latinam
1514 4649 1749 4707 linguam
1770 4655 1997 4710 capiant,
2015 4657 2293 4709 anditoreS,
2315 4656 2368 4699 23
2388 4656 2576 4701 Martii.
