3679 5414
1593 485 1603 497 .
1695 431 1822 490 ΑΝ.
1881 431 2021 490 1552
2987 432 3098 491 517

618 584 1124 657 praeterquam
1146 575 1337 656 quod
1366 578 1630 640 multas
1656 577 1873 640 horas
1897 578 2186 640 scholae
2217 595 2426 639 mane
2450 586 2518 640 et
2547 586 2708 658 post
2732 577 3100 640 meridiem

622 682 1098 764 impendebat,
1132 693 1383 763 postea
1426 685 1638 765 coqui
1667 674 1974 748 officium
2003 686 2299 765 ipsemet
2330 686 2736 765 exercebat,
2778 702 2911 747 nec
2939 702 3097 765 pro·

621 798 867 871 pterea
897 791 1013 852 vel
1043 790 1338 853 Missam
1368 791 1667 871 singulis
1691 792 1939 855 diebus
1969 793 2083 855 vel
2117 792 2497 855 conciones
2528 792 2776 854 diebus
2802 791 3096 854 domini-

622 897 726 960 cis
757 907 825 960 et
855 896 1057 960 festis
1086 898 1476 962 omittebat.
1519 899 1914 963 Habitabat
1955 909 2192 963 autem
2221 918 2443 981 prope
2480 901 2716 962 locum
2746 897 3092 977 eumdem,

623 1005 695 1066 in
724 1021 862 1083 quo
902 1014 1152 1085 postea
1181 1004 1460 1068 firmam
1500 1004 2012 1069 habitationem
2051 1007 2296 1069 habuit
2337 1006 2681 1070 Societas.
2730 1005 3094 1069 Auxilium

625 1120 864 1174 tamen
894 1129 937 1174 a
967 1109 1044 1175 P.
1077 1111 1356 1190 Ignatio
1382 1113 1676 1176 missum
1707 1123 1836 1193 est,
1870 1122 1948 1177 ut
1979 1131 2159 1177 onus
2188 1131 2395 1177 suum
2425 1112 2654 1176 levius
2693 1112 2769 1176 P.
2804 1111 3094 1175 Deside-

621 1217 771 1280 rius
799 1217 1018 1281 ferret
1049 1215 1094 1283 ¹.

741 1322 884 1386 249.
971 1325 1403 1390 Facessebat
1433 1328 1500 1390 ei
1527 1328 1894 1407 negotium
1914 1345 2297 1409 puerorum
2319 1327 2553 1407 elatio,
2587 1327 2706 1406 qui
2734 1344 2813 1389 se
2835 1326 3093 1406 puniri,

624 1430 789 1493 licet
818 1442 1231 1511 peccarent,
1274 1435 1643 1514 nolebant,
1680 1444 1747 1498 et
1792 1435 2011 1515 aliqui
2048 1436 2137 1498 ab
2182 1452 2266 1497 eo
2308 1434 2639 1514 castigati
2679 1432 2770 1495 ad
2809 1433 3097 1496 scholas

622 1555 768 1601 non
797 1537 1145 1602 redibant.
1181 1539 1572 1621 Postquam
1601 1543 1818 1605 etiam
1847 1543 2114 1605 mensis
2135 1540 2367 1622 Majus
2398 1541 2811 1616 advenerat,
2846 1540 3099 1603 incerti

622 1642 1005 1707 admodum
1050 1656 1254 1709 erant
1309 1648 1668 1712 auditores
1715 1648 2161 1728 grandiores,
2216 1665 2380 1711 cum
2427 1647 2519 1710 ad
2569 1647 3097 1710 inserviendum

619 1752 1034 1831 parentibus
1065 1753 1158 1815 ad
1187 1770 1409 1833 agros
1437 1765 1561 1819 aut
1591 1756 1842 1819 vineas
1885 1756 2050 1818 ituri
2079 1763 2346 1835 essent;
2391 1763 2460 1817 et
2488 1755 2624 1818 hoc
2668 1771 2812 1816 non
2840 1771 3095 1834 parum

617 1858 1033 1937 patientiam
1081 1863 1567 1943 praeceptoris
1616 1863 2020 1925 exercebat.
2073 1861 2367 1925 Praeter
2416 1863 2690 1925 litteras
2742 1878 2866 1924 eos
2917 1861 3098 1923 chri·

619 1965 926 2029 stianam
956 1966 1358 2033 doctrinam
1387 1970 1686 2033 docebat
1725 1981 1823 2049 et,
1869 1979 1945 2033 ut
1986 1979 2296 2051 poterat,
2345 1970 2431 2032 de
2473 1969 2611 2032 illis
2656 1969 3095 2032 benemereti

620 2090 758 2135 non
809 2073 1197 2139 desinebat.
1243 2077 1551 2140 Volebat
1591 2086 1830 2140 autem
1874 2077 1953 2140 P.
2006 2078 2327 2157 Ignatius
2376 2086 2453 2139 ut
2502 2075 2592 2138 ad
2638 2094 2715 2139 se
2754 2076 3096 2139 scriberet

620 2179 880 2243 Rector
910 2191 1079 2260 quot
1122 2184 1606 2248 confessiones
1652 2185 1952 2265 singulis
1994 2184 2454 2248 hebdomadis
2497 2183 2857 2261 audiebat,
2893 2190 2962 2245 et
2992 2182 3095 2246 sic

618 2287 882 2350 bonum
947 2287 1233 2354 Patrem
1297 2292 1383 2355 de
1452 2293 1589 2355 hoc
1647 2294 1765 2374 pio
1831 2292 2222 2355 ministerio
2286 2291 2664 2355 sollicitum
2730 2288 3093 2367 reddebat;

620 2395 952 2474 quamvis
991 2397 1217 2461 tribus
1257 2407 1378 2461 aut
1418 2408 1721 2480 quatuor
1766 2399 2129 2462 ordinibus
2171 2398 2794 2475 scholasticorum,
2842 2396 2961 2476 qui
3005 2396 3095 2458 ad

625 2502 1020 2581 nonaginta
1051 2506 1567 2587 ascendebant,
1602 2507 1796 2570 solus
1827 2508 1978 2588 ipse
2007 2515 2372 2587 praeesset
2399 2504 2445 2568 ².

757 2613 898 2677 250.
987 2613 1103 2677 Ad
1132 2613 1405 2692 aliquos
1444 2633 1487 2677 a
1527 2614 1872 2677 daemone
1913 2615 2244 2677 obsessos
2283 2613 2634 2676 interdum
2675 2613 3096 2687 vocabatur,

627 2723 750 2785 sed
782 2723 921 2785 alio
949 2720 1261 2784 remedio
1292 2738 1436 2783 non
1467 2722 1796 2785 utebatur
1833 2739 2048 2802 quam
2077 2722 2398 2785 oratione
2441 2730 2510 2784 et
2554 2721 2905 2784 sacrificio
2937 2720 3102 2783 Mis-

627 2847 778 2908 sae,
815 2838 918 2909 et,
953 2846 1116 2890 cum
1143 2846 1270 2908 per
1300 2828 1674 2891 intervalla
1705 2829 1796 2891 ad
1826 2846 2114 2891 sensum
2144 2829 2499 2908 integrum
2542 2828 2899 2906 redibant,
2936 2845 3100 2890 con—

624 2936 1005 2999 fessionem
1029 2952 1278 2998 eorum
1301 2934 1656 3013 audiebat;
1684 2935 1896 2997 alicui
1919 2936 2135 2998 etiam
2164 2935 2617 3013 evangelium
2640 2952 2804 2997 cum
2826 2934 3104 3011 Agnus

628 3043 773 3105 Dei
794 3044 976 3106 collo
999 3041 1358 3122 appendit.

747 3149 891 3212 251.
976 3148 1283 3212 Rediens
1327 3166 1417 3211 ex
1457 3147 1702 3211 Alvito
1747 3147 1821 3211 P.
1873 3149 2192 3228 Ignatius
2231 3147 2475 3228 Tybur
2518 3147 2791 3225 invisit,
2827 3157 2895 3209 et
2939 3164 3105 3210 cum

628 3265 1076 3338 expeteretur
1121 3255 1405 3334 aliquiS,
1462 3255 1579 3335 qui
1622 3255 1694 3318 in
1737 3254 2076 3318 Adventu
2125 3255 2707 3333 concionaretur,
2757 3271 2841 3315 ac
2882 3254 3103 3317 nomi-

630 3365 856 3427 natim
898 3361 974 3426 P.
1018 3362 1295 3425 Doctor
1337 3361 1666 3441 OlaviuS‚
1713 3363 1834 3441 qui
1875 3359 2275 3442 Septembri
2316 3361 2640 3441 proxime
2684 3362 2925 3439 elapso
2966 3359 3106 3422 Ro-

632 3488 823 3533 mam
879 3478 954 3532 ut
1009 3468 1321 3532 novitius
1378 3477 1708 3548 venerat,
1772 3468 2018 3549 Tybur
2068 3485 2229 3531 eum
2278 3468 2503 3547 misit,
2558 3468 2885 3547 quamvis
2935 3483 3113 3530 suas

633 3576 1200 3658 praedicationes
1250 3583 1319 3637 et
1370 3575 1905 3639 exhortationes
1953 3574 2029 3639 P.
2074 3575 2489 3638 Desiderius
2532 3592 2674 3637 non
2718 3574 3106 3652 reliquerit.

635 3686 722 3748 Et
752 3685 916 3748 licet
948 3682 1264 3746 italicam
1292 3682 1612 3761 linguam
1651 3680 1727 3744 P.
1774 3680 2072 3745 Olavius
2112 3699 2255 3744 non
2293 3683 2471 3744 bene
2512 3681 2905 3756 didicisset,
2941 3697 3104 3743 con·

635 3791 910 3854 cionari
948 3799 1187 3853 tamen
1225 3787 1413 3869 apud
1453 3788 1888 3868 Tyburtinos
1930 3790 2165 3867 coepit
2210 3789 2283 3851 in
2323 3790 2586 3869 templo
2627 3787 2716 3850 D.
2759 3787 3106 3866 Thomae,

633 3899 751 3961 ubi
808 3906 877 3960 et
932 3897 1226 3960 Missam
1282 3895 1723 3976 celebrabat;
1783 3905 1855 3958 et
1911 3913 2073 3959 cum
2131 3915 2173 3959 a
2222 3895 2522 3977 prandio
2578 3895 3102 3975 magistratum,

630 4023 843 4085 quem
872 4010 1085 4084 caput
1114 4001 1410 4066 militiae
1440 4012 1735 4082 vocant,
1771 4004 2153 4067 salutasset
2171 4051 2187 4079 ,
2231 4020 2393 4067 cum
2437 4020 2575 4083 quo
2619 4004 2820 4066 multi
2849 4021 2939 4065 ex
2967 4002 3110 4082 pri-

719 4242 735 4272 ¹
798 4242 1081 4295 Polaticus,
1104 4252 1171 4284 ex
1190 4252 1351 4294 com„
1372 4240 1517 4284 Patri
1549 4241 1846 4295 Desiderio,
1877 4241 2152 4298 Tyburim,
2185 4242 2247 4285 de
2281 4242 2574 4296 aperiendis
2607 4241 2772 4284 denuo
2802 4241 3021 4294 scholis,
3053 4241 3115 4285 12

636 4311 828 4362 Martii.

716 4384 739 4415 ²
793 4383 1065 4438 Polancus,
1088 4397 1155 4429 ex
1176 4397 1322 4436 com„
1341 4385 1487 4430 Patri
1509 4385 1781 4429 Desiderio
1796 4418 1807 4439 ,
1830 4385 1972 4428 circa
1992 4395 2269 4438 puerorum
2290 4385 2339 4428 in
2360 4385 2550 4428 scholis
2570 4385 2761 4429 nostris
2787 4383 3108 4439 punitionem

639 4454 897 4508 triplicem
930 4455 1064 4499 hanc
1100 4457 1337 4510 regulam
1368 4457 1433 4499 ab
1465 4454 1669 4509 Ignatlo
1701 4460 1982 4508 statutam3
2023 4456 2128 4497 1.·m
2160 4455 2246 4498 ubi
2277 4455 2343 4498 ad
2373 4466 2460 4499 eos
2490 4456 2799 4499 coercendos
2819 4456 2980 4498 verba
2999 4455 3105 4498 suf·

638 4524 812 4569 ficiant
830 4558 841 4578 ,
863 4536 963 4569 non
985 4538 1097 4570 esse
1120 4527 1262 4571 aliud
1280 4527 1560 4582 punitionis
1582 4538 1743 4580 genus
1763 4527 2132 4578 adhibendum;
2155 4527 2264 4568 2.·m
2285 4537 2431 4570 secus
2460 4527 2711 4581 agendum
2733 4538 2847 4570 cum
2867 4527 2953 4580 iis,
2975 4537 3110 4580 quos

637 4598 819 4650 verba,
844 4596 1079 4650 dedecm,
1103 4603 1221 4652 etc„
1245 4610 1342 4642 non
1363 4604 1624 4651 moveant;
1645 4598 1756 4640 3.⁸m
1775 4597 1886 4648 hos,
1908 4596 1951 4639 si
1973 4597 2143 4650 puniri
2157 4603 2310 4650 prout
2330 4597 2454 4651 ipsis
2475 4608 2602 4650 opus
2623 4602 2702 4640 est
2722 4608 2898 4641 eorum
2917 4607 3108 4650 paren—

640 4674 720 4712 tes
740 4668 920 4722 nolint,
938 4680 1035 4712 non
1057 4680 1172 4713 esse
1192 4671 1243 4713 in
1263 4670 1454 4714 scholis
1473 4669 1787 4723 retinendos,
1811 4669 1861 4710 14
1883 4667 2020 4712 Maii.
