3679 5414
626 467 740 527 766
1543 469 1800 530 Canon.
1841 467 1995 529 Soc.
2036 469 2177 542 jes,

626 613 843 693 aliqui
864 630 990 693 per
1013 616 1273 676 multos
1294 632 1523 676 annos
1544 614 1634 677 ab
1655 632 1740 678 eo
1764 625 2216 678 sacramento
2247 615 2758 678 abstinuerant.
2793 614 3089 677 Fateba-

620 729 740 782 tur
788 720 874 782 de
922 737 998 783 se
1037 721 1108 783 in
1146 720 1478 784 familiari
1529 722 1881 802 colloquio
1931 722 2276 784 lusitanus
2315 722 2603 802 quidam
2642 740 2720 784 se
2759 722 2878 785 diu
2916 737 3090 801 erga

622 826 986 890 Christum
1018 827 1561 891 malefaffectum
1599 827 1849 907 fuisse,
1885 829 2074 908 quod
2114 829 2344 909 ipsum
2372 829 2554 892 sicut
2593 830 2772 892 alios
2800 829 3087 892 divitem

620 951 769 997 non
809 934 1110 1014 faceret3
1151 952 1312 997 cum
1341 935 1773 998 christianus
1796 946 1989 999 esset
2023 945 2096 998 et
2119 953 2288 999 cum
2315 954 2442 1017 per
2467 937 2810 1000 ecclesias
2835 936 3087 999 transi·

629 1050 757 1119 ret,
811 1051 1099 1121 propter
1137 1042 1274 1104 hoc
1323 1042 1562 1106 odium
1612 1060 1745 1105 nec
1790 1044 2149 1107 salutabat
2200 1061 2333 1106 nec
2384 1044 2828 1107 reverentiae
2874 1045 3090 1105 ullum

627 1148 913 1226 signum
948 1148 1348 1227 exhibebat,
1394 1158 1465 1212 et
1504 1166 1668 1213 cum
1704 1149 2085 1231 aliquando
2127 1168 2203 1213 se
2242 1161 2512 1214 motum
2551 1152 2843 1214 sentiret
2879 1159 2956 1212 ut
2999 1150 3089 1213 ad

628 1253 706 1318 B.
745 1253 1119 1335 Virginem
1158 1257 1555 1320 orationem
1595 1254 1943 1336 funderet,
1977 1258 2355 1337 colligebat
2385 1258 2536 1339 ipse
2566 1277 2642 1320 se
2672 1276 2758 1320 ac
2789 1257 3085 1321 dicebat:

628 1363 689 1425 si
713 1378 848 1442 ego
870 1364 1054 1426 male
1077 1363 1372 1427 affectus
1392 1381 1548 1427 sum
1573 1363 1643 1426 in
1670 1363 1950 1444 Filium,
1976 1365 2331 1446 quomodo
2352 1365 2572 1427 orabo
2596 1364 2747 1445 ejus
2767 1363 3094 1427 Matrem?

616 1469 975 1550 ‘Quamvis
1006 1481 1244 1534 autem
1272 1470 1423 1551 ejus
1453 1470 1757 1534 officium
1796 1480 1985 1534 esset
2013 1473 2169 1534 alea
2201 1471 2465 1550 ludere,
2498 1489 2630 1534 nec
2669 1470 2861 1534 aliud
2900 1470 3092 1552 quid·

630 1594 845 1657 quam
875 1578 1041 1641 boni
1071 1594 1287 1657 agere
1305 1626 1320 1655 ,
1352 1576 1503 1656 ejus
1535 1587 1774 1640 tamen
1804 1578 2130 1641 Christus
2160 1579 2490 1641 misertus
2519 1590 2648 1641 est.

749 1683 891 1747 738.
979 1684 1079 1748 Ibi
1109 1685 1573 1748 concionatus
1601 1685 1818 1748 etiam
1858 1685 2115 1749 dicitur
2145 1685 2222 1749 B.
2249 1684 2647 1765 Apostolus
2687 1685 2996 1749 Thomas
3025 1695 3093 1746 et

630 1792 957 1872 martyrii
985 1809 1325 1855 coronam
1354 1792 1776 1872 suscepisse.
1810 1790 1995 1855 Nam
2024 1793 2099 1855 in
2127 1793 2308 1855 mari
2336 1792 2573 1855 vicino
2606 1794 2853 1855 ruinae
2889 1809 3093 1874 quae·

631 1897 795 1961 dam
824 1898 1305 1962 aedificiorum
1344 1908 1754 1978 cernuntur,
1799 1899 1918 1962 ubi
1959 1899 2126 1962 olim
2164 1898 2382 1962 fuisse
2423 1899 2893 1963 Calaminiam
2929 1899 3094 1961 civi·

631 2014 851 2068 tatem
900 2006 1145 2085 fertur,
1191 2023 1402 2086 quam
1442 2006 1786 2087 paulatim
1824 2024 2024 2070 mare
2064 2007 2468 2086 occupavit.
2511 2007 2777 2071 Ferunt
2815 2006 3097 2087 quidem

633 2113 953 2176 edesseni
984 2131 1244 2194 corpus
1272 2113 1351 2177 B.
1386 2113 1712 2194 Apostoli
1743 2114 1908 2176 inde
1937 2114 2279 2177 Edessam
2306 2116 2731 2178 translatum
2761 2131 2940 2192 esse;
2972 2114 3098 2177 sed

632 2236 895 2299 magna
940 2237 1109 2301 pars
1158 2223 1581 2300 populorum
1632 2219 1871 2283 Indiae
1919 2221 2351 2283 contrariam
2404 2221 2813 2301 opinionem
2860 2220 3095 2298 habet,

632 2327 797 2406 quia
822 2328 895 2391 in
917 2326 1068 2407 ejus
1090 2328 1451 2407 sepultura
1475 2344 1741 2407 corpus
1769 2328 2135 2391 inventum
2159 2337 2288 2404 est,
2313 2346 2401 2391 ex
2427 2345 2567 2408 quo
2591 2329 2897 2408 optimus
2923 2327 3100 2391 odor

632 2443 740 2496 est
769 2450 1135 2513 egressuS,
1178 2444 1248 2497 et
1286 2435 1422 2514 ipsi
1462 2434 1677 2497 etiam
1713 2436 2015 2514 gentiles
2047 2435 2118 2498 id
2155 2451 2593 2515 magnopere
2637 2444 3095 2498 venerantur.

633 2539 856 2619 Super
881 2558 1134 2604 saxum
1156 2541 1511 2621 quoddam
1535 2551 1644 2604 est
1667 2559 1848 2604 crux
1872 2542 2244 2622 insculpta,
2272 2558 2436 2605 cum
2457 2543 2679 2620 guttis
2703 2542 3096 2621 sanguinis,

632 2645 833 2727 cujus
864 2648 1246 2728 imaginem
1276 2646 1350 2711 P.
1389 2646 1670 2729 Gaspar
1697 2648 2049 2730 depictam
2071 2648 2149 2713 Ρ.
2175 2648 2455 2729 Ignatio
2480 2650 2553 2712 in
2577 2649 2826 2713 charta
2849 2665 3099 2730 perga·

634 2772 843 2818 mena
894 2755 1106 2819 misit.
1163 2754 1497 2818 Vicarius
1544 2765 1781 2819 autem
1834 2754 1984 2836 ejus
2027 2758 2226 2820 urbis
2276 2757 2758 2820 testimonium
2801 2757 3108 2820 reddidit

621 2862 825 2942 quod
853 2861 1123 2925 invenit
1153 2879 1411 2943 corpus
1439 2862 1598 2925 saxi
1629 2862 1788 2940 (sic)
1820 2873 1888 2925 et
1915 2864 2184 2943 lignum
2210 2864 2565 2944 quoddam
2587 2864 2863 2943 ingenS,
2891 2864 3102 2943 quod,

635 2969 924 3033 vivente
960 2969 1038 3032 B.
1075 2969 1441 3050 Apost010,
1476 2968 1742 3033 deforis
1772 2980 2093 3050 venerat,
2121 2971 2445 3052 quodque
2477 2972 2664 3033 mille
2690 2970 2866 3051 juga
2893 2971 3105 3033 boum

635 3093 778 3140 non
806 3077 1200 3157 potuissent
1231 3094 1556 3157 movere;
1589 3078 1740 3157 ipse
1772 3094 1948 3141 vero
1990 3076 2450 3159 [Apostolus]
2485 3076 2753 3141 chorda
2796 3077 3105 3159 quadam

634 3182 841 3246 facile
864 3184 1033 3248 illud
1056 3185 1275 3247 traxit
1296 3184 1386 3247 ad
1411 3186 1667 3261 locum,
1702 3185 1819 3248 ubi
1847 3185 2134 3248 domum
2157 3202 2361 3250 suam
2379 3183 2890 3260 ,aedificaturus
2919 3194 3099 3247 erat.

636 3289 827 3353 Misit
868 3289 1268 3371 [Vicarius]
1302 3309 1392 3354 ex
1431 3291 1566 3355 hoc
1611 3292 1807 3371 ligno
1850 3291 2249 3355 confectam
2290 3290 2672 3373 quamdam
2723 3292 3106 3371 imaginem

639 3395 974 3460 Crucifixi
1000 3397 1089 3461 ad
1122 3399 1198 3461 B.
1226 3398 1578 3478 Ignatium
1607 3408 1705 3475 ut,
1736 3400 1796 3461 si
1826 3399 2189 3462 videretur
2220 3398 2577 3479 expedire,
2612 3396 2903 3461 Summo
2926 3396 3103 3460 Pon·

638 3503 805 3567 tifici
834 3504 1063 3582 daret;
1101 3523 1265 3568 nam
1297 3506 1432 3567 illis
1459 3506 1533 3568 in
1562 3506 1741 3570 locis
1772 3523 1904 3586 pro
1937 3505 2321 3569 admodum
2350 3506 2663 3586 pretiosa
2704 3505 3002 3585 reliquia
3035 3505 3107 3567 id

639 3612 960 3675 habetur.
3126 3600 3130 3605 ’

756 3719 899 3782 739.
985 3720 1062 3784 In
1103 3737 1340 3783 arcem
1391 3720 1531 3783 Dio
1568 3729 1901 3784 vocatam
1952 3720 2109 3784 Goa
2157 3720 2416 3783 missus
2465 3728 2572 3783 est
2621 3718 2697 3782 P.
2752 3719 3109 3782 Antonius

624 3825 927 3891 Gomez.
969 3828 1096 3891 Est
1136 3837 1373 3890 autem
1409 3828 1484 3891 in
1524 3845 1746 3907 regno
1787 3827 2200 3907 Cambaiae,
2243 3827 2710 3890 lusitanorum
2750 3826 3108 3907 praesidio

638 3934 928 3996 munita.
963 3930 1524 4012 Praedicatione,
1559 3951 1700 4013 qua
1728 3934 2027 3997 multum
2057 3933 2412 3996 Antonius
2439 3933 2755 4010 valebat,
2790 3951 2933 3995 non
2966 3933 3107 3995 exi·

637 4056 859 4118 guum
886 4040 1194 4103 fructum
1226 4042 1624 4104 animarum
1652 4040 1814 4103 inde
1844 4036 2217 4103 referebat.
2264 4039 2734 4104 Nihilominus
2770 4040 3108 4103 recedens

639 4144 717 4208 Ρ.
748 4146 1177 4211 Franciscus
1206 4146 1500 4223 Xavier,
1535 4157 1914 4228 postquam
1943 4146 2407 4210 intellexisset
2439 4146 2794 4226 quomodo
2838 4164 2914 4209 se
2955 4162 3107 4226 ges·

640 4264 833 4317 serat
865 4255 936 4317 in
966 4253 1483 4333 gubernatione
1527 4255 1711 4317 illius
1741 4254 2040 4334 Collegii
2069 4252 2408 4332 GoensiS,
2451 4253 2565 4316 cui
2605 4254 3029 4316 auctoritate
3068 4272 3110 4315 a

640 4359 715 4423 Ρ.
751 4359 1035 4424 Simone
1066 4369 1362 4441 accepta
1391 4361 1820 4441 praefuerat,
1855 4362 2127 4424 litteras
2156 4358 2232 4422 Ρ.
2268 4359 2575 4439 Gaspari
2606 4359 2911 4439 scriptas
2955 4360 3109 4422 reli·

635 4467 811 4547 quit,
839 4478 913 4530 ut
941 4478 1104 4548 post
1131 4468 1353 4548 ipsius
1374 4468 1885 4548 profectionem
1914 4477 1983 4530 et
2013 4468 2281 4548 aliquot
2310 4482 2590 4529 menses
2621 4482 2782 4528 eum
2812 4484 2855 4528 a
2878 4464 3110 4529 Socie-

640 4583 787 4637 tate
817 4586 1061 4639 nostra
1093 4575 1164 4637 in
1201 4584 1623 4656 perpetuum
1665 4574 2081 4654 dimitteret3
2128 4575 2232 4637 sic
2271 4573 2458 4637 enim
2502 4572 2594 4635 ad
2637 4571 2771 4634 Dei
2808 4573 3114 4651 gloriam

626 4690 711 4744 =et
768 4682 1139 4745 servitium
1195 4682 1548 4762 pertinere
1606 4681 2092 4759 existimabat;
2145 4680 2344 4759 cujus
2403 4678 2835 4742 dimissionis
2893 4698 3114 4743 causa
