3679 5414
678 405 789 461 454
1614 409 1871 470 Canon.
1913 409 2067 470 Soc,
2108 411 2249 484 Jas.

681 548 1109 630 offerebant,
1161 568 1295 615 nec
1344 555 1608 617 nostris
1665 555 2051 635 quidquam
2102 555 2506 619 defuturum
2560 557 3029 637 recipiebant;
3090 569 3158 623 et

684 674 857 735 prae
902 659 1202 721 caeteris
1251 658 1431 723 haec
1482 662 1634 741 ipsa
1687 661 1998 726 Domina
2059 663 2509 743 Constantia,
2562 682 2724 726 cum
2777 666 3158 744 pecuniam

680 765 1072 842 largiorem
1121 765 1214 829 ad
1256 785 1371 829 res
1421 770 1869 833 necessarias
1922 771 2484 871 contulissetket
2536 770 2627 833 ad
2676 788 2753 833 se
2791 789 3159 836 recursum

679 871 959 950 haberi,
995 872 1586 955 quandocumque
1623 894 1702 939 re
1733 878 1970 956 aliqua
2001 895 2178 957 opus
2207 887 2427 957 esset,
2454 877 2815 957 jussisset,
2864 897 3012 942 non
3052 897 3155 943 so-

681 978 829 1040 lum
878 980 1426 1059 supellectilibus
1472 982 1727 1062 juvare
1777 984 2094 1047 futurum
2144 984 2541 1064 Collegium
2587 985 2845 1064 voluit;
2894 987 3041 1061 sed,
3083 995 3158 1050 ut

679 1098 837 1148 erat
882 1087 1147 1167 insigni
1192 1091 1458 1169 pietate
1506 1091 1853 1170 praedita,
1903 1092 2210 1172 propriis
2262 1092 2590 1155 manibus
2644 1110 2888 1155 omnes
2935 1094 3159 1157 lectos

680 1197 1114 1258 concinnare
1137 1198 1383 1276 voluit,
1412 1207 1792 1277 antequam
1815 1201 2045 1263 nostri
2072 1199 2421 1263 Mutinam
2451 1201 2800 1279 venirent;
2826 1209 2893 1264 et
2918 1219 3157 1282 quam-

678 1302 793 1364 vis
823 1304 1038 1383 aliqui
1062 1304 1237 1367 satis
1267 1322 1422 1368 esse
1456 1306 1515 1367 si
1545 1306 1854 1386 quinque
1877 1309 1993 1369 vel
2016 1324 2144 1370 sex
2166 1308 2616 1371 mitterentur
2645 1308 2718 1371 in
2747 1308 2945 1371 initio
2974 1309 3152 1372 dice-

678 1419 861 1489 rent,
896 1410 1016 1472 illa
1043 1420 1283 1474 tamen
1326 1429 1485 1475 cum
1533 1414 2098 1491 praenominatis
2142 1414 2390 1478 amicis
2436 1414 2680 1477 decem
2720 1415 2902 1478 mitti
2946 1433 3155 1496 posse

678 1534 811 1578 nec
843 1518 979 1580 illis
1009 1518 1391 1598 quidquam
1424 1520 1824 1583 defuturum
1856 1520 2254 1584 affirmabat
2281 1520 2322 1584 ¹.

800 1625 897 1687 93.
989 1624 1287 1706 Scripsit
1316 1628 1553 1706 itaque
1591 1627 1990 1708 Episcopus
2029 1627 2225 1691 Patri
2263 1628 2562 1707 IgnatiO,
2596 1628 2987 1707 Collegium
3018 1628 3152 1691 hoc

677 1730 1060 1797 Societatis
1088 1735 1534 1814 postulandO,
1572 1744 1671 1813 et,
1707 1736 2038 1813 quamvis
2078 1736 2266 1799 hunc
2298 1736 2563 1815 locum,
2612 1754 2700 1798 ne
2729 1753 2844 1798 res
2881 1746 3150 1815 protra-

677 1839 985 1920 heretur,
1039 1842 1569 1920 assignaverat,
1624 1842 1839 1904 alium
1890 1842 2474 1921 commodiorem,
2530 1861 2691 1906 cum
2741 1843 3026 1905 occasio
3075 1861 3151 1906 se

675 1945 986 2027 offerret,
1030 1966 1107 2010 se
1147 1950 1677 2027 assignaturum
1716 1949 2210 2029 pollicebatur.
2253 1950 2342 2012 Et
2383 1967 2544 2012 cum
2589 1951 2680 2013 ad
2719 1950 3152 2014 visitandam

681 2054 1060 2117 dioecesim
1089 2065 1275 2118 esset
1298 2073 1718 2134 egressurus
1747 2073 1989 2118 mense
2021 2055 2274 2136 Aprili,
2310 2056 2837 2119 commendavit
2870 2057 3144 2121 concio-

676 2162 907 2224 natori
938 2154 1367 2226 cathedralis
1391 2164 1737 2226 ecclesiae
1759 2172 1833 2226 ut
1859 2181 1948 2225 ex
1978 2173 2324 2241 suggestu
2354 2172 2734 2226 venturum
2763 2162 3138 2227 Societatis

673 2267 1072 2348 Collegium
1103 2271 1477 2348 diligenter
1504 2272 1765 2351 populo
1790 2271 2341 2333 commendaret.
2377 2270 2554 2334 Cum
2584 2282 2821 2334 autem
2852 2271 2988 2350 ille,
3024 2273 3145 2351 qui

670 2377 1047 2455 religiosus
1078 2386 1253 2454 erat,
1289 2394 1550 2455 magna
1583 2378 1958 2440 dilectione
1995 2376 2420 2441 Societatem
2459 2388 3028 2457 prosequeretur,
3061 2397 3144 2442 eo

672 2500 963 2546 munere
997 2483 1510 2547 officiosissime
1539 2484 1826 2547 functus
1857 2494 1985 2547 est.
2020 2484 2114 2547 Ut
2144 2494 2384 2547 tamen
2412 2485 2756 2547 habitatio
2787 2494 2856 2548 et
2883 2503 2999 2548 res
3029 2503 3143 2549 ne·

672 2592 1031 2654 cessariae
1062 2600 1664 2671 praepararentur
1687 2602 1756 2654 et
1780 2600 2019 2653 aestus
2045 2591 2588 2670 defervesceret,
2617 2591 2837 2655 dilata
2860 2601 2968 2654 est
2991 2593 3145 2656 Col·

670 2698 839 2776 legii
876 2698 1119 2761 missio
1162 2717 1386 2779 usque
1428 2699 1519 2762 ad
1559 2698 2067 2779 Septembrem.
2112 2698 2361 2762 Maluit
2400 2700 2588 2763 enim
2626 2698 2941 2778 Ignatius
2978 2710 3146 2763 tunc

668 2823 919 2867 omnes
948 2807 1159 2868 simul
1188 2807 1467 2869 mittere
1497 2824 1746 2885 quam,
1782 2815 1858 2868 ut
1888 2806 2285 2886 Episcopus
2325 2807 2645 2886 optabat,
2688 2824 2927 2871 mense
2957 2806 3145 2870 Maio

671 2921 976 2991 quatuor
1028 2922 1149 2976 aut
1189 2914 1496 2993 quinque
1527 2925 1595 2976 et
1633 2914 1947 2993 reliquos
1983 2914 2055 2975 in
2093 2911 2491 2993 Septembri
2530 2909 2873 2976 Mutinam
2923 2923 3148 2977 trans-

663 3020 971 3083 mittere.

788 3127 889 3189 94.
978 3128 1265 3204 Electus
1296 3137 1402 3191 est
1435 3128 1506 3190 in
1534 3127 1914 3190 Rectorem
1948 3126 2157 3207 hujus
2190 3126 2487 3206 Collegii
2520 3126 2595 3189 P.
2632 3126 2899 3190 Caesar
2928 3127 3148 3190 Aver-

670 3235 915 3313 sanuS,
950 3236 1092 3315 qui,
1127 3235 1481 3298 Gandiam
1514 3236 1796 3312 missuS,
1832 3235 2037 3296 initio
2065 3233 2286 3314 hujus·
2305 3233 2473 3296 anni
2497 3233 2801 3297 Romam
2830 3244 3147 3298 venerat.

668 3340 1068 3421 Adjunctus
1098 3350 1205 3404 est
1235 3342 1299 3404 ei
1330 3340 1419 3431 P..
1442 3341 1805 3404 Adrianus
1843 3340 2241 3417 CandiduS,
2270 3340 2491 3419 Belga
2512 3389 2526 3418 ,
2561 3340 2854 3404 Parisiis
2897 3342 3154 3404 missus

668 3465 835 3510 cum
875 3449 1221 3527 magistro
1272 3449 1331 3511 F
1334 3449 1661 3511 rancisco
1694 3447 2058 3529 Scipione,
2114 3448 2233 3528 qui
2267 3449 2487 3511 etiam
2528 3448 2876 3511 Mutinam
2913 3465 3151 3528 supre-

658 3572 826 3617 mae
843 3555 1130 3618 scholae
1148 3573 1395 3619 curam
1418 3556 1789 3619 habiturus
1811 3556 2073 3619 missus
2099 3564 2228 3619 est.
2251 3556 2498 3635 Itaque
2523 3556 2615 3617 ad
2637 3554 2816 3618 haec
2840 3555 2974 3617 tria
2998 3554 3158 3618 Col--

664 3662 886 3740 legia,
935 3662 1387 3742 Perusinum,
1431 3663 1883 3742 Eugubinum
1925 3672 1994 3725 et
2036 3662 2438 3726 Mutinense
2492 3662 2917 3736 inchoanda,
2970 3662 3154 3725 inter

751 3944 767 3975 ¹
828 3942 922 3985 His
945 3942 1087 3985 addit
1110 3942 1421 3985 orlandinus
1450 3942 1662 3985 Petrum
1693 3941 1965 3985 Nicolaum
2001 3940 2253 3993 Bisciola,
2290 3941 2402 3995 “qui
2438 3952 2553 3983 cum
2586 3941 2716 3984 duos
2745 3953 2772 3983 e
2805 3940 2969 3984 Sociis
2987 3941 3154 3995 primo

663 4015 851 4058 statim
887 4025 1062 4056 eorum
1099 4014 1324 4058 adventu
1362 4014 1562 4057 domum
1598 4025 1743 4057 suam
1779 4014 2013 4067 hospites
2047 4013 2354 4065 recepisset,
2375 4023 2553 4054 eorum
2572 4012 2866 4056 admiratus
2887 4013 3154 4066 virtutem,

669 4087 747 4130 ita
766 4092 1014 4139 precatus
1035 4092 1113 4128 est
1134 4085 1322 4129 Deum:
1346 4085 1560 4128 Utinam
1579 4085 1728 4128 liberi
1753 4085 1852 4127 mei
1882 4085 1932 4127 in
1965 4094 2232 4127 numerum
2266 4084 2449 4126 horum
2479 4082 2696 4126 Patrum
2717 4084 3152 4127 adsciscerentur!

671 4157 815 4201 Duos
836 4168 897 4199 eo
920 4164 1149 4211 tempore
1174 4157 1448 4200 dumtaxat
1471 4157 1695 4199 habebat
1718 4156 1914 4199 liberos
1933 4189 1943 4209 ,
1967 4167 1995 4197 e
2015 4156 2189 4210 priore
2212 4161 2480 4208 susceptos
2512 4155 2728 4208 conjuge
2745 4187 2755 4205 .
2786 4154 3036 4207 Joannem
3057 4153 3156 4198 Ga·

670 4229 889 4272 brielem
911 4235 963 4271 et
984 4228 1234 4280 Laelium,
1258 4234 1310 4270 et
1330 4234 1545 4281 uterque
1567 4238 1667 4270 11011
1698 4227 1872 4270 multis
1909 4234 2027 4280 post
2064 4226 2215 4269 annis
2251 4227 2303 4269 in
2337 4225 2655 4270 Societatem
2688 4239 2719 4270 a
2753 4225 2918 4270 Beato
2949 4226 3155 4280 Ignatio

675 4305 952 4353 cooptatus
974 4306 1053 4342 est
1075 4299 1285 4343 Romae.
1308 4299 1454 4342 Adeo
1474 4299 1543 4352 pii
1565 4298 1798 4352 parentis
1833 4305 1960 4341 vota
1995 4297 2226 4352 respexit
2260 4297 2402 4341 Deus
2418 4331 2428 4348 ,
2460 4298 2589 4341 adeo
2623 4298 2851 4352 gratiam
2872 4298 3051 4342 brevis
3069 4299 3157 4342 ho-

673 4372 818 4426 spitii
841 4372 1036 4414 duobus
1058 4371 1367 4414 commodati
1390 4371 1594 4414 famulis
1615 4371 1745 4422 suis,
1765 4371 1982 4413 totidem
2014 4371 2123 4425 ejus
2154 4370 2334 4414 liberis
2367 4376 2618 4423 perpetuo
2651 4370 2787 4424 apud
2815 4380 2869 4412 se
2904 4370 3157 4413 domIcilio

680 4443 997 4485 cumulatam
1020 4443 1302 4495 rependit„‚
1325 4441 1469 4485 Hist.
1490 4441 1630 4493 Soc.,
1648 4442 1684 4484 l.
1706 4452 1804 4494 111,
1829 4452 1877 4483 11.
1903 4441 2273 4494 17.-1gnatius
2293 4440 2546 4484 Dominae
2567 4440 2792 4493 Jacobae
2825 4439 3152 4484 Pallavicini·

668 4516 787 4568 ejus
808 4516 993 4558 bonam
1015 4517 1338 4558 voluntatem
1358 4514 1603 4565 laudans,
1627 4519 1678 4556 et
1700 4513 1974 4556 ostendens
2005 4525 2069 4556 ex
2099 4513 2162 4556 iis
2178 4545 2188 4564 ‚
2215 4524 2346 4566 quae
2380 4513 2431 4555 in
2461 4513 2612 4556 novis
2634 4512 2905 4566 collegiis,
2927 4511 3156 4556 Mutinae

672 4587 1003 4640 praesertim,
1029 4586 1264 4629 Societas
1283 4586 1395 4639 agit
1417 4592 1469 4628 et
1501 4586 1717 4639 patitur,
1740 4595 1841 4626 non
1860 4595 1971 4627 esse
1994 4596 2125 4627 nunc
2149 4590 2490 4639 opportunum
2509 4590 2712 4638 tempus
2733 4585 2798 4627 ad
2821 4584 2962 4627 aliud
2984 4582 3156 4626 Socie-

672 4658 805 4701 tatis
827 4658 1113 4711 Collegium
1137 4657 1419 4701 Cremonae
1439 4658 1798 4708 inchoandum;
1823 4657 1918 4699 sub
1941 4655 2091 4699 finem
2112 4658 2264 4711 hujus
2286 4656 2422 4701 anni.
