3679 5414
458 460 478 507 ⁸
1556 496 1683 555 AN.
1730 494 1870 554 1550
2863 496 2940 553 97

472 646 542 706 in
577 645 814 707 multis
856 644 1133 706 actibus
1180 652 1521 722 quantum
1566 641 1860 721 quisque
1904 640 2320 720 profecisset
2361 640 2819 720 probabatur,
2866 653 2933 705 et

459 750 781 830 justitiae
812 760 881 814 et
919 750 1363 813 rectitudinis
1402 750 1588 811 ratio
1634 748 2047 826 habebatur,
2096 756 2165 810 et
2206 748 2471 828 alioqui
2512 749 2687 811 nihil
2730 766 2932 828 pecu-

467 860 630 921 niae
661 876 792 939 pro
821 857 1226 938 hujusmodi
1254 857 1598 936 gradibus
1626 857 2090 935 acciperetur,
2132 854 2326 917 fama
2364 857 2650 918 veritati
2691 856 2935 918 innixa

462 966 679 1028 latius
727 975 972 1044 patere
1024 982 1186 1027 cum
1229 963 1718 1026 aedificatione
1770 962 1858 1025 de
1905 980 2097 1025 nova
2147 962 2627 1025 Universitate
2677 964 2931 1043 coepit.

464 1071 764 1134 Praeter
792 1070 870 1132 P.
915 1071 1339 1151 Baptistam,
1382 1071 1503 1148 qui
1539 1069 1942 1148 theologiae
1982 1068 2230 1131 doctor
2269 1076 2376 1131 est
2413 1068 2674 1147 factuS,
2717 1070 2934 1133 Anto·

466 1181 635 1242 nius
652 1178 1003 1243 Cordeses
1027 1178 1098 1240 in
1119 1176 1567 1259 philosophia
1590 1177 1954 1254 magister,
1980 1175 2319 1238 Albertus
2334 1175 2753 1238 Mutinensis
2775 1176 2934 1238 bac·
2975 1224 2978 1227 .

467 1288 845 1349 calaureus
874 1284 1168 1348 effectus
1196 1293 1433 1363 est‚·et
1462 1285 1671 1364 paulo
1701 1292 1862 1363 post
1889 1282 1966 1344 P.
2014 1282 2422 1345 Gonsalvus
2466 1283 2551 1345 de
2581 1282 2933 1362 Sylveira,

472 1393 546 1456 P.
603 1394 913 1477 Joannes
963 1392 1373 1471 Coviglion,
1428 1400 1496 1453 et
1544 1390 1621 1453 P.
1674 1389 2029 1469 Georgius
2078 1390 2393 1466 Morera,
2454 1390 2804 1453 Doctores
2861 1391 2933 1453 in

467 1501 829 1579 theologia
859 1509 1024 1563 sunt
1054 1500 1307 1577 creati;
1342 1507 1411 1561 et
1439 1506 1719 1577 praeter
1753 1514 2042 1559 cursum
2072 1498 2240 1559 anni
2270 1497 2758 1576 praecedentis
2799 1496 2935 1560 hoc

466 1625 656 1670 anno
704 1606 1055 1670 secundus
1106 1615 1212 1668 est
1262 1605 1666 1682 inchoatuS‚
1723 1613 1791 1667 et
1841 1605 2017 1666 satis
2067 1602 2424 1666 ferventer
2473 1605 2709 1667 omnia
2757 1604 2934 1667 haec

467 1714 705 1778 studia
735 1714 826 1776 ad
856 1714 993 1777 Dei
1024 1714 1328 1791 gloriam
1356 1711 1836 1792 procedebant
1868 1710 1909 1770 ¹.

586 1821 726 1884 227.
818 1821 896 1884 In
950 1820 1478 1883 confessionum
1532 1829 1768 1881 autem
1806 1821 2249 1898 generalium
2291 1829 2359 1882 et
2399 1821 2699 1882 aliarum
2736 1818 2935 1880 mini-

466 1930 686 1993 sterio
737 1946 882 1991 non
930 1928 1164 1990 minus
1216 1944 1430 2006 quam
1481 1927 1552 1988 in
1602 1927 1857 1988 litteris
1915 1926 2223 1989 Domino
2276 1926 2690 2005 obsequium
2742 1924 2932 1987 exhi-

470 2038 751 2099 bebant.

588 2142 730 2206 228.
824 2141 1169 2222 Coeptum
1207 2150 1314 2205 est
1343 2141 1479 2203 hoc
1526 2158 1712 2204 anno
1752 2141 2098 2203 celebrari
2135 2141 2442 2203 nominis
2469 2139 2636 2222 Jesu
2677 2139 2932 2203 festum

468 2252 703 2331 prima
733 2250 846 2312 die
878 2249 1236 2311 dominica
1260 2257 1423 2328 post
1452 2248 2111 2325 Circumcisionem,
2147 2265 2309 2310 cum
2337 2249 2441 2310 sic
2463 2246 2647 2310 Duci
2674 2247 2932 2310 facien-

467 2357 636 2419 dum
660 2374 816 2419 esse
845 2354 1227 2418 videretur.
1441 2353 1461 2379 ⁴

585 2464 727 2527 229.
825 2462 994 2525 Dux
1034 2462 1356 2525 Gandiae
1384 2479 1470 2524 ea
1499 2470 1702 2542 parte
1741 2460 1949 2540 huJus
1990 2462 2188 2539 anni,
2223 2478 2435 2540 quam
2476 2462 2548 2524 in
2585 2462 2933 2542 Hispania

470 2572 648 2650 egit,
694 2571 1107 2649 diligentem
1150 2570 1361 2631 etiam
1403 2568 1656 2631 studiis
1695 2568 2114 2646 theologicis
2165 2583 2454 2646 operam
2503 2570 2829 2649 navavit,
2865 2578 2934 2632 et
2971 2586 2974 2589 ’

469 2696 632 2741 cum
683 2675 1103 2758 profecisset
1154 2694 1295 2739 non
1345 2675 1816 2753 mediocriter,
1875 2683 2036 2755 post
2087 2691 2387 2738 examen
2443 2676 2516 2739 in
2572 2676 2933 2741 doctorem

467 2786 683 2848 etiam
707 2785 1142 2863 theologiae,
1178 2784 1303 2846 sed
1332 2793 1629 2860 secretO,
1664 2792 1949 2845 creatus
1979 2791 2117 2862 est,
2168 2783 2351 2845 sicut
2384 2792 2452 2845 et
2486 2784 2634 2862 ipse
2663 2784 2739 2846 P.
2789 2785 2927 2847 An-

469 2892 681 2954 dreas
712 2891 797 2954 de
830 2890 1129 2968 Oviedo,
1164 2889 1461 2968 Collegii
1489 2888 1745 2951 Rector
1777 2887 1821 2951 ².

584 2996 726 3060 230.
820 2997 1007 3060 Inter
1038 2997 1218 3059 alias
1247 2997 1628 3059 conciones
1658 2995 1734 3058 P.
1762 2996 2124 3076 Baptistae
2165 2996 2250 3058 de
2286 2997 2574 3074 Barma‚
2622 3014 2784 3060 cum
2819 2998 2930 3060 die

468 3105 804 3168 Mercurii
833 3102 1079 3176 Sancti
1107 3104 1625 3184 peccatricibus
1645 3103 2056 3166 mulieribus
2081 3105 2152 3166 in
2175 3085 2507 3183 hospitali
2530 3104 2928 3183 praedicas-

465 3221 604 3290 set,
638 3220 943 3292 quatuor
978 3212 1256 3273 illarum
1284 3210 1505 3272 verbo
1537 3209 1672 3272 Dei
1701 3220 2168 3290 compunctae
2208 3220 2484 3288 turpem
2511 3210 2732 3272 vitam
2773 3211 2927 3273 reli-

467 3327 800 3399 querunt,
840 3335 1017 3397 quas
1064 3318 1213 3397 ipse
1243 3318 1459 3380 etiam
1499 3318 1775 3379 curavit
1812 3317 1974 3378 aliis
2011 3312 2387 3396 praesidiis
2431 3316 2786 3396 adjuvari,
2841 3335 2930 3380 ne

468 3428 539 3488 in
573 3427 762 3487 vitae
792 3425 1299 3504 turpitudinem
1329 3425 1638 3504 priorem
1666 3424 1888 3486 relabi
1919 3433 2368 3503 cogerentur.

587 3532 727 3595 231.
820 3532 1184 3610 Quaedam
1212 3531 1789 3610 confraternitaS‚
1838 3549 2019 3610 quae
2052 3531 2137 3593 de
2168 3530 2428 3593 Christi
2457 3532 2803 3609 sanguine
2830 3532 2925 3594 di·

465 3640 671 3718 citur,
701 3648 769 3702 et
791 3657 867 3702 se
890 3639 1187 3718 flagellis
1211 3638 1507 3701 caedere
1527 3638 1805 3717 publice
1818 3647 2026 3700 nocte
2048 3638 2249 3721 Jovis
2270 3635 2514 3700 Sancti
2539 3638 2831 3716 solebat,
2859 3647 2928 3701 et

466 3766 510 3809 a
538 3747 861 3826 Collegio
888 3754 1137 3808 nostro
1163 3744 1680 3823 egrediebatur,
1714 3744 1833 3806 ubi
1863 3745 2202 3807 sacellum
2238 3744 2574 3824 habebat,
2602 3744 2927 3808 exhorta-

466 3855 657 3916 tione
690 3862 758 3916 et
793 3854 1256 3916 instructione
1282 3851 1600 3930 indigere
1629 3852 2028 3925 videbatur,
2063 3860 2137 3913 ut
2160 3852 2352 3931 pium
2377 3852 2545 3914 illud
2570 3870 2746 3933 opus
2769 3871 2929 3915 cum

464 3959 721 4041 majori
750 3961 1151 4023 animarum
1179 3976 1465 4022 suarum
1489 3959 1720 4021 fructu
1743 3967 2196 4037 peragerent;
2223 3959 2357 4021 hoc
2381 3968 2619 4021 autem
2643 3976 2929 4045 munere

547 4239 564 4269 ¹
625 4237 897 4288 Polancus,
918 4247 985 4279 ex
1007 4237 1399 4288 commissione,
1432 4235 1562 4279 Duci
1596 4235 1848 4288 Gandiae,
1883 4236 1945 4278 de
1980 4236 2260 4279 lectoribus
2280 4237 2654 4289 grammaticae
2684 4248 2776 4291 pro
2797 4236 2930 4279 Gan-

465 4308 630 4352 diensi
650 4306 903 4361 Colleglo,
929 4308 980 4350 15
999 4307 1248 4360 januarii;
1270 4307 1650 4361 gratulatoriae
1673 4308 1733 4349 de
1756 4317 1966 4350 numero
1998 4314 2048 4349 et
2080 4307 2284 4350 dotibus
2305 4318 2503 4356 eorum.
2524 4309 2607 4361 qui
2631 4308 2680 4350 in
2703 4307 2930 4362 Collegio

462 4379 747 4423 Gandiensi
773 4385 1060 4432 morantur,
1081 4386 1134 4422 et
1155 4380 1216 4422 de
1237 4378 1512 4422 litterariis
1531 4378 1992 4422 exercitationibus
2013 4386 2064 4421 et
2085 4379 2354 4432 gradibus:
2377 4379 2437 4421 de
2459 4380 2707 4422 electione
2729 4380 2935 4424 Pontifi-

463 4452 537 4493 cis
558 4459 611 4494 et
632 4452 694 4494 de
717 4449 1101 4503 Cardinalibus,
1125 4451 1208 4505 qui
1229 4452 1344 4505 plus
1363 4451 1498 4504 apud
1515 4462 1631 4493 eum
1650 4452 1829 4493 valere
1847 4449 2102 4501 videntur,
2125 4461 2296 4492 mense
2314 4449 2622 4498 Februario.
2652 4453 2744 4494 sub
2765 4441 2934 4496 finem⁷

544 4523 568 4554 2
625 4523 896 4576 Polancus,
920 4533 986 4565 ex
1006 4523 1398 4574 commissione,
1418 4521 1565 4565 Patri
1585 4522 1776 4574 Araoz,
1797 4522 1859 4564 de
1881 4521 2046 4564 officio
2067 4521 2118 4564 in
2138 4522 2286 4564 domo
2306 4527 2358 4564 et
2388 4522 2531 4565 curia
2565 4522 2817 4577 Principis
2836 4505 2936 4568 Hi:

463 4595 693 4648 spaniae,
711 4593 955 4649 Philippi,
980 4594 1109 4637 Duci
1131 4593 1364 4637 Gandiae
1386 4594 1576 4646 oblato,
1598 4604 1771 4635 mense
1791 4591 2224 4646 Aprili21gnatius
2241 4593 2372 4636 Dnci
2394 4593 2643 4646 Gandiae,
2677 4596 2737 4637 de
2759 4597 2934 4641 eodem

464 4665 649 4719 officio,
671 4673 791 4717 etc..
820 4667 870 4709 122
891 4666 1053 4719 Junii;
1075 4666 1240 4709 eidem
1261 4665 1540 4713 Polancus.
1558 4676 1622 4707 ex
1651 4676 1809 4716 com„
1839 4665 1900 4707 de
1932 4664 2121 4707 litteris
2152 4664 2424 4708 Generalis
2453 4664 2932 4711 Franciscanorum·

468 4737 650 4780 eadem
675 4738 771 4782 dic.

2614 4833 2648 4888 7
