3679 5414
715 467 827 525 682
1639 418 1902 524 (ΞΗιῑοΝ.ο
1937 461 2090 522 Soc.
2134 464 2274 536 jes.

707 611 957 675 rochia
986 612 1059 674 in
1088 611 1478 673 christiana
1508 610 1835 673 doctrina
1865 609 2402 687 exercebantur,
2440 609 2554 671 cui
2588 625 2851 688 magna
2892 623 3055 671 cum
3086 619 3187 673 at-

711 718 1026 782 tentione
1056 718 1376 780 homines
1405 718 1814 780 intererant.
1851 716 1945 780 Ut
1975 716 2415 779 commodius
2446 715 2518 777 id
2548 715 2776 793 fieret,
2821 714 2976 778 Rex
3020 732 3194 780 con-

711 812 1038 888 stituerat
1068 834 1142 888 ut
1170 834 1473 905 quatuor
1498 825 1721 904 pueri,
1749 843 1839 888 ex
1863 824 2072 886 domo
2097 823 2580 904 orphanorum
2605 823 2833 901 electi,
2864 823 3183 902 singulos

712 931 962 994 Patres
991 943 1276 995 nostros
1308 932 1850 995 concionatores
1878 931 2409 1009 comitarentur,
2443 931 2563 1010 qui
2603 928 2782 992 duas
2826 930 3184 995 habebant

708 1039 1112 1119 parochias;
1147 1057 1285 1120 quo
1318 1057 1481 1104 cum
1510 1039 1608 1102 illi
1637 1039 1836 1119 pueri
1877 1039 2408 1118 perveniebant,
2451 1037 2595 1099 bini
2635 1054 2760 1117 per
2806 1038 3187 1117 parochias

710 1147 1328 1226 dispertiebantur,
1361 1157 1430 1210 et
1459 1165 1704 1210 eorum
1732 1148 1911 1210 alter
1933 1147 2006 1209 in
2027 1163 2192 1223 una,
2221 1146 2400 1208 alter
2432 1162 2606 1207 vero
2637 1145 2710 1207 in
2742 1145 2883 1207 alia
2911 1144 3182 1209 Passio-

712 1271 875 1317 nem
905 1253 1195 1317 Domini
1222 1254 1710 1330 declarabant;
1754 1263 1821 1316 et
1861 1270 2161 1333 quorum
2198 1251 2417 1316 corda
2452 1252 2997 1314 concionatores
3041 1270 3184 1317 non

712 1361 1175 1439 emollierant,
1210 1362 1621 1424 innocentes
1651 1361 1768 1423 isti
1797 1361 2152 1424 interdum
2189 1359 2659 1422 emolliebant.
2703 1357 3037 1422 Placebat
3065 1379 3186 1424 ve-

715 1469 1078 1531 hementer
1101 1468 1540 1531 auditoribus
1564 1468 1640 1531 P.
1667 1467 2109 1531 Fructuosus
2141 1465 2538 1546 Nogheira,
2580 1476 2650 1528 et
2690 1474 2796 1528 ter
2827 1465 2898 1527 in
2929 1466 3183 1530 hebdo-

716 1575 926 1638 mada
956 1575 1237 1638 clericis
1267 1592 1619 1638 summam
1648 1573 2029 1656 quamdam
2060 1590 2355 1637 casuum
2382 1572 2863 1662 conscientiae
2893 1589 3182 1636 enarra·

712 1683 857 1761 bat,
892 1691 959 1744 et
988 1682 1395 1763 frequentes
1423 1682 1727 1746 habebat
1757 1681 2120 1745 auditores
2148 1690 2217 1742 et
2245 1681 2309 1743 ei
2339 1678 2548 1742 fidem
2597 1695 2933 1758 magnam
2974 1679 3184 1744 habe-

714 1790 907 1869 bant,
940 1807 1073 1853 nec
1104 1790 1477 1869 immerito;
1511 1807 1679 1852 nam
1708 1790 1970 1869 optime
1999 1806 2127 1851 suo
2158 1787 2439 1866 legendi
2468 1786 2696 1850 officio
2718 1786 3174 1865 fungebatur.

714 1895 813 1959 At
841 1896 917 1959 P.
954 1896 1440 1961 Gundisalvus
1462 1897 1706 1960 diebus
1729 1897 1976 1959 martis
1999 1906 2067 1959 et
2084 1895 2274 1976 jovis
2297 1895 2382 1958 de
2407 1896 2618 1958 rebus
2641 1894 3066 1957 necessariis
3089 1896 3181 1959 ad

713 2002 921 2066 fidem
951 2014 1018 2067 et
1050 2005 1135 2069 de
1168 2005 1567 2068 obedientia
1595 2004 1958 2067 Ecclesiae
1990 2004 2167 2067 alias
2191 2003 2527 2083 perutiles
2553 2002 2891 2064 lectiones
2914 2002 3178 2080 praele-

708 2111 954 2191 gebat,
1008 2113 1409 2192 incipiendo
1460 2130 1503 2175 a
1542 2110 1987 2175 confessione
2028 2121 2098 2173 et
2144 2109 2493 2191 quaedam
2532 2109 2921 2189 peculiaria
2966 2108 3181 2171 docu-

708 2228 948 2281 menta
978 2220 1116 2282 illis
1144 2219 1509 2298 tradendo,
1544 2220 1662 2299 qui
1693 2237 1849 2281 sese
1880 2219 2211 2296 colligere
2235 2218 2519 2295 vellent,
2546 2226 2614 2279 et
2637 2216 2729 2278 ad
2749 2216 3057 2296 primam
3081 2217 3172 2279 le-

710 2325 1018 2389 ctionem
1040 2336 1186 2390 tam
1209 2328 1411 2390 multi
1433 2335 1919 2389 convenerunt
1942 2344 2033 2389 ex
2055 2325 2501 2406 primoribus,
2534 2333 2610 2386 ut
2640 2323 2813 2385 nihil
2850 2322 3179 2403 deperire
3278 2361 3283 2366 ·

708 2432 1169 2512 existimaret,
1204 2433 1367 2496 licet
1396 2434 1646 2497 diebus
1677 2433 2049 2496 dominicis
2072 2450 2214 2495 non
2235 2432 2801 2495 concionaretur.
2832 2430 3177 2494 Procede·

709 2539 881 2601 bant
911 2550 1146 2602 autem
1173 2540 1533 2603 auditores
1560 2541 1633 2602 in
1662 2541 1783 2603 via
1814 2540 2102 2602 Domini
2132 2557 2295 2602 cum
2322 2554 2584 2617 magno
2613 2539 2925 2614 fervore,
2955 2547 3023 2600 et
3045 2539 3169 2600 ali-

706 2645 828 2724 qui
856 2646 1249 2726 spiritualia
1273 2647 1612 2711 exercitia
1635 2647 2115 2728 suscipiebant
2139 2662 2400 2725 magno
2425 2663 2587 2707 cum
2608 2644 2865 2720 fructu,
2895 2653 2964 2707 et
2988 2644 3060 2706 hi
3083 2662 3176 2709 ex

649 2810 656 2817 .
710 2751 1061 2815 nobilibus
1110 2763 1312 2816 erant
1372 2763 1440 2816 et
1490 2755 2038 2833 sapientioribus
2088 2753 2238 2833 ejus
2290 2753 2561 2833 oppidi,
2616 2754 2736 2833 qui
2783 2752 2872 2815 ad
2925 2762 3176 2817 nutum

709 2857 932 2938 ipsius
961 2857 1383 2923 Gundisalvi
1423 2862 1941 2924 conveniebant
1980 2860 2194 2923 etiam
2233 2861 2305 2922 in
2343 2860 2641 2939 publicis
2683 2858 2891 2937 locis;
2937 2869 3008 2921 et
3051 2877 3181 2940 per

706 2965 838 3028 hos
867 2967 1190 3046 exemplo
1220 2976 1291 3030 et
1318 2955 1540 3032 verbo
1571 2968 1690 3030 alii
1720 2966 2104 3046 adJ'uvandi
2134 2967 2577 3045 videbantur.
2612 2965 2792 3029 Cum
2821 2980 3179 3029 conventu

707 3071 992 3135 Ordinis
1014 3073 1313 3137 militum
1334 3074 1892 3138 familiaritatem
1914 3083 1983 3136 et
2006 3075 2393 3136 amicitiam
2410 3073 2781 3151 retinebat3
2808 3081 2878 3135 et
2900 3089 3061 3135 cum
3083 3073 3179 3136 ad

705 3178 1256 3258 flagellationem
1284 3183 1399 3244 vel
1429 3182 1897 3262 disciplinam,
1931 3190 2009 3244 ut
2035 3190 2322 3258 vocant,
2352 3180 2845 3259 invitarentur,
2874 3188 3021 3243 tam
3042 3179 3175 3244 fre-

702 3296 999 3365 quentes
1028 3288 1100 3350 in
1130 3288 1505 3353 ecclesiam
1538 3298 1915 3366 venerunt,
1948 3299 2024 3352 ut
2054 3305 2215 3351 eam
2257 3304 2429 3367 prae
2468 3285 2916 3349 multitudine
2957 3287 3175 3366 impe·

703 3392 981 3473 dierint3
1015 3394 1140 3458 sed
1169 3395 1242 3457 in
1271 3396 1410 3459 alio
1441 3398 1701 3476 templo
1733 3393 1984 3473 majori
2012 3395 2083 3463 id
2111 3394 2290 3457 effici
2330 3394 2769 3456 commodius
2797 3393 3024 3473 potuit
3044 3441 3061 3473 ,
3102 3394 3179 3458 in

707 3499 894 3579 quod
922 3516 1136 3581 super
1165 3502 1595 3582 quingentos
1623 3512 2139 3566 convenerunt.

820 3605 964 3668 590.
1050 3606 1128 3671 In
1156 3610 1665 3691 Episcopatum
1694 3608 2311 3698 Portalegrensem
2342 3609 2539 3671 missi
2568 3606 2853 3670 fuerant
2899 3605 2977 3668 P.
3008 3606 3207 3679 Cor-,

705 3713 929 3776 nelius
968 3732 1132 3778 cum
1170 3715 1245 3778 P.
1293 3716 1684 3779 Santacruz
1720 3715 1770 3793 ¹,
1819 3727 1889 3779 et
1929 3717 2400 3796 scripserunt,
2446 3733 2589 3777 non
2637 3715 2739 3777 illi
2784 3715 3012 3777 solum
3050 3714 3180 3777 sed

700 3820 917 3883 etiam
946 3821 1282 3886 officiales
1312 3823 1647 3903 Episcopi
1679 3833 1747 3885 et
1779 3824 1901 3886 alii
1947 3822 2083 3885 viri
2127 3822 2458 3886 honorati
2501 3820 2651 3901 ejus
2696 3821 2924 3898 urbiS,
2960 3836 3180 3899 quam

700 3927 989 3990 uberem
1011 3927 1323 3993 fructum
1345 3948 1472 4010 per
1502 3947 1626 3993 eos
1657 3928 2007 3993 Dominus
2037 3932 2437 4010 perciperet
2470 3929 2829 3992 consuetis
2865 3927 3174 3992 ministe-

702 4034 829 4097 riis
844 4035 1370 4101 confessionum
1389 4056 1477 4101 ac
1494 4037 2137 4118 praedicationum,
2158 4035 2702 4099 concordiarum
2717 4034 3177 4098 reconcilian-

704 4141 1086 4220 darum,.ac
1108 4144 1578 4223 spiritualium
1608 4144 2113 4208 exercitiorum
2134 4144 2357 4207 variis
2380 4143 2704 4223 personis
2727 4141 3172 4225 traditorum,

704 4247 792 4310 de
821 4249 1073 4326 quibus
1102 4251 1363 4330 singuli
1391 4252 1684 4331 perinde
1715 4252 2062 4314 rationem
2104 4250 2494 4314 reddebant
2526 4259 2738 4329 atque
2779 4248 3003 4311 nostri
3036 4248 3175 4310 fr-a-

705 4362 852 4418 tres
873 4355 1124 4419 solent.
1150 4356 1599 4421 Curaverunt
1621 4368 1696 4421 ut
1720 4358 1834 4421 ille
1860 4360 2159 4438 populus
2190 4356 2845 4421 confraternitatem
2874 4354 3173 4419 charita·

699 4461 792 4524 tis
812 4463 1237 4545 admitteret,
1270 4467 1343 4529 in
1367 4483 1581 4547 quam
1601 4464 2011 4546 supramille
2035 4464 2356 4528 homines
2380 4463 2666 4545 nomina
2690 4463 3034 4526 dederunt
3055 4477 3069 4539 ;
3103 4469 3176 4524 et

784 4706 803 4739 ¹
861 4704 958 4749 1²1².
981 4705 1249 4752 Cornelius
1271 4708 1461 4752 Gomez
1482 4716 1534 4753 et
1555 4707 1740 4755 Petrus
1760 4708 1822 4751 de
1845 4706 2148 4751 Santacruz.
