3679 5414
671 457 772 549 1514
1565 454 1818 514 Cimon.
1862 454 2014 513 Soc.
2056 453 2194 528 Jsss.

558 578 565 590 ¹
666 618 797 663 nec
827 602 1053 662 solum
1082 600 1303 662 verba
1331 600 1457 662 sed
1486 601 1886 680 exemplum
1916 616 2160 662 eorum
2188 609 2258 662 et
2289 599 2738 663 admirationi
2780 609 2849 663 et
2888 602 3119 664 aedifi-

669 707 934 770 cationi
961 707 1361 770 hominibus
1389 716 1562 770 erat.
1598 706 1777 786 Quia
1807 716 2046 770 tamen
2077 707 2599 786 occupationes,
2633 708 2796 770 licet
2826 718 3120 771 sanctae

666 824 733 876 et
783 814 1227 877 necessariae
1256 863 1270 894 ,
1332 814 1597 894 aliquid
1645 816 1761 876 vel
1809 814 2289 877 distractionis
2336 815 2453 876 vel
2500 815 2979 895 impedimenti
3029 817 3119 879 ad

671 922 1048 984 mentalem
1078 922 1468 984 orationem
1498 919 1883 999 adferebat,
1912 938 2124 1002 quam
2153 930 2390 984 tamen
2420 939 2580 984 cum
2602 923 3125 987 examinatione

671 1028 1146 1091 conscientiae
1176 1027 1631 1109 conjunctam
1659 1046 2022 1108 nunquam
2063 1029 2505 1102 omittebant;
2550 1028 2800 1092 domus
2838 1031 3124 1093 tandem

670 1135 1017 1215 quaedam
1048 1132 1365 1198 Punicali
1404 1135 1721 1197 instituta
1759 1143 1904 1211 est,
1948 1151 2085 1214 quo
2126 1153 2200 1197 se
2238 1134 2554 1215 recipere
2592 1137 2804 1198 certis
2849 1138 3124 1217 quibus·

670 1240 832 1305 darn
863 1242 1299 1322 temporibus
1328 1251 1618 1322 possent
1642 1291 1657 1321 ,
1698 1251 1774 1304 ut
1807 1242 2245 1305 meditationi
2285 1252 2496 1322 atque
2535 1242 2836 1305 orationi
2874 1255 2942 1306 et
2986 1246 3125 1306 col-

668 1350 914 1413 lationi
943 1350 1029 1413 de
1058 1350 1269 1413 rebus
1298 1350 1782 1431 spiritualibus
1810 1350 2041 1428 magis
2072 1359 2438 1413 vacarent.
2521 1388 2524 1391 -

785 1456 926 1518 340.
1016 1455 1196 1519 Cum
1241 1456 1317 1520 Ρ.
1371 1455 1705 1519 Nicolaus
1754 1455 2196 1519 Lancilottus
2224 1506 2238 1534 ,
2292 1457 2422 1519 sub
2480 1455 2677 1536 cujus
2729 1457 3126 1521 obedientia

665 1563 741 1627 P.
777 1563 1128 1626 Henricus
1156 1572 1224 1625 et
1253 1561 1403 1642 ejus
1430 1564 1605 1625 socii
1635 1572 1862 1644 erant,
1896 1563 2293 1644 scripsisset
2324 1572 2400 1627 ut
2422 1564 2697 1644 aliquos
2712 1564 3011 1645 Juvenes
3034 1565 3124 1628 ad

668 1687 745 1733 se
776 1672 1104 1745 mitteret,
1139 1687 1315 1750 quos
1343 1671 1414 1732 in
1443 1669 1759 1749 Collegio
1789 1669 2086 1733 Caulani
2124 1687 2287 1733 cum
2316 1671 2473 1732 aliis
2516 1671 2940 1750 institueret,
2976 1689 3124 1734 rem

669 1778 962 1841 contulit
985 1776 1334 1840 Henricus
1358 1794 1518 1839 curn
1543 1777 1973 1857 christianis,
1997 1786 2066 1840 et
2089 1778 2284 1840 multi
2311 1777 2490 1840 filios
2510 1795 2676 1840 suos
2700 1778 3121 1855 obtulerunt,

670 1885 884 1964 aliqui
912 1885 1127 1947 etiam
1158 1884 1541 1947 adultiores
1574 1902 1651 1947 se
1685 1883 2101 1964 offerebant3
2136 1885 2260 1947 sed
2289 1902 2381 1947 ex
2418 1885 2555 1948 illis
2585 1885 2954 1948 duodecim
2977 1894 3123 1948 tan-

669 2001 819 2055 tum
848 1990 1198 2053 Henricus
1228 1990 1461 2070 elegit.
1497 1990 1682 2053 Olim
1711 1990 1923 2053 avelli
1953 2010 1995 2053 a
2025 1992 2436 2071 parentibus
2463 1992 2585 2054 filii
2607 2010 2751 2055 non
2770 2001 3123 2072 poterant;

667 2098 791 2161 sed
808 2096 957 2178 jam
978 2099 1187 2177 longe
1210 2098 1414 2160 aliter
1437 2109 1640 2161 erant
1658 2097 1913 2161 affecti.
1942 2098 2241 2178 Aliquos
2257 2100 2471 2161 etiam
2482 2098 2779 2179 juvenes
2796 2109 3123 2178 quatuor·

667 2206 896 2268 decim
924 2205 1039 2267 vel
1068 2205 1467 2283 quindecim
1498 2222 1721 2267 annos
1750 2204 1898 2267 sere
1926 2215 2154 2285 natOS,
2191 2223 2491 2286 quorum
2521 2206 2805 2285 ingenia
2834 2207 3021 2269 bona
3051 2215 3120 2268 et

668 2312 759 2375 ad
788 2311 922 2374 Dei
952 2311 1365 2391 obsequium
1395 2329 1747 2391 propensa
1777 2312 2222 2391 videbantur,
2256 2313 2445 2374 domi
2475 2330 2644 2375 suae
2675 2311 2747 2375 P.
2777 2313 3124 2377 Henricus

669 2418 1079 2481 instituebat
1109 2427 1177 2480 et
1207 2418 1461 2496 alebat,
1496 2435 1798 2497 quorum
1829 2418 2190 2499 profectus
2230 2419 2667 2499 spiritualem
2706 2420 3122 2483 consolatio-

667 2541 829 2587 nem
859 2526 924 2587 ei
955 2524 1339 2588 adferebat.

786 2630 929 2693 341.
1003 2631 1212 2695 Circa
1233 2632 1684 2695 matrimonia
1704 2632 2244 2714 neophytorum,
2261 2632 2608 2696 difficilem
2629 2634 3008 2697 admodum
3026 2634 3123 2697 in-

669 2740 1048 2802 veniebant
1072 2739 1582 2819 prohibitorum
1603 2740 1956 2819 graduum
1979 2741 2569 2820 observationem,
2592 2759 2754 2804 cum
2775 2759 2903 2821 pro
2927 2759 3126 2805 more

668 2855 950 2909 vetusto
980 2864 1122 2908 non
1144 2847 1372 2908 solum
1394 2846 1463 2908 in
1488 2856 1740 2926 quarto
1763 2858 1830 2909 et
1853 2848 2063 2909 tertio
2086 2847 2211 2910 sed
2235 2847 2306 2909 in
2327 2848 2636 2910 secundo
2661 2849 2874 2910 etiam
2896 2849 3126 2927 gradu

671 2952 1005 3033 conjungi
1043 2952 1231 3015 soliti
1269 2963 1525 3015 essent.
1564 2953 1640 3016 P.
1689 2953 2118 3017 Franciscus
2165 2954 2465 3033 Xavier,
2522 2955 2639 3035 qui
2689 2964 2762 3018 ut
2811 2953 3125 3017 Nuncius

667 3059 1124 3140 Apostolicus
1151 3059 1409 3122 missus
1435 3069 1571 3140 est,
1606 3061 1829 3124 voluit
1865 3070 1941 3123 ut
1981 3061 2329 3141 primores
2366 3061 2628 3140 gentis,
2673 3061 3126 3140 Patangatis

666 3175 960 3241 vocant,
996 3175 1558 3245 accerserentur,
1592 3177 1661 3230 et
1690 3177 1765 3230 ut
1802 3177 2144 3231 caverent
2182 3186 2225 3230 a
2267 3169 2575 3232 secundo
2618 3170 2849 3248 gradu
2889 3169 3124 3232 admo-

664 3284 1032 3352 nerentur;
1067 3273 1251 3337 unde
1280 3273 1354 3335 in
1381 3274 1588 3336 tertio
1617 3283 1684 3337 et
1714 3283 1970 3355 quarto
2000 3275 2230 3354 gradu
2258 3276 2670 3356 dispensare
2700 3293 2860 3338 cum
2889 3276 2992 3339 eis
3025 3284 3124 3338 ta·
3217 3307 3222 3312 ·

668 3382 804 3444 cite
836 3380 1229 3443 videbatur.
1264 3378 1402 3442 Sed
1433 3397 1594 3442 cum
1622 3379 1697 3443 P.
1733 3382 2086 3444 Antonius
2117 3382 2385 3446 Gomez
2410 3381 2683 3462 juberet
2712 3392 2787 3446 ut
2830 3383 3041 3445 etiam
3082 3402 3125 3444 a

667 3489 874 3551 tertio
933 3496 1002 3549 et
1059 3495 1311 3566 quarto
1368 3487 1598 3564 gradu
1648 3488 2082 3551 abstinerent
2110 3537 2124 3567 ,
2185 3507 2315 3552 nec
2374 3489 2619 3552 talium
2675 3489 3123 3551 matrimonia

668 3595 1239 3671 admitterentur,
1281 3594 1600 3669 graviter
1633 3594 1730 3656 illi
1760 3594 2090 3674 tulerunt;
2124 3596 2308 3658 unde
2339 3595 2430 3658 ad
2467 3596 2637 3658 talia
2674 3594 3124 3657 matrimonia

667 3698 1153 3763 contrahenda
1182 3699 1590 3763 facultatem
1619 3718 1662 3762 a
1692 3699 1872 3763 Sede
1900 3701 2320 3781 Apostolica
2362 3702 2734 3783 petendam
2763 3701 3120 3778 censebat,

580 3797 588 3804 ’
665 3825 879 3888 quam
907 3807 999 3870 ad
1022 3807 1287 3887 aliquot
1313 3825 1539 3871 annos
1561 3806 1892 3871 Summus
1922 3808 2249 3872 Pontifex
2279 3810 2629 3872 concessit
2655 3808 2696 3872 ¹.

784 3914 923 3977 342.
962 3935 967 3942 ·
1011 3913 1086 3977 P.
1148 3912 1482 3977 Nicolaus
1531 3915 1972 3978 Lancilottus
2029 3915 2327 3979 Caulani
2383 3917 2788 3980 meliuscule
2840 3915 3126 3996 quidem

665 4022 1001 4099 habebat,
1046 4021 1169 4084 sed
1209 4031 1445 4083 tamen
1486 4023 1827 4101 paulatim
1864 4020 2015 4101 ejus
2047 4023 2236 4085 vires
2280 4024 2902 4101 consumebantur;
2937 4024 3123 4086 labo·

664 4128 869 4190 rabat
898 4127 1353 4190 nihilominus
1377 4128 1449 4190 in
1473 4128 1681 4190 vinea
1704 4128 1991 4192 Domini
2014 4129 2408 4209 diligenter,
2434 4138 2502 4192 et
2522 4138 2669 4192 tam
2694 4131 3123 4193 catechismo

747 4412 764 4443 ¹
821 4411 1035 4457 Miserat
1078 4411 1337 4456 Xaverius
1370 4413 1468 4456 hoe
1505 4421 1734 4467 tempore
1765 4413 1971 4467 Ignatio
2005 4416 2255 4469 scriptum
2289 4414 2568 4468 quoddam,
2604 4413 2654 4456 in
2696 4425 2794 4468 quo
2830 4414 3123 4468 sacmtates,

664 4492 794 4536 quae
815 4485 911 4538 ipsi
931 4495 1026 4538 pro
1046 4484 1222 4528 Indiae
1241 4485 1444 4538 populis
1464 4486 1786 4530 necessariae
1804 4486 2139 4536 videbantur,
2160 4486 2514 4529 enumerabat.
2547 4484 2806 4538 Scriptum
2842 4486 2950 4534 hoc.
2980 4498 3035 4529 re
3057 4488 3127 4530 di·

663 4553 885 4607 ligenter
920 4566 1035 4599 cnm
1070 4555 1312 4599 Patribus
1344 4556 1478 4600 domi
1515 4556 1771 4610 discussa,
1809 4557 2114 4611 quibusdam
2153 4557 2313 4599 etlam
2348 4556 2882 4600 animadversionibus
2914 4558 3124 4612 propria

666 4635 821 4668 manu
841 4626 1074 4686 adjectis,
1096 4627 1281 4670 obtulit
1311 4626 1545 4680 Ignatiu·
1565 4626 1824 4680 Pontifici,
1859 4627 1944 4681 qni
1980 4628 2196 4682 benigne
2219 4628 2499 4671 facultates
2520 4638 2694 4670 omnes
2720 4627 2936 4680 Ignatio.
2961 4634 3010 4672 ct
3031 4640 3124 4681 per

666 4696 929 4750 Ignatium
949 4697 1179 4742 xaverio
1200 4700 1469 4742 concessit.
