3679 5414
1615 482 1736 538 Ax.
1785 481 1923 539 1552
2882 480 2992 539 783

520 625 708 688 mine
730 623 1158 704 Sanchuam,
1176 626 1749 704 designaverant,
1766 644 1947 705 quae
1966 626 2260 705 triginta
2281 627 2503 689 leucis
2529 644 2573 688 a
2597 625 2986 689 continenti

509 730 756 795 distat.
804 732 906 795 Eo
944 733 1238 812 proinde
1290 741 1722 796 mercatores
1770 733 2056 795 lusitani
2108 733 2199 797 ad
2247 733 2536 813 negotia
2586 750 2748 795 cum
2802 731 2989 795 Sinis

519 837 1007 902 contrahenda
1039 840 1582 903 conveniebant.
1617 839 1961 918 Quamvis
1990 848 2225 902 autem
2254 840 2457 902 multi
2496 838 2989 904 dissuaderent

519 944 841 1009 Malacae
873 946 951 1009 P.
986 945 1382 1010 Francisco
1412 948 1597 1010 hanc
1626 947 2177 1028 profectionem,
2225 946 2416 1027 quod
2460 946 2763 1027 capitale
2803 956 2990 1010 esset

523 1052 823 1116 advenis
850 1054 924 1116 in
953 1054 1240 1118 urbibus
1271 1055 1696 1118 continentis
1725 1055 2041 1131 versari,
2087 1052 2495 1118 Sanchuam
2534 1054 2991 1118 nihilominus

522 1149 601 1221 se
630 1161 947 1224 contulit.
981 1162 1082 1225 Ibi
1112 1172 1350 1226 autem
1373 1180 1535 1226 cum
1558 1162 1867 1242 quodam
1889 1160 2061 1226 Sina
2083 1161 2419 1225 convenit
2444 1170 2542 1242 ut,
2570 1171 2866 1241 accepto
2892 1162 2993 1240 pi-

523 1284 715 1346 pere,
750 1269 941 1348 quod
970 1268 1043 1331 in
1072 1271 1598 1349 eleemosynam
1628 1269 1871 1333 datum
1899 1269 1964 1332 ei
1993 1268 2247 1347 fuerat,
2281 1266 2480 1348 cujus
2509 1270 2714 1331 valor
2743 1268 2833 1332 ad
2858 1277 2990 1332 ter-

523 1383 771 1438 centos
800 1392 1056 1439 aureos
1086 1376 1585 1454 adscendebat,
1619 1375 1929 1456 quadam
1956 1384 2164 1438 nocte
2194 1376 2268 1438 in
2298 1375 2661 1439 civitatem
2690 1375 2991 1439 Cantao·

522 1481 738 1561 niam,
773 1499 954 1563 quae
987 1483 1341 1546 maritima
1373 1492 1550 1562 erat,
1584 1484 2071 1547 constitueret.
2106 1483 2567 1547 Persolvebat
2589 1491 2826 1546 autem
2855 1483 2991 1546 hoc

522 1589 826 1667 pretium
855 1591 1235 1652 mercatori
1263 1588 1498 1665 Sinae,
1532 1591 1697 1670 quia
1729 1590 2044 1670 periculo
2073 1607 2230 1653 sese
2273 1589 2704 1669 exponebat,
2739 1601 2992 1653 contra

522 1696 754 1775 legem
784 1696 1084 1777 agendO,
1120 1715 1301 1776 quae
1330 1697 1654 1777 prohibet
1683 1715 1772 1760 ne
1815 1698 1973 1778 quis
2012 1696 2364 1760 advenam
2401 1696 2476 1759 in
2518 1697 2992 1759 continentem

523 1801 756 1881 ducat,
792 1814 860 1866 et
891 1803 1168 1884 quidem
1201 1822 1430 1884 poena
1462 1805 1771 1886 capitali.
1808 1803 1988 1867 Tam
2014 1803 2300 1867 fervens
2326 1812 2565 1867 autem
2590 1814 2745 1867 erat
2767 1805 2991 1867 chari-

521 1917 637 1972 tas
665 1910 815 1990 eJ'us
845 1910 1079 1974 Patris
1109 1923 1205 1990 ut,
1239 1912 1568 1991 quamvis
1603 1913 1855 1975 mortis
1886 1920 2007 1974 aut
2038 1912 2350 1975 carceris
2373 1911 2695 1992 perpetui
2719 1911 2991 1991 pericu·

523 2017 668 2080 lum
696 2018 1102 2099 impendere
1132 2018 1264 2080 sibi
1293 2020 1469 2081 satis
1500 2019 1735 2098 sciret,
1774 2018 2215 2082 subeundum
2243 2018 2415 2082 illud
2457 2019 2591 2081 sibi
2636 2018 2991 2082 existima-

523 2133 655 2202 ret,
690 2133 764 2187 ut
794 2125 885 2188 ad
914 2124 1049 2188 Dei
1076 2125 1381 2204 gloriam
1411 2126 1683 2205 aliquos
1714 2145 1803 2189 ex
1834 2144 1917 2188 eo
1948 2142 2170 2205 regno
2202 2125 2292 2188 ad
2333 2125 2586 2188 salutis
2625 2126 2822 2188 viam
2873 2124 2991 2187 ad-

522 2229 834 2294 duceret.

645 2337 786 2400 763.
873 2337 970 2403 At
1000 2340 1242 2403 divina
1272 2339 1573 2418 bonitaS,
1607 2357 1788 2420 quae
1818 2341 1997 2403 haec
2029 2340 2126 2403 illi
2166 2339 2519 2403 desideria
2561 2339 2992 2419 suggerebat

526 2444 617 2508 ad
646 2445 871 2525 majus
903 2448 1123 2527 ipsius
1151 2449 1502 2525 meritum,
1536 2457 1606 2510 et
1636 2459 1875 2511 tamen
1898 2447 2093 2527 prius
2115 2446 2207 2510 ad
2232 2445 2498 2510 Christi
2521 2446 2994 2510 imitationem

523 2552 756 2633 ipsum
785 2565 860 2617 ut
890 2570 1194 2633 granum
1232 2556 1563 2620 frumenti
1600 2556 1673 2617 in
1715 2555 2042 2632 ingressu
2082 2550 2416 2617 Sinarum
2456 2552 2731 2633 jactum
2772 2552 2993 2616 emori

525 2662 760 2741 vellet,
794 2672 868 2725 ut
899 2662 1018 2725 alii
1045 2660 1316 2726 fructus
1356 2662 1717 2726 uberiores
1756 2661 2189 2742 reciperent,
2234 2660 2491 2725 horum
2529 2660 2989 2725 consiliorum

525 2767 721 2831 filum
750 2769 1051 2848 abrupit.
1085 2770 1164 2834 In
1195 2772 1518 2834 morbum
1539 2787 1713 2849 ergo
1737 2770 2076 2844 incidenS,
2105 2769 2386 2833 inclusit
2411 2770 2584 2831 sein
2625 2768 2818 2846 navi,
2854 2786 2994 2848 qua

527 2876 940 2951 vehebatur,
974 2895 1154 2957 quae
1183 2896 1405 2959 prope
1435 2887 1717 2958 portum
1746 2885 1923 2953 erat;
1957 2886 2026 2939 et
2057 2894 2219 2940 cum
2248 2876 2571 2957 sequenti
2600 2875 2714 2939 die
2746 2892 2994 2954 exspe-

521 2989 803 3045 ctarent
826 2993 903 3045 ut
925 2982 1119 3047 foras
1141 2984 1597 3062 egrederetur
1620 3001 1750 3064 pro
1774 3001 2003 3062 more,
2039 3001 2183 3047 non
2217 2992 2456 3046 tamen
2488 2993 2596 3045 est
2635 2997 2990 3062 egressuS,

527 3087 601 3150 in
632 3089 951 3152 oratione
982 3090 1316 3153 nimirum
1344 3103 1755 3171 occupatus;
1790 3099 2067 3153 tantum
2106 3089 2411 3168 suspiria
2450 3088 2837 3168 quaedam,
2878 3088 2996 3167 qui

528 3193 702 3258 foris
730 3206 957 3274 erant,
991 3197 1393 3275 audiebant,
1430 3208 1498 3260 et
1527 3198 1750 3261 verba
1781 3215 1965 3277 quae
1998 3197 2097 3260 illi
2125 3195 2333 3259 valde
2363 3195 2742 3259 familiaria
2764 3204 2992 3258 erant:

528 3299 740 3382 Jesu,
751 3302 885 3383 fili
910 3304 1182 3382 David,
1209 3305 1545 3366 miserere
1575 3303 1743 3381 me&
1787 3313 1855 3366 et
1900 3312 2048 3366 toto
2088 3304 2206 3366 illo
2245 3301 2356 3365 die
2399 3302 2486 3364 ab
2519 3302 2710 3365 omni
2739 3302 2896 3365 cibo
2928 3312 2996 3364 et

528 3418 701 3490 potu
730 3410 1088 3474 abstinuit.
1124 3409 1259 3473 Die
1304 3429 1477 3474 vero
1519 3410 1873 3490 sequenti,
1910 3410 2027 3490 qui
2057 3410 2329 3490 primus
2372 3417 2526 3471 erat
2556 3408 2994 3486 Decembris,

525 3516 709 3580 dixit
737 3536 814 3581 se
845 3519 1028 3581 male
1060 3518 1323 3581 habere
1353 3527 1421 3580 et
1450 3517 1838 3597 postulavit
1867 3525 1945 3580 ut
1984 3534 2073 3579 ex
2118 3516 2290 3579 navi
2335 3517 2406 3578 in
2459 3516 2652 3578 illam
2694 3517 2995 3579 insulam

523 3625 776 3703 egredi
804 3625 939 3688 sibi
967 3625 1233 3703 liceret;
1265 3634 1448 3687 etex
1473 3624 1709 3688 verbis
1733 3624 1953 3704 ipsius
1976 3622 2184 3687 facile
2207 3623 2424 3703 aliqui
2444 3622 2830 3687 familiares
2855 3623 2995 3685 col·

531 3731 865 3812 ligebant,
899 3741 968 3796 et
998 3733 1179 3795 inter
1220 3733 1401 3795 alios
1440 3732 1647 3795 navis
1685 3732 1873 3794 illius
1912 3729 2283 3809 DominuS,
2319 3730 2508 3810 quod
2536 3730 2668 3794 sibi
2698 3731 2996 3793 morien·

525 3838 699 3901 dum
730 3856 886 3902 esse
919 3840 1129 3902 Pater
1158 3839 1271 3902 ille
1302 3839 1794 3920 praevidisset.
1845 3837 2159 3901 Eductus
2198 3837 2415 3917 igitur
2455 3838 2529 3900 in
2569 3842 2863 3914 terram‘,
2910 3854 2998 3898 ne

530 3944 650 4006 illo
680 3945 963 4025 quidem
990 3946 1103 4009 die
1133 3946 1270 4009 cibi
1302 3947 1684 4027 quidquam
1724 3962 1980 4025 capere
2018 3952 2328 4024 poterat,
2373 3961 2505 4006 nec
2547 3943 2737 4006 aliud
2778 3943 2867 4006 ab
2911 3961 2997 4006 eo

523 4067 745 4130 quam
777 4052 999 4115 verba
1030 4053 1380 4133 quaedam
1403 4062 1471 4116 et
1496 4052 1844 4133 colloquia
1871 4067 2033 4114 cum
2054 4050 2207 4114 Deo
2231 4063 2300 4114 et
2324 4050 2402 4113 B.
2432 4050 2732 4130 Virgine
2756 4050 2999 4114 audita

529 4157 837 4223 suerunt.
875 4158 1201 4224 Secunda
1231 4161 1468 4241 itaque
1499 4160 1610 4223 die
1640 4159 2077 4237 DecembriS,
2110 4175 2293 4238 quae
2321 4155 2631 4221 Sanctae
2661 4157 2999 4222 Bibianae

526 4283 739 4330 saera
769 4276 946 4346 erat,
981 4268 1292 4330 animam
1332 4265 1487 4330 Deo
1526 4266 1828 4330 reddidit
1870 4266 1942 4328 in
1980 4265 2260 4329 deserto
2298 4265 2611 4344 quodam
2654 4274 2891 4328 monte
2928 4275 2998 4328 et

528 4389 804 4437 summa
843 4391 1078 4438 rerum
1130 4375 1443 4438 omnium
1489 4373 1749 4453 inopia,
1794 4390 1926 4435 nec
1966 4373 2185 4434 ullum
2223 4371 2311 4435 de
2347 4369 2702 4435 Societate
2745 4382 2995 4434 nostra

529 4479 822 4546 fratrem
852 4499 1066 4562 penes
1095 4499 1171 4544 se
1209 4481 1501 4558 habens,
1537 4490 1631 4559 ut,
1680 4480 1951 4543 solatiis
1991 4478 2315 4542 omnibus
2354 4478 2663 4541 terrenis
2701 4478 2985 4541 destitu-

529 4596 668 4667 ωε,
700 4589 773 4651 in
800 4606 942 4652 uno
972 4586 1126 4651 Deo
1157 4587 1394 4650 omnia
1427 4586 1794 4649 inveniret.
1833 4585 2262 4650 Undecimus
2293 4585 2408 4647 hic
2437 4593 2591 4647 erat
2621 4601 2873 4664 annus,
2901 4603 2991 4648 ex

529 4711 671 4774 quo
702 4697 775 4759 in
803 4695 1075 4759 Indiam
1104 4704 1258 4757 erat
1288 4693 1669 4775 profectus,
