3679 5414
696 492 709 545 j
752 471 858 531 172
1669 470 1924 531 Canon.
1966 467 2119 529 Soc.
2160 470 2301 543 Jas.

702 672 705 675 ,
744 617 1013 682 scholis
1062 616 1603 680 accommodum
1632 616 1994 680 haberent.
2040 615 2238 695 Quae
2274 624 2510 679 autem
2554 614 2906 679 conducta
2954 615 3106 695 fuit,
3138 616 3213 678 in

747 723 981 788 medio
1004 724 1319 788 civitatis
1341 732 1410 788 et
1434 725 1508 788 in
1529 731 1696 788 aere
1716 724 1984 788 salubri
2012 725 2152 787 sita
2174 732 2350 802 erat,
2371 732 2441 786 et
2463 731 2611 787 tam
2633 723 2978 786 cubiculis
2998 740 3212 803 quam

748 832 910 895 aliis
958 831 1136 895 locis
1163 832 1256 894 ad
1293 830 1699 895 scholarum
1737 839 1809 893 et
1854 830 2291 893 officinarum
2332 829 2905 894 commoditatem
2941 830 3215 892 idoneis

750 939 1180 1002 abundabat.
1213 937 1351 1002 Sed
1374 946 1452 1009 ut
1480 938 1813 1018 proprius
1852 938 2052 1001 locus
2079 937 2375 1001 idoneus
2415 945 2874 1017 quaereretur
2908 954 2996 999 ac
3037 936 3209 999 desi·

745 1055 1111 1126 gnaretur,
1156 1045 1334 1108 dixit
1371 1045 1668 1108 Pro-rex
1717 1044 1902 1108 Duci
1940 1044 2202 1108 Montis
2238 1045 2501 1108 Leonis
2539 1060 2616 1107 se
2647 1061 2811 1107 cum
2848 1044 2966 1107 illo
3003 1044 3212 1106 simul

748 1152 1010 1216 iturum
1039 1151 1551 1215 deambulando
1583 1153 1654 1214 in
1693 1151 1914 1232 equis,
1961 1160 2035 1214 ut
2073 1168 2229 1215 mos
2264 1159 2403 1231 est,
2443 1168 2573 1231 per
2608 1151 2857 1214 urbem
2895 1159 2972 1213 ut
2998 1151 3212 1214 situm

748 1259 1078 1323 idoneum
1106 1259 1179 1321 in
1208 1259 1396 1322 hunc
1421 1275 1628 1321 usum
1650 1259 2080 1338 designaret.
2116 1256 2643 1340 Suppellectilia
2670 1258 2952 1321 interim
2973 1257 3206 1332 amici,

747 1373 825 1429 ut
852 1367 1075 1429 lectos
1105 1374 1174 1429 et
1204 1366 1345 1428 alia
1370 1364 1742 1444 eJusmodi,
1775 1365 2161 1445 parabant,
2194 1373 2272 1429 ut
2302 1382 2464 1428 cum
2491 1365 2718 1428 nostri
2747 1382 2832 1429 eo
2862 1365 3209 1443 venirent,

745 1473 1094 1536 instructa
1125 1473 1198 1535 in
1223 1472 1434 1535 domo
1467 1473 1967 1551 exciperentur
2002 1470 2044 1536 ¹.

876 1579 969 1641 17.
1056 1579 1390 1643 Pervenit
1428 1579 1712 1642 interim
1759 1578 2131 1660 Neapolim
2174 1580 2512 1644 sacerdos
2561 1579 2882 1660 quidam,
2924 1579 3209 1642 natione

743 1686 1010 1766 galluS,
1048 1686 1448 1750 Florentius
1490 1686 1821 1749 Pauletus
1862 1688 2176 1762 nomine,
2227 1689 2347 1769 qui
2389 1686 2890 1768 impedimento
2930 1686 3210 1749 habitus

745 1791 1110 1872 cujusdam
1140 1794 1502 1873 religionis
1543 1794 1884 1874 suscepti,
1920 1812 1964 1857 a
1991 1811 2131 1874 qua
2169 1802 2333 1859 ante
2370 1793 2885 1874 professionem
2914 1801 3205 1874 propter

749 1901 1072 1964 morbum
1120 1900 1452 1964 dimissus
1499 1910 1684 1980 erat,
1730 1901 1802 1964 in
1839 1899 2268 1964 Societatem
2314 1918 2459 1964 non
2507 1901 3031 1979 admittebatur,
3076 1899 3206 1963 sub

748 2006 1145 2071 obedientia
1194 2017 1431 2071 tamen
1481 2016 1552 2070 et
1592 2007 1982 2075 directione
2021 2006 2398 2071 Societatis
2440 2007 2770 2088 operibus
2805 2008 3092 2087 pietatis
3132 2007 3205 2070 in

696 2168 709 2175 -
744 2111 986 2177 Sicilia
1035 2131 1324 2194 operam
1375 2114 1666 2177 dederat
1716 2131 1801 2176 ac
1836 2113 1912 2176 in
1949 2128 2331 2193 puerorum
2370 2114 2849 2194 orphanorum
2886 2114 3207 2177 domibus

747 2220 1192 2284 instituendis
1241 2230 1569 2283 versatus
1619 2229 1794 2284 erat.
1853 2221 2031 2285 Cum
2075 2221 2189 2284 hic
2229 2220 2596 2302 Neapolim
2645 2221 3084 2302 pervenisset
3124 2238 3207 2283 eo

745 2328 1054 2391 maxime
1106 2336 1455 2408 tempore,
1505 2344 1644 2407 quo
1682 2328 1935 2391 domus
1980 2328 2465 2408 orphanorum
2502 2327 2901 2408 huJusmodi
2946 2344 3207 2407 magna

744 2434 1063 2514 infamia,
1114 2453 1256 2497 non
1294 2435 1523 2497 solum
1570 2434 1845 2498 ratione
1884 2451 2164 2498 morum
2212 2435 2338 2498 sed
2383 2436 2599 2498 etiam
2638 2436 2985 2514 haeresiS,
3028 2452 3208 2515 quae

743 2541 1001 2603 ibidem
1019 2542 1339 2619 grassari
1364 2550 1721 2621 coeperat,
1750 2551 2212 2621 premeretur;
2236 2542 2308 2605 hi
2327 2551 2586 2622 autem,
2613 2543 2734 2623 qui
2751 2541 2956 2622 hujus
2975 2541 3208 2621 operis

745 2664 991 2711 curam
1018 2648 1392 2727 gerebant,
1426 2647 1614 2712 hunc
1643 2647 1719 2711 Ρ.
1752 2647 2187 2713 Florentium
2218 2650 2290 2713 in
2320 2649 2720 2731 hujusmodi
2765 2649 3204 2714 administra·

744 2754 934 2818 tione
955 2764 1320 2818 versatum
1337 2765 1404 2818 et
1422 2756 1513 2818 ad
1534 2756 2111 2820 reformationem
2133 2757 2320 2820 illius
2337 2757 2590 2821 domus
2611 2758 2941 2821 idoneum
2962 2757 3204 2820 intelli·

742 2870 1023 2941 gerent,
1080 2861 1247 2925 Dux
1295 2862 1558 2925 Montis
1604 2863 1869 2926 Leonis
1908 2872 1975 2927 et
2015 2863 2270 2927 Comes
2308 2864 2642 2928 Montorii
2679 2865 2827 2928 suis
2862 2865 3112 2928 litteris
3163 2881 3206 2926 a

698 3025 701 3028 .
745 2966 821 3030 Ρ.
853 2968 1132 3048 Ignatio
1161 2986 1423 3050 magno
1455 2987 1616 3033 cum
1656 2969 1916 3034 affectu
1953 2973 2403 3051 postularunt
2440 2981 2516 3035 ut
2552 2970 2628 3035 P.
2671 2972 3072 3035 Florentius
3115 2971 3205 3033 ad

744 3083 1020 3155 tempus
1048 3075 1562 3156 Neapolitanae
1593 3077 1865 3157 domuS,
1902 3096 2082 3158 quae
2112 3079 2449 3159 orphanis
2486 3079 2932 3142 instituendis
2968 3079 3204 3141 dicata

695 3234 712 3243 -
742 3190 917 3262 erat,
945 3183 1630 3248 administrationem
1644 3184 2059 3265 susciperet,
2086 3203 2296 3265 quem
2310 3187 2655 3252 miraculo
2674 3186 2981 3266 quodam
2995 3185 3201 3249 modo

742 3289 816 3351 in
846 3298 1087 3353 tantae
1125 3291 1571 3354 necessitatis
1607 3300 1926 3372 tempore
1970 3291 2340 3372 Neapolim
2386 3293 2799 3372 pervenisse
2848 3292 3196 3356 dicebant.

740 3395 947 3475 Quod
978 3414 1139 3460 cum
1167 3395 1244 3459 P.
1279 3396 1599 3477 Ignatius
1635 3399 2005 3479 praedicto
2044 3399 2402 3464 Florentio
2442 3399 3039 3478 commendasset,
3073 3399 3198 3461 uti·

696 3557 701 3560 ,
742 3503 880 3565 lem
911 3503 1025 3566 ille
1055 3521 1347 3583 operam
1375 3505 1539 3578 huic
1571 3505 1810 3568 domui
1839 3507 2222 3586 praestitit,
2257 3516 2325 3569 et
2352 3507 2614 3588 partim
2642 3505 3201 3571 confessionibus

740 3610 1056 3673 omnium
1086 3610 1377 3690 auditiS,
1420 3611 1684 3691 partim
1721 3612 2337 3677 exhortationibus
2379 3614 2569 3695 apud
2611 3614 2969 3694 orphanos
3008 3611 3198 3675 habi·

744 3715 864 3794 tis,
900 3726 973 3779 ut
1002 3718 1274 3780 meliori
1310 3718 1466 3780 loco
1507 3736 1625 3782 res
1653 3735 1810 3782 esse
1838 3719 2231 3799 inciperent
2268 3738 2392 3800 per
2432 3720 2566 3783 Dei
2612 3720 2917 3801 gratiam
2946 3717 3195 3794 effecit,

739 3831 813 3886 et
842 3823 915 3886 in
944 3824 1517 3888 reformationem
1544 3833 1915 3906 tantopere
1943 3827 2421 3891 necessariam
2459 3827 2645 3890 serio
2678 3826 2991 3890 incubuit
3030 3835 3099 3889 et
3127 3826 3200 3887 in
3269 3878 3276 3885 .

742 3947 829 3993 ea
866 3948 1009 3993 non
1047 3931 1344 4010 exiguos
1385 3948 1809 4012 progressus
1849 3932 2035 3997 fecit.
2080 3933 2385 3997 Demum
2425 3933 2556 3997 sub
2594 3934 2868 3998 initium
2906 3932 3198 3997 Decem-

743 4038 890 4100 bris
927 4038 1203 4101 litterae
1242 4037 1623 4118 Pro-reg‘is,
1669 4056 1829 4102 cum
1878 4038 2199 4103 ducentis
2250 4040 2486 4104 aureis
2536 4042 2609 4104 in
2658 4041 2999 4104 viaticum
3046 4041 3197 4103 mit-

742 4143 1135 4221 tendorum,
1178 4143 1478 4210 Romam
1515 4145 1831 4226 perlatae
1877 4156 2070 4224 sunt;
2118 4157 2186 4211 et
2235 4165 2399 4211 cum
2448 4165 2490 4210 a
2538 4146 2823 4212 Summo
2863 4146 3199 4210 Pontifice

824 4421 841 4454 ¹
897 4421 1130 4476 Ignatius
1150 4421 1277 4465 Duci
1299 4421 1647 4466 Montisleonis
1663 4456 1673 4476 ,
1698 4424 1760 4467 de
1782 4423 1846 4468 iis
1865 4424 1949 4478 qui
1970 4426 2202 4478 proximo
2223 4423 2514 4479 Septembri
2533 4423 2803 4479 Neapolim
2831 4424 2995 4469 Roma
3015 4424 3080 4468 ad
3102 4425 3200 4467 col·

743 4494 932 4548 legium
966 4494 1307 4537 inchoandum
1342 4494 1631 4549 mittentur,
1667 4496 1916 4549 optimum
1950 4497 2059 4540 fore
2093 4497 2135 4540 si
2163 4498 2420 4552 primores
2453 4497 2767 4551 neapolitani
2801 4497 2867 4540 ad
2901 4494 3199 4540 Pontificem

690 4599 699 4612 .
738 4565 988 4618 scribant,
1022 4566 1070 4609 15
1101 4565 1604 4620 Anguem—Similes
1640 4569 1862 4621 litteras,
1896 4569 2141 4624 adjuncta
2173 4570 2396 4624 quadam
2427 4569 2781 4623 instructione,
2815 4569 2882 4613 ad
2918 4568 3197 4613 Antonium

740 4633 1050 4680 Minturnum
1071 4637 1208 4680 misit
1229 4637 1478 4690 Ignatius.
1499 4638 1722 4693 itemque
1745 4636 1923 4684 Fratri
1944 4640 2191 4697 Dionysio
2220 4641 2282 4684 de
2303 4641 2535 4686 Caesena
2550 4673 2560 4693 ,
2593 4640 2906 4696 Hieronymo
2926 4639 3126 4694 Vignes
3144 4646 3196 4683 et

742 4705 1055 4764 Hieronymo
1075 4708 1137 4751 de
1158 4707 1406 4760 Fonseca.
