3679 5414
717 462 822 522 118
1631 463 1884 553 Cunoiy.
1925 463 2079 526 Soc.
2120 464 2259 537 JES.

716 608 908 688 lium,
942 609 1369 689 pauperibus
1393 609 1784 672 subsidium
1814 608 2133 672 curabat.
2158 609 2394 672 Dabat
2418 610 2632 672 etiam
2656 627 2950 691 operam
2970 621 3047 674 ut
3076 613 3173 675 in·

717 716 1037 794 terdicta,
1065 733 1248 796 quae
1273 714 1843 795 frequentissima
1871 723 2075 779 erant
2104 714 2604 795 salmanticae,
2638 727 3172 782 revocarentur.

719 822 1102 886 Multorum
1139 823 1353 886 etiam
1392 823 1723 886 audiebat
1768 819 2295 901 confessioneS,
2322 822 2687 887 hominum
2730 826 3175 905 praesertim,

719 931 837 1010 qui
874 930 1221 1011 gravibus
1259 931 1569 1009 negotiis
1606 939 1728 993 aut
1774 929 2018 993 officiis
2071 930 2445 1009 implicati,
2502 929 2652 1011 ejus
2703 931 2806 994 uti
2856 932 3176 995 doctrina

720 1047 931 1117 atque
962 1055 1178 1117 opera
1208 1038 1279 1099 in
1310 1037 1871 1100 confessionibus
1916 1037 2276 1116 optabant.
2327 1038 2415 1100 Et
2446 1037 2772 1118 quamvis
2816 1039 2935 1102 alii
2973 1040 3179 1102 colle·

719 1140 945 1226 giales
972 1147 1201 1208 nostri
1230 1145 1482 1208 studiis
1519 1146 1672 1208 suis
1687 1149 1772 1207 :et
1811 1145 2293 1224 spiritualibus
2335 1146 2549 1208 etiam
2587 1144 3019 1225 profectibus
3057 1165 3175 1209 va·

640 1316 644 1320 ,
721 1262 986 1332 carent,
1017 1254 1088 1316 in
1115 1252 1245 1315 fest
1257 1253 1315 1315 is
1342 1260 1584 1314 tamen
1612 1252 2152 1315 solemnioribus
2182 1261 2252 1315 et
2284 1253 2354 1315 in
2377 1252 2752 1316 dominicis
2773 1254 2988 1316 etiam
3017 1271 3181 1317 con-

719 1360 1140 1423 fessionibus
1168 1376 1431 1421 vacare
1463 1358 1832 1421 debebant.
1868 1358 2187 1421 Aderant
2225 1376 2752 1438 nonnumquam
2790 1361 3173 1438 morituri5‚

722 1468 902 1530 inter
949 1484 1124 1546 quos
1167 1483 1329 1528 cum
1366 1465 1506 1527 duo
1545 1465 1809 1527 mutuis
1850 1465 2261 1528 vulneribus
2304 1465 2679 1528 lethalibus
2722 1464 3034 1530 confossi
3075 1484 3183 1529 es—

721 1583 909 1653 sent,
964 1573 1292 1637 accersiti
1330 1572 1421 1635 ab
1459 1573 1562 1634 eis
1606 1571 1698 1634 ad
1735 1570 2012 1634 felicem
2053 1572 2553 1651 migrationem
2594 1590 2684 1635 ex
2721 1572 2858 1636 hac
2911 1575 3062 1637 vita
3110 1586 3179 1638 et

721 1698 984 1760 magna
1040 1679 1532 1743 conformitate
1590 1696 1748 1743 cum
1806 1681 2172 1741 voluntate
2237 1678 2373 1742 Dei
2438 1688 2598 1760 post
2663 1679 3177 1744 confessionem

722 1787 1165 1867 adjuverunt.
1199 1787 1461 1850 Eorum
1492 1787 1670 1849 alter
1699 1784 1994 1849 fratrem
2025 1786 2329 1849 habebat
2359 1787 2814 1865 canonicum,
2863 1789 2977 1850 cui
3018 1803 3175 1867 gra—

721 1912 847 1957 ves
904 1912 1062 1958 cum
1122 1904 1347 1957 matre
1407 1910 1536 1955 sua
1598 1893 2012 1956 inimicitiae
2071 1894 2661 1970 intercesserant;
2723 1911 2882 1957 cum
2936 1895 3172 1974 igitur,

721 1995 947 2065 matre
991 2001 1081 2064 ad
1131 2000 1280 2080 ejus
1319 2000 1606 2063 domum
1645 2001 2004 2078 veniente,
2053 1998 2202 2080 ejus
2246 1999 2613 2080 aspectum
2654 2002 3040 2064 canonicus
3078 2000 3181 2063 fu·

718 2110 924 2187 giens
955 2110 1027 2171 in
1058 2109 1303 2171 intimo
1335 2124 1620 2170 recessu
1649 2107 1901 2170 domus
1934 2126 2010 2170 se
2040 2107 2351 2186 abderet,
2387 2108 2553 2170 dum
2584 2126 2766 2171 unus
2798 2127 2889 2172 ex
2915 2109 3179 2171 nostris

719 2217 1074 2279 vulnerati
1104 2214 1620 2278 confessionem
1652 2215 1880 2294 audit,
1930 2214 2080 2295 ejus
2121 2217 2357 2278 socius
2396 2217 2815 2279 canonicum
2856 2216 3181 2296 aggredi—

721 2334 832 2386 tur
864 2323 1289 2402 adducitque
1329 2330 1405 2384 ut
1444 2339 1487 2383 a
1529 2331 1756 2385 matre
1799 2339 1931 2384 sua
1972 2323 2271 2400 genibus
2311 2322 2514 2386 flexis
2556 2325 2853 2404 supplex
2895 2323 3180 2386 veniam

720 2449 804 2493 ac
843 2446 1132 2494 manum
1171 2427 1722 2492 deosculandam
1759 2438 1989 2509 petat;
2032 2439 2258 2492 matre
2290 2439 2525 2494 autem
2554 2432 2828 2493 vultum
2861 2439 3180 2493 averten-

719 2548 817 2614 te,
875 2536 1089 2614 idem,
1135 2537 1254 2615 qui
1291 2535 1512 2599 filium
1551 2536 1981 2615 adduxerat,
2027 2537 2129 2598 sic
2178 2537 2419 2600 verbis
2453 2554 2625 2599 eam
2679 2537 3051 2613 emollivit,
3103 2546 3180 2599 ut

719 2642 936 2705 filium
986 2643 1527 2723 amplecteretur
1567 2651 1637 2705 et
1675 2643 1964 2705 omnino
2016 2644 2080 2705 ei
2121 2644 2723 2706 reconciliaretur.
2767 2643 2900 2706 His
2946 2653 3181 2707 autem

719 2751 1015 2831 aliisque
1043 2750 1256 2813 rebus
1278 2751 1499 2830 gestis
1528 2750 1794 2814 factum
1825 2760 1934 2813 est
1960 2760 2038 2813 ut
2067 2770 2156 2815 ne
2184 2752 2321 2831 ipsi
2350 2751 2655 2831 quidem,
2683 2753 2803 2831 qui
2832 2769 2975 2815 non
3006 2752 3182 2815 bene

718 2857 955 2922 affecti
985 2866 1188 2920 erant
1217 2873 1391 2936 erga
1420 2867 1736 2936 nostrOS‚
1774 2859 2098 2921 omittere
2129 2869 2420 2938 possent
2449 2860 2620 2939 quin
2648 2858 2957 2922 fructum
2988 2877 3031 2922 a
3059 2857 3181 2922 So-

718 2965 974 3028 cietate
1003 2966 1541 3044 provenientem
1570 2966 1814 3044 magni
1845 2964 2185 3028 facerent.

835 3070 976 3137 277.
1062 3071 1171 3135 Ex
1200 3071 1332 3150 hiS,
1362 3072 1617 3151 quibus
1647 3074 2046 3153 spiritualia
2076 3074 2418 3136 exercitia
2450 3083 2615 3137 sunt
2644 3073 2929 3152 tradita,
2960 3074 3079 3136 alii
3108 3073 3181 3136 in

715 3189 1032 3243 nostram
1064 3177 1518 3259 Societatem,
1554 3180 1674 3243 alii
1706 3182 1777 3243 in
1809 3182 1988 3243 alias
2020 3181 2397 3260 religiones
2427 3199 2504 3244 se
2532 3192 2975 3260 receperunt.

833 3285 973 3349 278.
1062 3285 1239 3350 Cum
1266 3286 1342 3349 P.
1374 3287 1686 3369 Joannes
1714 3287 2027 3350 Alvarez
2058 3295 2127 3350 et
2158 3288 2441 3367 quidam
2472 3287 2653 3350 alius
2680 3287 2980 3351 fratrum
3005 3288 3181 3352 Gra·

713 3403 982 3472 natam,
1007 3411 1189 3473 quae
1219 3393 1317 3456 illi
1349 3394 1580 3473 patria
1609 3403 1784 3473 erat,
1811 3394 2237 3457 valetudinis
2266 3394 2499 3473 gratia
2530 3394 2728 3457 missi
2757 3404 3012 3472 essent,
3040 3413 3182 3457 non

715 3501 940 3563 solum
972 3519 1131 3564 eam
1171 3501 1659 3581 recuperavit,
1703 3502 1828 3564 sed
1860 3502 2238 3564 conciones
2266 3501 2533 3581 aliquot
2563 3519 2724 3564 cum
2760 3518 3023 3580 magno
3065 3519 3180 3581 ap·

717 3608 969 3686 plausu
1010 3608 1224 3671 totius
1263 3607 1572 3670 civitatis
1613 3616 1762 3671 tum
1801 3609 1873 3670 in
1919 3626 2193 3672 summa
2244 3609 2576 3687 ecclesia,
2628 3617 2775 3670 tum
2814 3609 2885 3670 in
2922 3607 3183 3671 scholis

717 3713 1217 3777 Universitatis
1246 3715 1508 3777 habuit.
1543 3714 1974 3778 Invenerunt
1995 3716 2272 3796 aliquos
2301 3716 2372 3778 in
2402 3733 2485 3778 ea
2516 3716 2806 3778 civitate
2835 3714 3010 3777 satis
3038 3714 3180 3777 ido·

721 3802 913 3898 neos,
943 3820 1064 3900 qui
1094 3821 1184 3883 ad
1212 3819 1586 3885 Societatis
1614 3830 1901 3885 nostrae
1935 3823 2328 3885 institutum
2357 3823 2567 3886 valde
2591 3822 2925 3903 propensi
2954 3831 3179 3884 erant.

716 3927 1014 3990 Praeses
1034 3935 1270 3990 autem
1291 3929 1554 4007 regalis
1577 3929 1868 3993 Consilii
1890 3929 2362 4008 granatensiS,
2389 3930 2781 4010 Episcopus
2804 3929 3183 4007 abulensiS,

722 4051 848 4114 per
876 4035 1148 4097 litteras
1179 4053 1221 4097 a
1248 4035 1325 4098 Ρ.
1369 4036 1640 4116 AraOZ,
1682 4036 2142 4115 Provinciali,
2187 4037 2569 4116 postulavit
2609 4046 2680 4100 ut
2722 4036 2796 4100 P.
2840 4038 3186 4119 Joannem

720 4141 1028 4204 Alvarez
1069 4141 1431 4205 Granatae
1470 4144 1732 4206 diutius
1772 4161 2139 4207 remanere
2179 4144 2649 4223 permitteret,
2695 4145 2883 4224 quod
2923 4143 3012 4207 ad
3050 4142 3184 4206 Dei

722 4248 1131 4327 obsequium
1177 4259 1245 4311 et
1287 4249 1599 4313 civitatis
1640 4268 1979 4330 magnam
2018 4251 2391 4314 utilitatem
2438 4250 2752 4314 futurum
2801 4250 2957 4314 esse
3006 4250 3182 4314 affir-

724 4355 978 4417 mabat.

841 4461 980 4524 279.
1077 4463 1186 4526 Ex
1243 4463 1508 4527 decem'
1543 4466 2029 4545 collegialibus
2071 4464 2570 4529 ’Salmanticae
2631 4475 2932 4545 quatuor
2987 4474 3187 4527 erant

721 4567 1186 4648 SacerdoteS,
1207 4570 1513 4651 quinque
1542 4572 1944 4652 theologiae
1975 4573 2365 4652 auditoreS,
2400 4582 2469 4636 et
2508 4572 2786 4653 quidem
2825 4572 2898 4635 in
2922 4588 3007 4633 eo
3049 4580 3188 4634 stu·

716 4674 838 4736 dio
871 4675 1043 4737 satis
1072 4676 1466 4757 diligentes,
1503 4681 1628 4744 sed
1658 4680 1729 4742 in
1758 4680 1993 4743 studio
2026 4680 2299 4761 seipsos
2321 4679 2650 4745 vincendi
2681 4657 3186 4758 diligentioreS,
