3679 5414
1606 481 1729 540 Ax.
1777 481 1910 540 1551
2876 480 2986 540 287

512 626 780 703 omnia,
824 642 1007 706 quae
1046 626 1119 688 in
1157 617 1307 705 ejus
1345 624 1703 690 habentur
1733 625 2106 703 concione,
2151 639 2547 704 agnoscere
2594 623 2992 687 modestiae

511 732 869 800 rationon
898 732 1107 812 sinat,
1141 732 1360 795 multa
1389 739 1627 802 tamen
1667 749 1755 794 ac
1790 731 1939 794 fere
1984 731 2219 794 omnia
2262 737 2423 794 sunt
2463 728 2864 810 hujusmodi
2905 740 2983 794 ut

511 857 642 903 nos
672 838 1313 910 commonefaciant
1341 840 1588 919 quales
1615 855 1760 901 non
1788 856 1945 901 esse
1984 837 2398 917 debeamuS,
2444 847 2591 900 tam
2627 839 2852 901 altum
2882 838 2982 900 in·

506 944 1269 1027 stitutumprofitendos
1293 945 1425 1009 His
1447 961 1711 1024 magna
1735 962 1898 1009 cum
1920 943 2410 1009 aedificatione
2435 944 2764 1024 peractiS,
2796 943 2984 1007 idem

514 1053 863 1117 Dominus
890 1052 1240 1132 RoarduS,
1272 1070 1361 1115 ne
1390 1053 1526 1116 hoc
1555 1051 1853 1130 deesset,
1881 1061 2166 1115 nostros
2187 1068 2435 1114 omnes
2461 1051 2720 1114 fratres
2742 1053 2982 1114 convi-

514 1161 634 1232 vio
660 1161 965 1240 excepit.
1340 1227 1347 1232 ,
2453 1213 2456 1216 ,

634 1267 774 1331 245.
865 1267 1115 1347 Quiete
1155 1266 1439 1347 quidem
1468 1275 1546 1329 ³et
1590 1283 1752 1332 cum
1789 1275 2054 1346 magna
2093 1266 2598 1358 benevolentia·
2624 1266 2983 1329 Universi·-

515 1375 680 1444 tatis
726 1375 953 1440 nostri
992 1374 1302 1454 agebant
1343 1372 1677 1452 Lovanii,
1725 1390 1889 1436 cum
1927 1373 2177 1436 oborta
2216 1372 2566 1452 quaedam
2598 1381 2988 1453 tempestas

512 1490 640 1560 est,
663 1482 750 1544 ob
767 1479 1146 1562 quemdam
1163 1480 1560 1543 studiosum
1569 1479 1925 1560 juvenem,
1950 1478 2297 1561 Jacobum
2313 1480 2619 1557 nomine,
2647 1480 2766 1560 qui
2782 1480 2985 1544 brevi

511 1588 1039 1669 promovendus
1067 1587 1159 1651 ad
1188 1587 1679 1666 magisterium
1705 1595 1777 1649 et
1803 1587 2072 1666 primas
2101 1584 2470 1649 habiturus
2500 1586 2681 1649 inter
2725 1603 2973 1649 omnes

514 1713 598 1759 eo
628 1712 815 1758 anno
844 1685 1369 1775 promovendos
1407 1694 1850 1757 credebatur.
1891 1692 2124 1755 Nimio
2163 1692 2277 1755 ille
2317 1692 2666 1755 desiderio
2708 1710 2793 1755 ac
2833 1710 2985 1756 mo··

495 1801 637 1866 'rae
665 1801 1045 1881 impatiens
1074 1819 1114 1863 e
1143 1801 1484 1880 CollegiO,
1521 1800 1639 1863 ubi
1667 1799 2068 1876 studuerat,
2103 1798 2194 1861 ad
2222 1808 2508 1862 nostros
2549 1817 2624 1861 se
2655 1800 2983 1879 contulit,

514 1909 605 1972 ad
632 1909 951 1972 scholam
982 1908 1435 1973 nihilominus
1463 1924 1628 1970 cum
1656 1907 1816 1970 aliis
1846 1906 2187 1985 aditurus,
2222 1905 2411 1986 quod
2442 1906 2790 1985 reliquum
2821 1913 2977 1969 erat

512 2015 1001 2097 philosophiae
1030 2015 1422 2079 auditurus.
1456 2013 1593 2078 Sed
1624 2031 1786 2077 cum
1817 2014 2213 2093 aegerrime
2243 2013 2461 2075 ferret
2480 2012 2730 2095 Jacobi
2753 2015 2990 2077 consi-'

511 2123 682 2187 lium
712 2123 934 2202 ipsius
962 2131 1416 2203 praeceptor,
1450 2121 1724 2184 duobus
1763 2138 1855 2184 ex
1891 2121 2159 2184 nostris
2197 2120 2681 2206 scholasticis,
2726 2120 2865 2201 qui·
2890 2119 2986 2182 ad

515 2230 664 2311 ejus
686 2231 1006 2293 scholam
1027 2230 1243 2293 etiam
1264 2229 1668 2305 veniebant,
1695 2237 2036 2308 tanquam
2059 2227 2564 2307 impostoribus
2586 2245 2745 2290 eam
2770 2227 2982 2290 inter⁴

515 2337 711 2416 dixit3
745 2336 1090 2418 Jacobum
1121 2347 1358 2400 autem
1387 2336 1475 2399 ab
1505 2335 1823 2399 instituta
1853 2335 2047 2398 vitae
2089 2334 2365 2397 ratione
2402 2342 2731 2397 avertere
2772 2339 2986 2396 cona·'

514 2444 744 2507 batur.
773 2443 951 2509 Cum
974 2453 1209 2508 autem
1231 2443 1307 2506 P.
1333 2444 1697 2507 Adrianus
1716 2443 2115 2505 rationibus
2138 2450 2206 2504 et
2229 2442 2556 2521 precibus
2579 2458 2795 2520 agere
2818 2459 2984 2504 cum

515 2569 598 2614 eo
646 2561 1111 2631 praeceptore
1159 2550 1425 2613 frustra
1472 2558 1837 2629 tentasset,
1894 2548 2216 2612 Lovanio
2267 2548 2587 2611 emittere
2634 2546 2982 2629 Jacobum

517 2675 678 2723 cum
709 2658 981 2722 duobus
1011 2658 1225 2722 sociis
1252 2674 1508 2721 versus
1547 2655 1919 2721 Coloniam
1956 2665 2176 2719 noctu
2215 2654 2480 2719 statuit.
2527 2655 2708 2719 Cum
2746 2667 2988 2719 autem

518 2766 790 2846 egressi
820 2775 1056 2830 essent
1094 2767 1454 2845 LovaniO,
1489 2765 1742 2829 obvius
1779 2765 1917 2827 illis
1960 2763 2090 2827 fuit
2127 2764 2381 2826 nobilis
2420 2762 2710 2843 quidam
2752 2764 2983 2827 adole·

517 2890 747 2952 scenS,
782 2874 902 2953 qui
931 2874 1460 2953 condiscipulus
1488 2873 1793 2953 aliorum
1822 2880 1891 2935 et
1919 2870 2296 2935 Societatis
2325 2879 2602 2934 amator
2634 2881 2811 2949 erat;
2840 2871 2978 2948 hic,

518 2981 731 3043 trium
760 2980 1061 3044 fratrum
1091 2981 1484 3044 discessum
1513 2989 1584 3043 et
1612 2990 1912 3043 causam
1937 2979 2360 3057 intelligenS,
2390 2986 2722 3057 quartum
2744 2995 2820 3040 se
2846 2978 2987 3040 illis

517 3087 838 3168 adjunxit
859 3096 928 3150 et
951 3087 1141 3166 quod
1163 3088 1282 3150 diu
1303 3089 1737 3167 multumque
1758 3086 2239 3165 concupierat,
2266 3084 2469 3165 quasi
2495 3101 2538 3146 a
2561 3083 2715 3147 Deo
2742 3084 2986 3147 oblata

520 3194 1064 3275 opportunitate,
1086 3194 1387 3275 impigre
1400 3202 1509 3257 est
1531 3201 1969 3273 prosecutus
1996 3191 2270 3255 Horum
2294 3190 2616 3254 absentia
2638 3198 2837 3253 tanto
2862 3190 2984 3252 do-

517 3303 665 3376 lore
680 3302 1030 3383 percussit
1043 3310 1582 3381 praeceptorem
1597 3310 1674 3364 ut
1691 3301 1765 3363 in
1774 3298 2120 3380 judicium
2135 3298 2212 3362 P.
2241 3297 2641 3362 Adrianum
2658 3307 2976 3375 vocaret,

521 3425 938 3489 omnemque
969 3409 1193 3473 movit
1218 3409 1560 3490 lapidem,
1594 3408 1820 3471 donec
1854 3408 1999 3485 ille,
2034 3407 2156 3485 qui
2185 3414 2460 3469 tantum
2486 3405 2827 3484 veritate,
2861 3405 2982 3467 hu-

519 3517 813 3585 militate
843 3533 929 3579 ac
959 3517 1300 3596 patientia
1330 3533 1408 3579 se
1436 3516 1785 3593 tuebatur,
1822 3515 1895 3577 in
1918 3530 2282 3576 carcerem
2304 3522 2410 3575 est
2435 3511 2821 3593 conjectus.
2849 3511 2980 3574 Eo-

520 3624 680 3687 dem
711 3633 947 3687 tamen
977 3624 1088 3688 die
1119 3624 1415 3688 eductus
1446 3632 1552 3687 est
1580 3641 1666 3686 ea
1692 3623 1875 3701 lege,
1911 3631 1985 3685 ut
2015 3621 2253 3684 missis
2283 3620 2536 3683 litteris
2576 3620 2988 3683 adolescen-

520 3740 627 3799 tes
654 3741 1061 3800 revocaret,
1086 3730 1757 3812 Mittuntur-equites
1788 3739 1857 3792 et
1896 3728 2169 3809 pedites
2211 3728 2530 3790 nonnulli
2567 3735 2642 3791 ut
2687 3724 2990 3806 juvenes

523 3839 745 3901 variis
776 3838 1143 3902 itineribus
1163 3839 1734 3918 insequerentur,
1769 3846 1838 3900 et
1868 3836 2102 3900 media
2140 3834 2287 3897 fere
2326 3835 2448 3897 via
2486 3851 2739 3898 versus
2780 3834 2985 3898 Colo-

522 3946 737 4025 niam,
770 3946 937 4026 quia
961 3945 1232 4027 pedites
1261 3946 1486 4024 ibant,
1521 3962 1647 4007 eos
1676 3943 2007 4020 assecuti,
2054 3943 2329 4005 litteras
2371 3940 2446 4005 Ρ·.
2493 3919 2796 4005 Adriani
2833 3941 2986 4004 red·

524 4053 718 4131 dunt;
748 4053 1003 4133 quibus
1033 4070 1194 4117 cum
1224 4069 1477 4133 parere
1506 4052 1628 4118 alii
1654 4050 1795 4114 duo
1826 4050 2250 4130 cogitarent,
2282 4058 2548 4128 negant
2576 4048 2885 4130 jacobus
2915 4057 2988 4113 et

526 4159 816 4223 Otho-se
843 4177 1054 4240 posse
1082 4160 1472 4227 secundum
1501 4157 1735 4225 Deum
1764 4157 1901 4223 illis
1927 4174 2204 4238 parere,
2238 4175 2326 4220 ne
2365 4157 2438 4218 in
2475 4156 2880 4236 periculum
2910 4174 2990 4218 se

525 4267 818 4338 nimium
848 4267 1252 4348 conjiciant3
1285 4276 1355 4331 et
1387 4266 1648 4347 alioqui
1677 4266 1807 4329 sub
1853 4264 2251 4330 obedientia
2290 4263 2365 4327 P.
2408 4262 2749 4342 Adriani,
2784 4272 2991 4325 extra

526 4372 677 4454 ejus
704 4375 1185 4455 provinciam,
1227 4392 1304 4438 se
1333 4393 1476 4438 non
1514 4391 1671 4438 esse
1711 4373 2393 4449 animadvertentes,
2435 4370 2574 4433 hoc
2613 4370 2842 4450 ipsum
2883 4386 2991 4431 re-

506 4481 925 4560 scribendm
959 4483 1171 4547 simul
1198 4490 1790 4561 omnespergunt·
1806 4460 2198 4544 Coloniam.
2231 4477 2400 4540 Inde
2428 4495 2602 4540 vero
2633 4476 2990 4539 Viennam

526 4589 995 4661 adnm-›trum‹
1015 4589 1439 4669 Collegium,
1474 4598 1548 4652 ut
1578 4606 1622 4651 a
1651 4588 1967 4668 periculo
2004 4584 2236 4664 magis
2272 4584 2717 4663 recederent,
2761 4593 2991 4647 trans,

528 4696 949 4769 missisunt.
992 4696 1085 4761 Et
1120 4696 1462 4763 miraculo
1501 4693 2016 4776 propemodum
2052 4690 2380 4757 effectum
2417 4700 2553 4770 est,
2598 4700 2674 4754 ut
2710 4693 2992 4771 patrem
