3679 5414
670 482 771 540 152
1572 480 1825 542 Canon.
1868 479 2019 539 Soc.
2062 481 2206 573 Jsss.

666 628 856 689 tione
884 636 1173 689 sanctus
1205 627 1292 690 ab
1333 627 1655 690 omnibus
1685 625 1995 705 habituS,
2032 627 2122 690 ad
2160 626 2519 690 Christum
2556 643 2948 690 conversus
2984 638 3112 689 est.

666 735 733 798 Is
790 734 1293 797 monasterium
1348 732 1703 815 quoddam
1768 733 2272 797 aedificaverat
2334 742 2536 797 extra
2601 734 2869 797 urbem.
2942 733 3121 797 Cum

671 850 915 904 autem·
935 858 1011 903 se
1050 850 1333 921 captum
1372 859 1525 904 esse
1565 839 1938 904 dilectione
1974 841 2397 921 disputantis
2434 838 2509 902 Ρ.
2551 839 2898 919 Gasparis
2937 840 3118 904 dice-

671 959 778 1011 ret
806 998 819 1027 ,
879 948 1171 1027 triginta
1226 948 1374 1011 dies
1430 948 1815 1028 postulavit
1882 947 1972 1010 ad
2036 947 2561 1011 deliberandum
2629 947 2713 1009 de
2779 947 3118 1026 religione

672 1055 1060 1119 christiana
1083 1056 1529 1133 assumenda:
1564 1054 1678 1118 cui
1701 1056 1922 1118 suasit
1945 1054 2224 1134 Gaspar
2254 1063 2330 1142 ut
2353 1054 2658 1134 quinque
2681 1054 2863 1117 ictus
2886 1054 3119 1132 flagel-

673 1164 722 1225 li
769 1172 1057 1243 propter
1105 1162 1369 1225 Christi
1423 1179 1737 1226 amorem
1773 1162 2083 1242 quotidie
2122 1179 2527 1237 assumenS,
2584 1162 2673 1223 ab
2720 1180 2805 1224 eo
2853 1171 3123 1242 peteret

669 1270 1005 1333 illustrari
1029 1286 1240 1348 quam
1261 1270 1491 1348 legem
1513 1278 1697 1332 esset
1722 1278 2115 1332 secuturus.
2139 1268 2318 1332 Cum
2332 1277 2566 1331 autem
2583 1276 2792 1331 nocte
2815 1269 3124 1348 quadam

670 1394 797 1457 pro
827 1394 1022 1439 more
1051 1393 1178 1438 suo
1209 1376 1343 1439 Dei
1369 1375 1837 1456 perfectiones
1861 1377 2452 1455 contemplaretur
2469 1424 2483 1453 ,
2512 1392 2761 1438 vocem
2784 1391 3120 1453 magnam

671 1483 964 1562 audivit,
997 1500 1177 1562 quae
1210 1483 1509 1546 dicebat:
1544 1483 1716 1562 quid
1743 1482 1995 1562 agis),
2026 1482 2198 1562 quid
2226 1482 2469 1561 agis?,
2504 1483 2888 1561 ingredere
2929 1481 3124 1543 viam

673 1608 889 1671 quam
917 1595 985 1652 te
1013 1589 1285 1666 docuit,·
1311 1589 1470 1653 sola
1501 1590 2064 1653 christianorum
2101 1589 2227 1652 lex
2261 1608 2435 1652 vera
2475 1594 2603 1652 est.
2639 1589 2836 1652 Vidit
2875 1589 3125 1653 deinde

671 1700 864 1760 velut
894 1706 1308 1760 ornamenta
1336 1696 1684 1777 quaedam
1706 1698 2210 1774 ecclesiastica,
2238 1697 2475 1777 qualia
2498 1696 2569 1759 in
2593 1696 3127 1759 solemnioribus

672 1804 930 1867 Missae
960 1803 1325 1867 sacrificiis
1362 1805 1553 1867 cerni
1583 1807 1831 1868 solent.
1868 1804 2046 1868 Cum
2074 1804 2291 1883 igitur
2320 1803 2431 1866 die
2471 1804 2788 1883 sequenti
2818 1803 2972 1866 Rex
3001 1802 3124 1866 Or·'

672 1910 869 1996 mutii
899 1928 1282 1974 saracenus
1312 1929 1473 1974 eum
1501 1920 1902 1991 quaereret,
1947 1929 2022 1973 se
2066 1911 2464 1987 abscondit,
2506 1929 2595 1973 ne
2635 1911 2937 1974 inveniri
2972 1928 3123 1990 pos·

670 2027 798 2098 set,
832 2028 901 2080 et
932 2036 1228 2098 propere
1261 2019 1351 2081 ad
1381 2018 1456 2081 P.
1491 2018 1888 2099 Gasparern
1917 2018 2275 2099 profectus
2302 2018 2729 2099 baptismum
2754 2017 2984 2097 petiit,
3012 2018 3128 2097 qui

672 2142 933 2205 magna
964 2143 1126 2189 curn
1154 2126 1596 2189 solemnitate
1626 2127 1691 2190 ei
1721 2128 2022 2189 collatus
2046 2136 2173 2204 est,
2200 2134 2270 2188 et
2294 2142 2455 2188 cum
2478 2142 2738 2203 magna
2761 2125 3126 2204 gentilium

673 2232 1105 2312 confusione,
1161 2234 1279 2313 qui
1322 2251 1581 2313 aquam
1629 2234 1982 2312 bibebant,
2029 2242 2106 2296 ut
2152 2233 2483 2313 reliquias
2533 2250 2800 2310 sacraS,
2846 2250 2984 2312 qua
3014 2231 3127 2295 ille

672 2340 888 2420 pedes
915 2340 1224 2403 lavabat.
1251 2341 1339 2403 Et
1360 2357 1445 2402 eo
1469 2341 1858 2420 baptizato,
1888 2358 2013 2421 per
2035 2340 2339 2402 mediam
2368 2339 2727 2403 civitatem
2754 2357 3125 2402 saraceno·

669 2464 825 2509 rum
849 2464 1010 2509 cum
1041 2464 1251 2510 cruce
1280 2449 1558 2510 elevata
1588 2448 2051 2521 transierunt,
2100 2456 2175 2508 ut
2214 2464 2375 2509 eam
2403 2447 2474 2510 in
2511 2446 2940 2509 monasterio
2977 2445 3126 2525 j0gi

670 2552 877 2632 hujus
900 2554 1428 2633 constituerent;
1456 2564 1523 2617 et
1547 2554 1752 2617 idolis
1775 2554 2179 2632 confractiS,
2206 2554 2505 2616 ecclesia
2527 2553 2622 2616 ibi
2644 2553 2834 2616 facta
2857 2562 2985 2632 est;
3009 2552 3132 2615 ubi

668 2671 737 2724 et
760 2661 908 2740 ipse
938 2659 1014 2724 P.
1053 2660 1334 2741 Gaspar
1361 2661 1701 2739 substitit,
1736 2671 1833 2742 et,
1865 2663 2125 2743 populo
2165 2660 2236 2725 id
2273 2669 2582 2741 petente,
2616 2659 3007 2741 Collegium
3034 2660 3128 2723 ibi

668 2768 1043 2832 Societatis
1073 2767 1438 2831 instituere
1467 2770 1721 2847 voluit,
1756 2770 1875 2833 ubi
1906 2769 2379 2849 quadraginta
2407 2768 2812 2847 collegiales
2840 2777 3127 2848 possent

668 2875 1070 2938 sustentari.
1108 2875 1280 2938 Erat
1309 2884 1548 2939 autem
1585 2886 1823 2940 tantus
1864 2877 2103 2957 populi
2139 2876 2380 2939 fervor
2417 2876 2491 2938 in
2527 2875 2993 2955 eleemosynis
3036 2875 3125 2937 ad

667 2984 800 3046 hoc
854 2999 1031 3063 opus
1084 2982 1559 3061 conferendiS,
1603 2993 1681 3047 ut
1722 2993 1909 3046 esset
1948 2983 2065 3064 qui
2105 2983 2530 3063 quingentas
2566 2991 2635 3045 et
2674 2983 2792 3062 qui
2830 2991 3130 3061 quatuor

669 3090 886 3152 millia
916 3089 1213 3152 contulit
1248 3088 1289 3167 ¹3
1324 3090 1439 3152 alii
1473 3090 1812 3170 quidquid
1844 3090 2227 3168 habebant,
2262 3089 2767 3168 largiebantur.
2810 3087 2949 3151 Sed
2990 3088 3128 3151 Do·

668 3197 900 3260 minus
948 3197 1364 3260 Emmanuel
1415 3198 1500 3260 de
1539 3198 1775 3274 Lima,
1820 3198 2118 3260 Praeses
2156 3197 2373 3275 arciS,
2416 3198 2608 3258 solus
2645 3196 2796 3258 sine
2834 3196 3133 3259 aliorum

667 3322 886 3385 opera
916 3304 1293 3384 collegium
1317 3303 1453 3366 hoc
1483 3304 1733 3367 dotare
1763 3304 2007 3382 voluit,
2037 3321 2198 3367 cum
2218 3303 2526 3367 fructum
2547 3303 2833 3366 uberem
2855 3302 2947 3366 ad
2970 3303 3127 3366 Per·

662 3412 912 3491 sidem,
950 3411 1315 3489 Arabiam,
1350 3410 1827 3491 Aethiopiam,
1863 3420 1931 3474 et
1963 3411 2139 3473 alias
2168 3410 2496 3490 regiones
2525 3426 2616 3472 ex
2637 3427 2723 3472 eo
2754 3418 3127 3490 proventu-

669 3536 826 3581 rum
856 3527 1198 3598 speraret.

785 3624 926 3685 358.
1015 3623 1171 3687 Non
1214 3633 1452 3687 autem
1501 3624 1709 3687 facile
1747 3632 1900 3687 erat
1940 3642 2026 3686 ex
2066 3623 2263 3686 India
2311 3624 2675 3704 operarios
2714 3623 2784 3685 in
2832 3638 3127 3700 regnum

664 3731 1038 3794 Ormutiae
1080 3731 1390 3810 mittere;
1434 3748 1652 3810 quare
1697 3747 1943 3794 eorum
1985 3731 2437 3794 seminarium
2477 3731 2734 3794 ibidem
2771 3729 3126 3793 instituen-

665 3838 841 3900 dum
871 3837 1264 3900 videbatur.
1301 3837 1479 3901 Cum
1502 3846 1740 3900 autem
1767 3837 1917 3917 ipse
1947 3838 2024 3900 P.
2074 3836 2356 3917 Gaspar
2401 3838 2490 3900 ad
2534 3836 2866 3900 Sinarum
2904 3852 3128 3914 regna

670 3961 745 4006 se
785 3945 927 4008 cito
971 3944 1416 4018 evocandum
1455 3944 1805 4021 crederet,
1863 3945 2136 4023 aliquos
2186 3946 2500 4008 seniores
2550 3954 2618 4007 et
2668 3942 3130 4007 scholasticos

664 4051 943 4131 aliquos
993 4068 1082 4113 ex
1134 4051 1329 4114 India
1369 4051 1551 4114 mitti
1594 4051 1952 4131 cupiebat,
1996 4060 2065 4114 et
2112 4061 2392 4131 praeter
2431 4051 2719 4114 domum
2762 4069 2848 4114 ac
2896 4051 3130 4114 dotem

668 4157 997 4236 Collegii,
1045 4157 1260 4220 etiam
1299 4157 1548 4221 domus
1598 4158 2061 4237 supellectilia
2098 4167 2167 4221 et
2201 4158 2543 4221 ecclesiae
2584 4158 2885 4222 denodia
2924 4166 2992 4220 et
3031 4158 3129 4218 in·

669 4265 1183 4328 structisimam
1212 4264 1709 4329 bibliothecam
1738 4265 2202 4345 relinquebat.
2239 4264 2525 4328 Plurimi
2569 4264 2992 4328 Societatem
3030 4263 3128 4326 in-

668 4371 873 4450 gredi
900 4371 1315 4450 cupiebant;
1359 4372 1483 4434 sed
1512 4390 1638 4434 sex
1669 4381 1945 4435 tantum
1974 4372 2288 4451 admisit;
2332 4390 2419 4434 ex
2463 4371 2715 4452 quibus
2752 4389 2933 4434 unus
2971 4377 3130 4448 post

672 4477 1055 4556 quamdam
1103 4477 1520 4540 concionem
1568 4478 1643 4540 P.
1700 4478 2044 4558 Gasparis
2085 4480 2155 4542 in
2204 4479 2561 4559 publicum
2597 4478 3002 4556 egrediens,
3059 4478 3130 4539 in

760 4718 779 4751 ¹
833 4718 918 4762 Sic
941 4719 991 4761 in
1010 4730 1145 4770 mss..
1163 4729 1261 4762 non
1283 4719 1554 4773 designata
1575 4720 1819 4772 pecuniae
1842 4721 2026 4772 specie,
2049 4731 2179 4773 quae
2200 4719 2532 4763 offerebatur.
