3679 5414
1604 445 1733 503 AN.
1787 444 1926 504 1552
2888 445 2997 503 587

532 607 694 653 cum
721 590 1042 671 plurimis
1072 590 1409 653 studiosis
1446 588 1532 652 de
1570 590 1781 653 rebus
1825 590 1917 653 ad
1957 607 2202 654 eorum
2244 590 2639 671 profectum
2675 590 2999 670 spiritua·

531 700 670 761 lem
700 697 1213 776 pertinentibus
1244 697 1526 776 agebat.
1569 696 1993 761 Sacerdotes
2032 698 2252 761 etiam
2292 698 2612 761 seniores
2655 714 2740 760 ac
2775 696 2996 778 junio-

530 823 645 868 res
674 805 904 885 ipsum
937 804 1371 867 accedebant
1399 805 1486 868 de
1515 806 1665 867 vita
1696 805 2120 886 corrigenda
2151 805 2432 868 solliciti
2462 814 2534 868 et
2563 805 2654 868 ad
2684 804 2755 867 id
2782 806 2995 868 ratio-

530 929 692 974 nem
747 913 926 975 inire
984 912 1293 992 aliquam
1353 912 1739 992 cupientes.
1801 913 1889 975 Et
1947 913 2049 976 sic
2105 914 2334 975 bonus
2392 912 2565 975 odor
2622 910 2999 975 Societatis

530 1020 894 1082 crescebat
943 1029 1019 1082 ut
1070 1021 1558 1082 obmutescere
1608 1018 2035 1098 adversarii,
2090 1021 2387 1098 vellent,
2433 1019 2731 1097 nollent,
2787 1035 2993 1095 coge·

528 1136 794 1189 rentur.
849 1126 1101 1189 Mulier
1151 1126 1366 1189 etiam
1422 1127 1769 1206 quaedam
1825 1127 2202 1190 meretrice
2252 1125 2450 1207 pejor
2500 1125 2992 1189 admirandam

527 1234 719 1296 vitae
750 1234 1208 1296 mutationem
1240 1232 1375 1296 Dei
1402 1234 1634 1313 gratia
1672 1251 1799 1313 per
1844 1233 1919 1296 P.
1962 1233 2413 1297 Leonardum
2454 1233 2655 1311 fecit,
2699 1242 2774 1295 ut
2813 1233 2995 1296 sicut

528 1340 726 1420 prius
755 1339 1177 1403 offendiculo
1202 1339 1350 1421 jam
1379 1341 1702 1420 exemplo
1741 1350 1810 1403 et
1851 1340 2302 1403 admirationi
2341 1340 2742 1403 hominibus
2781 1349 2989 1403 esset.

527 1448 704 1511 Cum
736 1449 923 1511 enim
953 1447 1151 1528 prius
1181 1447 1678 1511 delicatissime
1722 1448 2047 1527 vixisset,
2094 1465 2278 1527 aqua
2316 1446 2464 1528 J'am
2508 1456 2577 1510 et
2618 1465 2803 1528 pane
2832 1464 2993 1510 con·

527 1564 720 1617 tenta
737 1603 752 1634 ,
786 1565 855 1618 et
885 1573 1099 1634 super
1127 1554 1473 1617 stramina
1500 1555 1749 1634 paucis
1777 1555 1976 1617 horis
2005 1555 2376 1635 quiescens
2393 1604 2407 1632 ,
2435 1555 2586 1617 dies
2608 1565 2993 1634 noctesque

526 1663 749 1725 vitam
779 1672 1184 1725 anteactam
1215 1660 1509 1740 deflenS,
1559 1671 1629 1724 et
1665 1661 1801 1724 Dei
1835 1662 2228 1725 bonitatem
2265 1671 2335 1724 et
2373 1661 2788 1741 patientiam
2816 1679 2991 1741 erga

525 1787 604 1831 se
634 1770 964 1848 laudanS,
1012 1769 1243 1848 magis
1283 1769 1521 1831 valida
1562 1777 1631 1831 et
1669 1786 1848 1832 sana
1886 1786 2099 1848 quam
2137 1770 2364 1849 priuS,
2415 1769 2593 1831 alios
2621 1770 2893 1831 nobiles
2924 1778 2992 1831 et

526 1878 943 1958 desperatae
984 1878 1175 1940 vitae
1217 1877 1568 1956 homineS,
1610 1877 1745 1956 ipsi
1784 1876 2165 1956 aliquando
2206 1885 2445 1949 notOS,
2494 1876 2586 1939 ad
2634 1877 2990 1956 poeniten-

525 1986 697 2047 tiam
737 1984 1230 2065 pertrahebat,
1277 1994 1347 2047 et
1387 1981 1539 2063 ejus
1587 1983 1808 2046 verba
1862 1992 1939 2045 ut
1975 1992 2228 2046 acutus
2276 1982 2560 2062 gladius
2610 1983 2701 2045 ad
2729 1983 2986 2046 medul-

523 2094 631 2155 las
661 2110 882 2172 usque
912 2093 1377 2173 penetrabant
1412 2089 1451 2154 ¹.

600 2199 741 2262 401.
829 2199 970 2264 Sub
1002 2200 1168 2262 anni
1197 2199 1407 2262 finem
1438 2199 1669 2279 coepit
1708 2216 1925 2278 agere
1966 2216 2126 2261 cum
2170 2198 2420 2261 amicis
2455 2197 2531 2261 P.
2575 2199 2989 2261 Leonardus

521 2308 608 2369 de
637 2308 847 2373 modo
878 2305 1238 2369 obtinendi
1274 2307 1362 2369 ab
1401 2305 1965 2386 Archiepiscopo
2001 2314 2412 2368 nostrorum
2450 2305 2989 2385 privilegiorum

521 2414 1023 2477 admissionem
1052 2424 1124 2476 et
1152 2413 1450 2476 liberum
1477 2430 1704 2491 usum,
1739 2422 1809 2475 et
1839 2413 2024 2475 inter
2054 2412 2234 2474 alios
2263 2411 2351 2474 D.
2390 2411 2839 2493 Gropperum
2868 2431 2984 2475 no-

521 2522 686 2584 stris
716 2520 1222 2584 amicissimum
1251 2519 1636 2598 consuluit,
1672 2520 1787 2581 cui
1814 2529 2062 2582 nostra
2090 2520 2328 2582 omnia
2367 2520 2542 2582 mire
2581 2520 2978 2600 placebant,

519 2638 621 2709 et,
654 2646 815 2691 cum
845 2627 957 2691 die
986 2628 1292 2707 quodam
1332 2635 1636 2709 quatuor
1674 2627 1993 2705 integras
2030 2627 2247 2689 horas
2286 2644 2450 2689 cum
2486 2626 2562 2690 P.
2611 2626 2982 2690 Leonardo

519 2736 1015 2814 transegisset,
1063 2751 1223 2798 eum
1262 2744 1511 2815 postea
1560 2736 1635 2797 in
1684 2734 2200 2824 confessarium
2250 2736 2464 2814 elegit
2513 2752 2776 2815 magno
2819 2753 2982 2798 cum

518 2842 868 2906 desiderio
895 2842 1284 2922 spiritualis
1311 2841 1695 2922 profectus.
1731 2841 1948 2904 Dedit
1978 2840 2228 2904 deinde
2265 2842 2540 2906 litteras
2580 2842 2671 2905 ad
2710 2844 2981 2905 cancel·-

518 2952 772 3014 larium
820 2949 1394 3029 Archiepiscopi,
1440 2966 1650 3029 quem
1697 2949 1896 3028 prius
1940 2947 2026 3011 de
2071 2948 2396 3011 omnibus
2444 2948 2977 3028 informaverat,

517 3059 636 3138 qui
663 3058 875 3121 valde
914 3057 1311 3120 humaniter
1354 3055 1432 3120 Ρ.
1479 3055 1930 3119 Leonardum
1975 3055 2283 3136 excepit,
2332 3065 2400 3118 et
2448 3073 2652 3119 suam
2703 3073 2984 3119 omnem

517 3183 808 3246 operam
838 3165 1088 3228 obtulit
1118 3164 1305 3244 apud
1336 3162 2005 3243 Archiepiscopum,
2049 3164 2166 3225 cui
2202 3172 2272 3225 et
2311 3162 2583 3225 litteras
2621 3162 2710 3226 D.
2756 3162 2979 3243 Grop-

515 3274 668 3352 peri
696 3291 771 3336 se
802 3282 1249 3336 ostensurum
1281 3270 1493 3348 dixit3
1540 3269 1665 3332 sed
1705 3270 1871 3348 quia
1913 3269 2250 3333 Coloniae
2291 3287 2434 3332 non
2466 3278 2649 3349 erat,
2684 3267 2835 3349 ejus
2865 3270 2981 3333 ad-

515 3390 772 3443 ventus
803 3378 1325 3460 exspectandus
1354 3377 1507 3442 fuit.
2065 3393 2085 3420 ²

1118 3699 1248 3763 DE
1292 3698 1757 3764 COLLEGIO
1800 3698 2130 3762 LOVAN
2134 3698 2287 3762 IEN
2290 3697 2370 3762 Sl

635 3919 774 3982 402.
863 3919 1016 3981 Hoc
1047 3937 1266 3997 ann0,
1300 3918 1483 3981 sicut
1521 3918 1734 3981 etiam
1773 3917 2170 3997 superiore,
2214 3916 2521 3997 praefuit
2556 3916 2819 3979 nostris
2848 3915 2975 3978 Lo-

517 4027 971 4090 vaniensibus
1000 4024 1075 4088 P.
1118 4024 1482 4089 Adrianus
1511 4025 1600 4089 ab
1629 4024 1985 4104 Adriano;
2030 4023 2232 4104 cujus
2269 4023 2699 4102 adversitaS,
2744 4023 2804 4085 si
2844 4023 2977 4085 hoc

515 4135 796 4197 nomine
835 4134 1192 4197 censenda
1230 4142 1338 4195 est
1378 4133 1452 4196 in
1488 4150 1853 4196 carcerem
1889 4131 2270 4212 conjectio,
2317 4130 2405 4194 de
2443 4148 2581 4211 qua
2630 4130 2980 4211 superiori

518 4258 704 4303 anno
749 4241 1226 4319 meminimuS,
1272 4258 1415 4303 non
1457 4241 1687 4303 solum
1733 4249 2018 4303 nostros
2060 4238 2320 4302 fratres
2361 4248 2483 4301 aut
2527 4237 2795 4302 amicos
2838 4254 2981 4299 non

515 4349 886 4410 revocavit
931 4348 1021 4411 ab
1067 4348 1425 4427 instituto,
1472 4365 1720 4410 verum
1771 4356 1841 4409 et
1893 4347 1965 4409 in
2014 4345 2498 4426 frigidioribus
2543 4346 2979 4424 singularem

601 4554 620 4589 Ι
675 4554 928 4600 Polaticus
944 4589 954 4607 ,
978 4566 1044 4599 ex
1064 4567 1223 4608 com„
1244 4555 1390 4600 Patri
1410 4555 1682 4599 Leonardo
1702 4554 1885 4599 Kessel
1900 4587 1911 4608 ,
1940 4560 1997 4598 ut
2018 4554 2197 4598 videat
2224 4565 2292 4598 an
2320 4553 2563 4607 expediat
2579 4585 2591 4606 ,
2623 4563 2722 4607 quo
2743 4552 2907 4606 major
2926 4552 2978 4595 ln

517 4628 628 4672 die·
646 4639 712 4671 ex
733 4627 1010 4672 Societatis
1039 4628 1339 4672 ministeriis
1371 4628 1422 4671 in
1441 4628 1702 4682 proximos
1721 4627 1998 4682 proveniat
2018 4627 2237 4681 utilitas,
2266 4625 2498 4670 scholam
2525 4625 2768 4679 aliquam,
2790 4625 2875 4669 ubi
2896 4635 2980 4666 no-

517 4700 613 4745 stri
636 4701 871 4756 doceant,
896 4699 1138 4744 Coloniae
1156 4700 1444 4753 instituere,
1461 4699 1491 4742 9
1510 4699 1798 4747 Februarii.
