3679 5414
1519 458 1646 517 Aa.
1692 458 1830 517 1550
2826 461 2899 519 49

536 607 669 671 102.
756 607 1005 671 Nostri
1026 624 1320 669 numero
1344 607 1598 686 viginti
1628 616 1796 669 tunc
1828 618 2055 684 erant;
2092 616 2160 669 et
2182 607 2588 669 scholastici
2608 607 2894 688 positio-

425 733 552 777 nes
581 714 884 793 singulis
917 713 1289 777 dominicis
1320 713 1566 776 diebus
1603 713 2072 776 defendebant
2111 714 2606 793 disputationis
2633 715 2890 793 gratia,

426 834 496 884 et
515 821 781 884 feriatis
813 821 1032 885 etiam
1052 821 1299 883 diebus
1336 820 1673 899 epistolas
1715 829 1784 883 et
1825 820 2145 883 carmina
2170 819 2584 900 affigebant,
2613 830 2681 883 et
2719 822 2896 884 alias

427 928 826 1008 huJusmodi
862 927 1332 990 scholasticas
1360 926 1907 990 exercitationes
1938 927 2030 989 ad
2061 937 2469 990 nostrorum
2501 928 2897 1008 profectum

426 1035 613 1097 domi
633 1034 1017 1097 habebant.
1059 1033 1243 1113 Quia
1273 1052 1447 1097 vero
1479 1051 1621 1096 non
1652 1034 1865 1114 pauci
1889 1032 2188 1113 juvenes
2219 1035 2292 1096 in
2323 1033 2750 1098 Societatem
2781 1036 2895 1098 ad-

428 1143 607 1205 mitti
636 1142 1012 1222 optabant,
1046 1142 1336 1204 domum
1364 1141 1834 1221 probationiS‚
1871 1141 2053 1204 sicut
2085 1149 2153 1204 et
2201 1159 2720 1220 messanenseS,
2755 1160 2898 1205 non

425 1259 664 1311 tamen
693 1248 949 1310 eodem
976 1264 1310 1310 successu
1332 1245 1779 1326 inchoarunt;
1814 1265 2058 1310 omnes
2082 1248 2268 1310 enim
2286 1248 2537 1311 novitii
2557 1266 2778 1328 usque
2808 1250 2899 1312 ad

426 1373 643 1418 unum
671 1356 877 1418 brevi
917 1355 1172 1435 dilapsi
1210 1364 1402 1434 sunt;
1437 1354 1626 1435 quod
1656 1373 1747 1417 ex
1791 1354 2052 1435 duplici
2082 1373 2301 1419 causa
2339 1356 2754 1436 provenisse
2792 1366 2900 1418 est

426 1463 1040 1541 animadversum3
1072 1462 1332 1541 prima,
1367 1461 1556 1541 quod
1584 1479 1727 1524 non
1757 1471 1945 1525 esset
1974 1463 2093 1542 qui
2131 1480 2379 1525 curam
2414 1479 2660 1529 eorum
2697 1480 2899 1543 pecu·

424 1571 673 1633 liarem
704 1579 987 1648 gereret
1018 1578 1088 1631 et
1116 1586 1199 1631 ea
1230 1568 1578 1649 spirituali
1618 1569 2124 1633 exercitatione
2162 1570 2234 1631 in
2263 1569 2663 1650 hujusmodi
2692 1570 2901 1632 rebus

424 1677 792 1757 praeditus
822 1694 963 1756 qua
993 1675 1392 1756 oportebat,
1427 1676 1531 1738 eis
1561 1686 1956 1756 praeesset;
1990 1677 2162 1755 alia,
2197 1670 2383 1756 quo'd
2425 1678 2494 1739 in
2525 1676 2776 1740 studiis
2804 1676 2903 1738 illi

426 1784 1011 1865 perseverabant,
1065 1783 1393 1862 quamvis
1441 1783 1512 1845 in
1561 1783 1761 1845 initio
1810 1783 2199 1846 novitiatus
2238 1793 2718 1861 versarentur,
2771 1800 2901 1845 nec

425 1892 733 1954 solidum
760 1891 835 1952 in
864 1890 1335 1969 abnegatione
1376 1907 1668 1952 suorum
1708 1889 2088 1952 affectuum
2126 1889 2659 1953 fundamentum
2695 1890 2902 1952 facie-

423 2000 627 2076 bant,
665 1997 854 2060 unde
885 2014 1047 2059 cum
1087 1997 1323 2076 aliqua
1360 1997 1776 2059 humilitatis
1808 1997 2147 2059 exercitia
2188 1998 2291 2059 eis
2330 1996 2898 2077 injungebantur,

425 2123 600 2185 prae
640 2103 904 2167 affectu
942 2121 1082 2184 quo
1123 2103 1213 2166 ad
1253 2103 1485 2166 studia
1525 2104 2011 2184 rapiebantur,
2054 2122 2197 2167 non
2236 2102 2578 2166 ferebant.
2626 2103 2904 2183 Aliquis

425 2223 667 2275 tamen
698 2229 791 2274 ex
821 2212 930 2273 his
960 2210 1166 2273 rediit
1206 2220 1275 2273 et
1314 2228 1477 2273 cum
1516 2227 1778 2289 magna
1819 2211 2306 2274 aedificatione
2346 2212 2418 2272 in
2446 2210 2797 2275 Societate
2827 2218 2903 2273 ut

428 2320 770 2399 egregius
801 2317 1170 2399 operarius
1198 2318 1451 2380 vineae
1483 2316 1772 2380 Domini
1801 2328 2216 2399 perseverat
2252 2316 2290 2382 ¹.

532 2425 677 2488 103.
765 2426 844 2488 In
867 2424 1352 2505 spiritualibus
1374 2424 2003 2487 exercitationibus
2034 2426 2458 2488 concionum
2478 2425 2905 2488 exercebant

425 2551 496 2597 se
548 2532 844 2613 quidem
886 2531 1132 2611 nostri,
1166 2548 1313 2594 non
1361 2533 1590 2595 solum
1638 2531 1974 2595 Panormi
2011 2533 2134 2595 sed
2174 2533 2388 2595 etiam
2437 2532 2904 2610 Monteregali

424 2652 484 2704 et
537 2641 618 2703 in
667 2639 931 2719 exiguo
981 2639 1099 2700 illo
1154 2639 1415 2719 templo
1474 2638 1662 2719 quod
1710 2638 2253 2701 Misericordiae
2302 2639 2697 2719 dicebatur3
2746 2639 2903 2701 aliis

424 2749 642 2811 etiam
681 2747 754 2810 in
795 2747 1244 2810 monasteriis
1281 2764 1368 2809 ac
1411 2746 1548 2826 piis
1596 2747 1774 2812 locis
1811 2747 1883 2809 id
1922 2747 2157 2827 ipsum
2192 2748 2674 2827 praestabant.
2719 2748 2901 2827 Quia

422 2867 664 2917 tamen
693 2855 1033 2934 templum
1062 2854 1431 2932 proprium
1458 2870 1601 2915 non
1632 2853 2014 2932 habebant,
2049 2870 2179 2916 nec
2211 2853 2527 2933 Collegio
2559 2855 2895 2932 vicinum,

425 2975 486 3024 et
514 2962 698 3024 illud
746 2961 1009 3041 ipsum,
1067 2960 1137 3022 in
1183 2978 1321 3040 quo
1361 2959 1721 3049 sacrificia*
1750 2958 2129 3023 Missarum
2169 2960 2583 3040 offerebant,
2625 2963 2896 3041 perexi-

427 3085 650 3148 guum
688 3077 756 3130 et
794 3069 979 3130 male
1027 3067 1478 3130 materiatum
1523 3076 1706 3147 erat,
1760 3068 1895 3130 hoc
1936 3068 2401 3132 ministerium
2438 3069 2898 3148 praedicandi

427 3194 572 3239 non
602 3192 869 3255 magno
901 3192 1063 3237 cum
1085 3174 1317 3238 fructu
1347 3175 1661 3238 civitatis
1682 3176 2171 3253 exercebatur;
2208 3176 2535 3255 quamvis
2564 3176 2778 3255 aliqui
2807 3177 2898 3239 ad

429 3282 599 3347 illud
629 3284 967 3361 templum
999 3280 1575 3358 Misericordiae,
1604 3281 2069 3344 confessionis
2098 3291 2167 3345 et
2198 3282 2710 3345 communionis
2739 3299 2897 3360 gra·

428 3391 544 3468 tia,
583 3388 1032 3466 accederent;
1064 3388 1280 3451 immo
1311 3406 1440 3451 nec
1469 3388 1872 3451 innotuerat
1901 3388 2176 3469 publice
2207 3389 2479 3452 civitati
2509 3388 2898 3468 Collegium

430 3508 755 3559 nostrum
811 3496 883 3557 in
938 3495 1238 3557 aliorum
1292 3511 1507 3574 quam
1566 3495 1639 3557 in
1695 3496 2286 3558 scholasticorum
2343 3496 2717 3559 commoda
2771 3514 2900 3577 per

429 3601 1038 3682 praedicationem
1103 3611 1171 3664 et
1236 3600 1862 3665 sacramentorum
1933 3603 2400 3665 ministerium
2465 3603 2891 3668 incumbere.

430 3708 593 3774 ldeo
630 3719 709 3773 ut
749 3708 1110 3772 communi
1147 3709 1333 3771 bono
1373 3709 1893 3787 consuleretur,
1936 3707 2021 3771 de
2064 3711 2325 3788 templo
2368 3708 2536 3773 Divi
2577 3710 2893 3790 Antonii,

434 3914 661 3959 Siciliam
683 3915 819 3958 mitti
844 3915 939 3957 nisi
962 3915 1074 3968 ejus
1094 3915 1205 3957 loco
1241 3915 1291 3956 in
1322 3913 1531 3957 Italiam
1565 3914 1803 3958 Andreas
1837 3914 1881 3957 F
1885 3916 2053 3958 rusius
2075 3916 2300 3968 venerit,
2338 3928 2507 3961 meuse
2528 3918 2734 3962 Martio.
2756 3919 2897 3962 Idem

436 3986 611 4034 eidem.
646 3987 713 4029 de
746 3986 982 4039 augendo
1011 3986 1264 4029 lectorum
1298 3996 1527 4038 numero,
1549 3986 1855 4039 quibusdam
1889 3986 2050 4030 Roma
2084 3988 2317 4041 proximo
2351 3995 2597 4032 autumno
2618 3990 2898 4042 mittendis,

437 4056 693 4109 Panormi,
712 4057 740 4099 7
758 4056 912 4109 Junii.
933 4056 1076 4100 Idem
1097 4056 1408 4111 Hieronymo
1429 4057 1723 4101 Domenech
1739 4090 1749 4110 ,
1780 4058 1843 4101 de
1863 4057 2220 4103 Universitate
2250 4066 2302 4104 et
2334 4061 2394 4104 de
2416 4061 2478 4104 iis
2499 4062 2584 4115 qui
2605 4062 2768 4105 Roma
2788 4061 2901 4105 mit-

434 4130 568 4174 tendi
589 4131 690 4172 sub
708 4133 1008 4172 autumnum
1027 4134 1194 4182 erunt,
1217 4129 1268 4171 16
1286 4135 1336 4172 et
1355 4129 1410 4172 ae
1425 4129 2002 4183 Augusti.—-1nstructio
2019 4130 2145 4174 data
2163 4129 2426 4185 Stephano
2446 4132 2685 4177 Baroello
2706 4132 2758 4177 in
2777 4133 2902 4177 Sici·

433 4202 550 4245 liam
585 4201 752 4244 Roma
781 4199 1153 4255 proficiscenti,
1187 4201 1284 4244 hoe
1312 4211 1445 4244 anno
1467 4200 1818 4244 1550.—-Patris
1838 4200 2042 4246 Natalis
2061 4202 2270 4246 litterae
2293 4204 2359 4246 ad
2381 4204 2658 4258 Ignatium.

511 4273 529 4305 ¹
586 4272 860 4324 Polancus,
901 4282 968 4314 ex
996 4273 1389 4322 commissione,
1422 4272 1567 4315 Patri
1602 4272 1810 4325 Laynez
1845 4273 1907 4316 de
1942 4274 2203 4317 mittendis
2238 4274 2456 4319 Romam
2485 4277 2814 4321 scholasticis
2848 4284 2901 4322 et

434 4345 665 4397 parando
687 4344 900 4397 viatico,
921 4355 1036 4387 cum
1053 4348 1317 4398 poterunt,
1335 4355 1429 4398 pro
1452 4344 1513 4388 iis
1531 4345 1616 4398 qui
1637 4355 1814 4388 eorum
1833 4346 1948 4389 loeo
1970 4345 2131 4389 Roma
2153 4348 2202 4390 in
2223 4346 2453 4391 Siciliam
2474 4349 2679 4392 mittere
2701 4355 2902 4404 oporte-

435 4416 522 4469 bit,
542 4416 598 4458 26
617 4415 835 4469 Aprilis.
856 4415 998 4459 Idem
1018 4415 1332 4472 Hieronymo
1353 4415 1675 4468 Domenech,
1697 4417 1758 4459 de
1780 4418 1947 4461 tribus
1968 4417 2129 4462 Roma
2149 4416 2458 4463 Panormum
2488 4419 2680 4474 missis,
2710 4421 2767 4464 ³0
2799 4422 2904 4465 Au-

437 4488 570 4540 gusti
587 4521 598 4540 ‚
631 4488 661 4530 6
694 4495 747 4531 et
782 4488 833 4530 13
862 4486 1197 4542 Septembris.
1233 4487 1374 4531 Idem
1409 4488 1576 4531 eidem
1609 4488 1669 4530 de
1705 4487 1993 4531 inchoanda
2029 4488 2271 4532 Panormi
2302 4489 2618 4544 probationis
2646 4492 2796 4536 domo
2810 4526 2821 4547 ,
2855 4494 2907 4536 13

438 4557 771 4613 Septembris.
793 4558 937 4602 Idem
955 4558 1171 4603 Nicolao
1191 4558 1457 4615 Launoyo,
1491 4571 1605 4603 eum
1636 4559 2020 4613 reprehendens
2054 4561 2186 4615 quod
2219 4573 2319 4605 non
2352 4563 2606 4606 rationem
2638 4564 2904 4619 scripserit

437 4641 626 4682 eorum,
648 4632 735 4685 qui
760 4637 876 4686 post
897 4641 1093 4685 paucos
1112 4631 1434 4687 probationis
1453 4642 1671 4685 menses,
1693 4633 2014 4687 propositum
2032 4633 2349 4688 ingrediendi
2373 4633 2685 4678 Societatem
2707 4636 2906 4691 abJece·

440 4709 573 4752 runt,
590 4710 642 4746 et
665 4709 721 4746 ut
740 4704 968 4757 reliquos
989 4702 1041 4746 in
1062 4703 1404 4757 abnegatione
1419 4704 1563 4759 prius
1580 4715 1732 4757 quam
1748 4705 1799 4748 iu
1818 4705 1989 4749 studio
2010 4706 2325 4750 exercendos
2340 4714 2502 4760 curet,
2519 4706 2574 4750 20
2588 4707 2904 4753 Decembris.

2550 4817 2586 4869 4
