3679 5414
627 367 739 430 294
1541 367 1797 429 Cimon.
1838 367 1997 428 Soc.
2035 368 2175 442 JEs.

631 514 757 579 riis
803 514 1310 596 prospexisset.
1373 514 1614 578 Crevit
1662 523 1901 578 tamen
1950 512 2104 594 eJ‘us
2145 514 2361 578 animi
2398 515 2776 594 propensio
2827 523 2897 578 et
2937 515 3098 594 plus

633 638 848 702 quam
875 621 1301 702 promiserat
1325 629 1579 701 postea
1601 621 1956 701 praestitit
1989 620 2030 680 ¹.

751 728 892 791 260.
981 728 1223 808 Aliqui
1250 728 1465 791 etiam
1494 728 1897 808 theologiae
1936 727 2265 792 doctores
2303 712 2671 810 aequiores
2714 728 2979 792 nostris
3020 745 3096 790 se

634 836 1060 901 exhibebant
1109 852 1322 915 quam
1373 835 1539 898 olim
1586 833 1943 899 fecissent.
1986 835 2163 900 Cum
2200 853 2384 899 unus
2433 854 2678 900 eorum
2727 836 2972 899 mirari
3020 852 3101 898 se

635 943 900 1006 diceret
928 942 1212 1006 cuidam
1241 961 1331 1005 ex
1360 943 1626 1006 nostris
1654 942 1993 1006 fratribus
2017 960 2145 1006 cur
2168 944 2533 1023 ingressus
2554 953 2743 1007 esset
2776 952 3098 1007 nostram

635 1049 1093 1130 Societatem,
1145 1059 1395 1130 postea
1444 1050 1671 1113 eidem
1720 1050 1898 1113 dixit
1936 1067 2044 1127 se,
2089 1051 2411 1114 omnibus
2452 1051 2629 1114 bene
2678 1049 3094 1129 perspectiS,

634 1157 809 1222 nihil
837 1158 909 1221 in
939 1156 1293 1221 Societate
1323 1157 1657 1237 reperire,
1691 1157 1881 1238 quod
1908 1174 2050 1220 non
2080 1158 2393 1221 redoleat
2424 1158 2645 1221 vitam
2677 1165 3003 1221 sanctam
3031 1165 3101 1219 et

638 1264 1125 1346 apostolicam.
1159 1264 1364 1327 Alter
1393 1281 1555 1327 cum
1585 1266 2074 1328 consuleretur
2104 1283 2147 1328 a
2178 1265 2515 1345 quodam,
2550 1265 2669 1346 qui
2707 1272 2867 1345 post
2905 1281 3101 1328 exer-

646 1372 811 1435 citia
840 1371 1235 1452 spiritualia
1273 1387 1536 1450 magno
1574 1371 1925 1434 desiderio
1967 1370 2395 1435 Societatem
2434 1372 2876 1452 ingrediendi
2916 1381 3103 1434 tene-

650 1481 886 1560 batur,
919 1479 1283 1560 respondit
1311 1496 1387 1541 se
1436 1478 1611 1542 nihil
1658 1478 1980 1541 invenire
2018 1479 2090 1541 in
2119 1478 2255 1542 hac
2299 1477 2675 1559 Societate,
2719 1480 2831 1542 cui
2859 1487 3101 1559 posset

644 1585 1162 1667 contradicere,
1215 1603 1377 1649 cum
1424 1585 1600 1648 nihil
1650 1586 1842 1649 aliud
1879 1595 2066 1648 esset
2105 1604 2319 1666 quam
2365 1587 2716 1667 quaedam
2755 1586 3104 1666 apostolo-

644 1712 802 1758 rum
834 1694 1105 1757 semita.
1141 1692 1363 1756 Ducis
1393 1702 1630 1756 autem
1664 1692 2022 1772 Gandiae,
2058 1694 2177 1773 qui
2208 1696 2494 1757 saeculo
2537 1695 2699 1757 vale
2731 1694 3010 1757 dixerat
3040 1701 3107 1756 et

646 1800 1072 1865 Societatem
1101 1809 1254 1863 erat
1282 1800 1679 1880 ingressus,
1713 1801 1961 1864 suavis
1991 1801 2167 1864 odor
2198 1801 2411 1865 etiarn
2454 1800 2744 1864 Parisiis
2788 1801 2879 1864 ad
2922 1800 3108 1863 aedi·

646 1907 1046 1972 ficationem
1088 1908 1386 1970 multum
1414 1906 1752 1986 faciebat;
1787 1916 1858 1970 et
1884 1908 2263 1987 praecipue
2293 1908 2411 1987 qui
2448 1926 2538 1971 ex
2578 1908 2865 1971 natione
2908 1916 3108 1970 erant

647 2015 1015 2095 hispanica
1061 2015 1133 2077 in
1175 2031 1262 2076 ea
1304 2014 1804 2093 Universitate,
1850 2015 2099 2077 melius
2141 2015 2403 2078 sentire
2444 2015 2529 2079 de
2557 2014 2909 2078 Societate
2948 2023 3017 2076 et
3046 2014 3114 2075 ei

650 2120 832 2185 affici
857 2129 1260 2201 coeperunt.

768 2228 911 2292 261.
998 2228 1076 2291 In
1132 2229 1613 2309 spiritualibus
1669 2229 2027 2291 exercitiis
2089 2229 2307 2309 aliqui
2373 2229 2764 2309 perutiliter
2821 2227 3119 2292 exerciti

653 2347 844 2415 sunt,
880 2354 969 2399 ex
1003 2336 1251 2416 quibus
1290 2336 1608 2399 nonnulli
1650 2336 1724 2399 in
1759 2335 2188 2400 Societatem
2230 2336 2551 2415 admissi,
2597 2337 2745 2415 alii,
2789 2335 3116 2416 quamvis

653 2443 1069 2523 religionem
1097 2442 1400 2521 ingressi
1429 2460 1571 2505 non
1600 2442 1769 2521 sint,
1804 2460 1968 2505 cum
1997 2460 2258 2522 magno
2290 2442 2637 2524 spirituali
2673 2442 2996 2523 profectu
3025 2460 3117 2505 ex

653 2551 757 2612 eis
787 2558 1261 2627 recesserunt,
1306 2557 1373 2611 et
1403 2548 1566 2611 licet
1606 2549 1677 2612 in
1719 2550 1978 2613 lectulo
2015 2559 2302 2630 propter
2350 2550 2728 2613 adversam
2768 2550 3115 2613 valetudi-

655 2673 817 2719 nem
857 2657 1299 2721 recumberet
1341 2655 1417 2721 P.
1472 2655 1846 2737 Violaeus,
1899 2657 2159 2722 ibidem
2202 2666 2442 2721 tamen
2491 2657 2703 2721 alicui
2742 2657 2920 2720 haec
2960 2657 3119 2737 ipsa

655 2764 995 2826 exercitia
1026 2764 1599 2828 communicavit.
1634 2763 1823 2827 Inter
1853 2765 2029 2828 alios
2060 2765 2346 2845 quidam
2374 2765 2505 2827 suit
2525 2766 2903 2845 religiosus
2932 2764 3113 2827 ordi·

655 2871 765 2933 nis
795 2868 1039 2933 Sancti
1067 2869 1446 2950 Dominici,
1481 2889 1524 2933 a
1555 2889 1694 2951 quo
1723 2888 1852 2951 per
1880 2872 2479 2951 dispensationem
2518 2889 2593 2934 se
2637 2872 3112 2947 subtraxerat;

657 2979 719 3040 is
746 2976 977 3040 redire
1007 2977 1295 3040 omnino
1336 2977 1700 3041 constituit
1741 2987 1838 3056 et,
1887 2978 1947 3040 si
1989 2996 2138 3041 non
2180 2979 2635 3058 reciperetur,
2683 2978 3124 3041 carthusiam

657 3102 733 3147 se
764 3084 1251 3164 ingressurum
1278 3084 1628 3165 promisit.
1676 3083 1817 3148 Sed
1862 3086 2042 3148 alius
2071 3085 2200 3149 suit
2228 3082 2605 3166 religiosus
2644 3085 2912 3148 ordinis
2951 3084 3123 3156 Car—

658 3192 1087 3270 melitarum,
1142 3191 1519 3272 hispanuS,
1567 3192 1686 3271 qui
1738 3192 2008 3271 aliquot
2061 3209 2288 3256 annos
2329 3192 2704 3255 Valentiae
2761 3201 2829 3255 et
2877 3191 3118 3255 Barci-

658 3314 842 3362 none
874 3297 1338 3361 concionatus
1365 3298 1618 3379 suerat,
1652 3299 1774 3378 qui
1801 3300 2086 3379 saepius
2116 3301 2391 3380 publice
2421 3308 2489 3363 et
2509 3299 2848 3380 privatim
2872 3307 3123 3361 contra

660 3404 1086 3469 Societatem
1113 3406 1390 3468 locutus
1419 3413 1489 3467 et
1518 3405 1611 3468 ad
1639 3423 1797 3469 eam
1821 3423 2213 3486 propensos
2236 3406 2373 3469 alio
2398 3415 2724 3469 avertere
2753 3405 2986 3469 fuerat
3007 3421 3126 3468 co—

661 3521 905 3592 natuS,
940 3522 1008 3575 et
1038 3510 1319 3592 quidem
1362 3528 1405 3573 a
1449 3512 1784 3575 convictu
1827 3522 2238 3576 nostrorum
2278 3521 2346 3575 et
2396 3512 2754 3575 exercitiis
2795 3511 3117 3592 spiritua·

661 3619 843 3682 libus
890 3635 1233 3682 revocare
1283 3618 1604 3681 homines
1654 3628 2145 3682 consueverat.
2194 3619 2331 3682 Hic
2382 3636 2555 3698 ergo
2606 3637 2769 3682 cum
2814 3618 3132 3681 Parisios

665 3726 1007 3802 venisset,
1062 3735 1135 3788 ut
1193 3727 1452 3789 altiora
1480 3725 1882 3806 theologiae
1909 3726 2365 3789 fundamenta
2408 3725 2710 3806 jaceret,
2757 3726 3003 3790 incidit
3057 3725 3135 3788 in

666 3850 918 3896 manus
947 3842 1352 3897 nostrorum
1380 3843 1449 3896 et
1488 3833 1886 3914 spiritualia
1925 3834 2263 3898 exercitia
2316 3834 2716 3914 inchoavit,
2761 3835 2833 3897 in
2878 3833 3132 3915 quibus

667 3957 791 4019 per
821 3957 950 4002 sex
977 3939 1449 4004 hebdomades
1478 3941 1582 4004 sic
1611 3950 1942 4004 versatus
1981 3950 2108 4021 est,
2144 3951 2219 4004 ut
2248 3950 2526 4005 tantum
2568 3941 2856 4022 spiritus
2897 3940 3127 4003 fervo-

669 4063 821 4109 rem
864 4047 936 4108 in
966 4047 1105 4109 alio
1148 4050 1376 4111 nostri
1419 4065 1563 4111 non
1611 4048 1750 4132 sint
1787 4049 2092 4129 experti,
2147 4058 2217 4112 et
2265 4058 2413 4113 tam
2459 4049 2842 4113 liberaliter
2892 4047 3136 4111 divina

670 4154 906 4233 gratia
935 4153 999 4216 ei
1027 4171 1104 4216 se
1135 4155 1709 4234 communicavit,
1744 4164 1820 4218 ut
1851 4157 2037 4219 ultra
2065 4164 2342 4236 tempus
2372 4166 2787 4219 consuetum
2817 4156 2889 4217 in
2932 4171 3132 4234 prae·

673 4259 883 4323 dictis
912 4261 1267 4323 exercitiis
1297 4262 1662 4325 immorari
1705 4262 2045 4326 debuerit.
2095 4263 2477 4326 Confessus
2519 4271 2625 4325 est
2668 4280 2831 4325 cum
2873 4277 3136 4340 magna

739 4539 775 4571 ·¹
832 4537 1067 4594 Ignatius
1089 4538 1233 4583 Patri
1255 4537 1439 4591 Joanni
1460 4538 1734 4594 Baptistae
1754 4539 1818 4582 de
1844 4537 2036 4592 violis,
2058 4544 2116 4582 ut
2136 4538 2187 4582 in
2209 4538 2409 4593 agendo
2430 4549 2545 4581 cum
2565 4537 2707 4590 Rege
2739 4545 2791 4580 et
2817 4535 2975 4590 Regis
2995 4535 3142 4580 mini·

671 4610 804 4654 utris
822 4618 876 4654 et
897 4610 1161 4654 cardinali
1182 4610 1541 4666 Lotharingio,
1564 4611 1859 4655 Cardianus
1878 4609 2081 4654 Verani
2111 4621 2270 4664 opera
2289 4610 2366 4654 uti
2388 4621 2487 4653 non
2511 4615 2759 4653 vereatur
2775 4641 2786 4662 ,
2811 4609 2863 4651 17
2882 4608 3141 4652 Octobris.
