3679 5414
673 459 786 519 334
951 427 958 433 ’
1588 456 1844 518 Canon.
1886 456 2039 516 Soc.
2080 456 2223 539 jes.

681 606 976 668 multum
1003 603 1358 668 laudando
1388 613 1457 666 et
1487 603 1931 666 exhortando
1971 603 2062 666 ad
2098 603 2357 666 similia
2389 604 2960 683 pietatis-opera,
2994 605 3150 669 red·

686 711 862 775 didit
900 712 1166 791 scripta
1204 710 1704 774 exercitiorum
1732 727 1916 791 quae
1953 710 2371 788 abstulerat,
2415 721 2489 791 et
2514 721 2591 774 ut
2627 711 2969 794 fratribus
3009 713 3159 776 suis

686 819 760 882 in
787 819 943 882 aliis
973 818 1296 881 domibus
1323 817 1741 898 prodessent
1769 818 2188 881 exhortatus
2217 826 2348 896 est,
2382 828 2451 911 et
2481 818 2756 898 aliquos
2786 836 3035 882 eorum
3063 820 3154 883 ad

689 926 868 989 alias
907 926 1154 989 domos
1195 925 1384 988 misit
1434 933 1503 987 et
1529 926 1824 1002 litteraS,
1862 942 2042 1005 quae
2084 926 2388 1003 multum¹
2418 944 2541 988 eos
2581 927 3157 1007 commendarent

688 1034 1121 1113 multumque
1145 1032 1248 1094 eis
1271 1032 1716 1095 auctoritatis
1737 1032 2148 1112 tribuerent,
2167 1031 2377 1095 dedit.
2396 1033 2893 1097 Vallisoletum
2906 1034 3156 1099 deinde

688 1156 995 1220 pergens
1023 1148 1092 1201 et
1121 1139 1356 1201 virum
1385 1139 1760 1220 quemdam
1798 1139 2214 1218 primarium
2255 1138 2533 1219 adienS,
2580 1140 2697 1220 qui
2736 1141 3155 1222 indignatio·

689 1246 801 1310 nis
823 1244 1330 1325 concipiendae
1354 1253 1602 1308 contra
1626 1245 1997 1324 religiosos
2020 1246 2435 1309 monasterii
2459 1246 2546 1309 de
2568 1246 2886 1310 Tendilla
2910 1257 3158 1311 auctor

692 1354 756 1417 ei
782 1353 1036 1432 fuerat,
1072 1354 1553 1432 interrogatus
1576 1351 1935 1416 abeodem
1960 1352 2162 1433 quasi
2186 1351 2353 1432 joco
2376 1353 2544 1433 quid
2576 1354 2746 1434 novi
2774 1355 2962 1436 apud
2980 1348 3160 1427 'suos

687 1460 1059 1539 religiosos
1089 1458 1159 1523 S.
1187 1460 1440 1523 Annae
1462 1459 1871 1539 invenisset,
1898 1460 2494 1541 recollectionem,
2526 1462 2751 1542 inquit
2773 1462 2910 1539 ille,
2938 1463 3155 1531 humi-

690 1569 993 1645 litatem,
1050 1566 1522 1629 obedientiam
1571 1585 1656 1629 ac
1714 1566 2166 1629 devotionem
2196 1583 2210 1646 ;
2268 1575 2337 1629 et
2387 1567 2638 1631 deinde
2691 1569 2924 1632 retulit
2973 1587 3156 1663 quac

690 1675 883 1755 apud
912 1674 1068 1736 illos
1097 1673 1469 1752 religiosos
1498 1673 1891 1737 invenerat.

812 1781 954 1843 344.
1040 1781 1156 1845 Ad
1192 1790 1416 1844 totum
1455 1796 1630 1860 ergo
1673 1797 1974 1860 regnum
2018 1781 2186 1844 illud
2240 1782 2661 1846 Toletanum
2708 1801 2799 1846 ex
2838 1783 3161 1857 doctrina

692 1889 1163 1970 spiritualium
1193 1889 1718 1963 exercitiorum,
1755 1906 1935 1970 quae
1967 1907 2016 1951 a·
2033 1888 2245 1953 domo
2266 1889 2747 1971 Complutensi
2770 1891 3159 1972 proficisce-

694 1998 923 2074 batur,
965 1998 1261 2060 multum
1298 1995 1618 2059 utilitatis
1660 2005 1729 2059 et
1767 1997 2051 2077 quidem
2093 1998 2436 2061 latissime
2472 1998 2781 2078 patentis
2820 1999 3159 2068 redunda—

694 2104 834 2166 bat.
869 2103 1069 2167 Multi
1092 2103 1278 2166 enim
1308 2103 1794 2182 undecumque
1823 2120 2087 2183 magna
2115 2122 2277 2168 cum
2308 2106 2424 2168 siti
2452 2106 2812 2186 profectus
2840 2106 3159 2185 spiritua·

691 2211 779 2273 lis
809 2210 1271 2288 accedebant,
1309 2218 1377 2273 et
1415 2209 1681 2273 sontem
1720 2227 1947 2290 aquae
1986 2212 2310 2275 vivae‘se
2340 2213 2411 2275 in
2443 2212 2579 2276 illis
2608 2212 2964 2279 invenisse
2991 2213 3160 2276 fate·

693 2319 974 2396 bantur,
1020 2326 1087 2380 et
1125 2317 1245 2380 alii
1281 2317 1460 2380 alios
1511 2317 1941 2397 invitabant;
1984 2318 2199 2381 immo
2241 2319 2614 2384 accidebat
2653 2329 2731 2384 ut
2759 2321 3161 2384 cum-multi

693 2441 970 2487 summo
1006 2440 1183 2486 'cum
1232 2431 1506 2486 secreto
1546 2422 1636 2485 ad
1676 2424 2072 2503 spiritualia
2111 2425 2452 2488 exercitia
2506 2427 2996 2504 accessissent,
3028 2428 3166 2491 illis

697 2530 1028 2611 peractiS,
1058 2530 1334 2610 ipsimet
1357 2530 1473 2603 ubi
1494 2530 1790 2594 fuissent
1811 2540 1881 2594 et
1911 2531 2078 2612 quid
2106 2542 2176 2594 et
2205 2549 2343 2612 quo
2368 2550 2530 2596 cum
2552 2534 2786 2600 fructu
2807 2534 3162 2609 fecissent,

699 2638 859 2700 aliis
888 2637 1162 2718 publice
1195 2638 1829 2718 communicabant,
1865 2638 2080 2701 alium
2108 2656 2349 2702 rerum
2378 2639 2848 2721 spiritualium
2880 2650 3164 2705 sensum

699 2755 770 2807 et
794 2744 971 2808 alios
1000 2745 1296 2808 affectus
1318 2755 1388 2808 et
1411 2746 1692 2826 quidem
1718 2747 1939 2810 multo
1962 2748 2519 2827 praestantiores
2545 2766 2757 2828 quam
2780 2766 2960 2829 quos
2988 2749 3163 2812 intu-

697 2852 926 2916 lerant
957 2852 1117 2916 inde
1148 2853 1497 2916 eduxisse.
1531 2851 1908 2934 Nunquam
1947 2854 2164 2934 aliqui
2208 2854 2279 2917 in
2326 2854 2805 2939 Complutensi
2848 2855 3166 2936 Collegit)

699 2958 1017 3037 deerant,
1052 2967 1217 3037 treS,
1254 2970 1575 3039 quatuor,
1611 2978 1770 3039 sex,
1803 2960 2149 3040 religiqsi,
2184 2963 2297 3024 vel
2328 2961 2677 3041 theologi,
2712 2963 2825 3025 vel
2849 2959 3028 3040 juris
3057 2981 3168 3026 ca-

703 3066 939 3128 nonici
969 3066 1294 3145 studiosi,
1330 3083 1415 3128 ac
1438 3067 1639 3129 multi
1660 3067 1798 3139 viri
1825 3083 2110 3146 graves,
2145 3068 2262 3148 qui
2286 3068 2512 3140 inhac
2540 3069 2899 3149 palaestra
2922 3079 3172 3133 sancta

709 3190 788 3235 se
811 3173 1263 3236 exercebant.
1319 3190 1326 3196 ’
1627 3191 1633 3198 ·
1780 3240 1787 3258 ,

823 3278 963 3341 345.
998 3345 1002 3349 ,
1053 3279 1355 3358 Quidam
1384 3278 1657 3343 Doctor
1687 3289 1754 3343 et
1783 3279 2134 3357 Sacerdos
2175 3298 2481 3360 magnae
2511 3283 2958 3364 auctoritatis
2989 3284 3173 3346 inter

702 3402 903 3464 suOS,·
935 3385 1262 3449 conscius
1298 3386 1615 3466 percepti
1645 3387 1955 3467 fructuS,
1990 3387 2362 3468 obtinuita
2391 3387 2474 3451 P.
2507 3389 2889 3451 Villanova
2932 3398 3010 3452 ut
3053 3389 3171 3451 ali-

705 3510 882 3574 quos
911 3493 1122 3556 etiam
1154 3511 1244 3555 ex
1273 3494 1418 3566 suis
1448 3493 1712 3557 eisdem
1734 3494 2092 3574 exercitiis
2119 3496 2504 3558 excoleret.
2539 3494 2960 3559 Affirmabat
2988 3496 3181 3560 enim

700 3617 779 3663 se
809 3599 997 3664 domi
1025 3617 1198 3662 suae
1227 3600 1579 3663 neminem
1608 3601 1870 3664 habere
1898 3617 2142 3681 posse,
2166 3602 2453 3681 quinon
2481 3600 2882 3681 hujusmodi
2906 3604 3173 3687 exerci-

706 3707 1087 3769 tationibus
1116 3715 1301 3769 esset
1331 3709 1676 3786 excultus;
1702 3717 1770 3770 et
1787 3707 1884 3771 ita
1901 3708 2279 3788 quemdam
2306 3725 2519 3792 suum
2539 3707 2987 3790 capellanum
3015 3728 3175 3773 cum

705 3814 977 3877 duobus
1007 3813 1162 3876 aliis
1192 3813 1559 3878 clientibus
1596 3832 1931 3878 exercere
1962 3817 2293 3898 oportuit,
2323 3817 2630 3902 quicum
2652 3831 2914 3900 magno
2941 3817 3177 3881 fructu

703 3921 867 3984 inde
901 3931 1370 3985 recesserunt.
1417 3921 1552 3983 Hic.
1581 3920 1852 3984 Doctor
1869 3922 2226 4001 generalis
2251 3929 2407 4006 erat
2438 3922 2768 3986 visitator
2798 3924 3175 4008 Episcopa-

706 4037 821 4090 tus
847 4027 1235 4108 *cujusdam
1284 4047 1375 4091 ex
1425 4029 1671 4110 primis
1722 4029 1941 4092 totius
1978 4029 2214 4109 regni,
2248 4028 2457 4114 unde
2513 4048 2603 4092 ex
2653 4028 2824 4109 ejus·
2854 4029 3175 4111 prosectu

705 4142 853 4197 tam
890 4135 1194 4216 exempli
1230 4153 1443 4216 quam
1472 4135 1838 4199 doctrinae
1876 4135 2151 4200 ratione
2191 4137 2467 4200 fructus
2509 4151 2653 4199 non
2690 4137 2994 4222 exiguus
3022 4153 3173 4218 spe,-

587 4245 592 4252 '
705 4242 1017 4328 fabatur.
1080 4242 1319 4306 Multis
1376 4243 1590 4306 etiam
1648 4261 1758 4307 ex·
1797 4243 2279 4326 Universitate
2330 4243 2454 4308 diu
2498 4244 2965 4331 spectandum
3027 4253 3181 4312 erat

706 4359 781 4413 ut
833 4349 940 4413 ad·
979 4347 1319 4428 ejusmodi
1371 4350 1713 4413 exercitia
1763 4350 2077 4414 tandem.
2115 4350 2395 4432 admitti
2448 4360 2779 4437 possent.j
2804 4352 2919 4440 Ex
2961 4351 3182 4416 eccle-

702 4457 814 4522 sia
870 4457 1082 4521 etiam
1132 4457 1522 4522 cathedrali
1571 4457 1915 4532 Toletana
1971 4476 2113 4521 non
2164 4458 2543 4545 defuerunt
2589 4459 2707 4539 qui
2757 4456 2935 4521 haec
2987 4476 3182 4521 exer·

709 4563 876 4636 citia
931 4564 1140 4632 valde
1191 4572 1623 4644 expeterent,
1684 4574 1754 4630 et
1809 4565 2042 4628 ineis
2098 4565 2546 4645 proficere-nt.
2610 4563 2914 4646 Quidam
2968 4565 3191 4638 etiam‘

704 4667 975 4738 ordinis
1005 4669 1092 4738 D.
1124 4671 1182 4738 F
1184 4671 1489 4735 rancisci
1509 4672 1874 4751 praelatus
1896 4682 1963 4736 et
1993 4673 2104 4736 vir
2127 4690 2271 4735 non
2299 4655 2623 4760 vulgaris
2662 4671 3085 4770 eruditionis
3114 4680 3185 4736 ct
