3679 5414
1667 455 1796 516 ΑΝ.
1844 457 1983 515 1552
2945 457 3050 516 621

571 609 759 667 trem
797 603 1147 681 adierunt,
1189 611 1268 665 ut
1308 602 1497 685 quod
1533 602 1732 683 prius
1774 610 2226 682 optaverant,
2274 602 2565 682 scilicet,
2622 600 3053 665 Societatem

576 708 878 790 ingredi,
931 727 1076 773 non
1125 710 1227 772 eis
1269 709 1793 790 prohiberetur;
1849 717 1919 771 et
1969 709 2232 787 statim,
2289 709 2837 789 consanguineis
2886 710 3051 773 licet

572 817 1109 896 obsistentibuS,
1145 816 1652 881 Salmanticam
1694 834 1772 879 se
1810 816 1904 879 ad
1944 815 2337 895 Collegium
2377 826 2698 880 nostrum
2738 816 3047 880 contule·

575 933 763 1002 runt,
790 933 862 986 et
883 925 1093 987 simul
1117 941 1280 987 cum
1304 924 1461 987 aliis
1485 940 1748 1002 magno
1773 940 1936 986 cum
1958 921 2308 986 desiderio
2333 922 2809 1003 abjectissima
2834 941 3031 1003 quae·

572 1047 713 1110 que
745 1048 1041 1093 munera
1071 1031 1478 1093 tractabant
1518 1039 1587 1092 et
1625 1030 1717 1092 ab
1753 1027 2155 1092 hominibus
2197 1030 2604 1093 conculcari
2641 1038 2710 1092 et
2746 1029 3048 1093 ludibrio

577 1137 823 1202 haberi
848 1138 1248 1218 cupiebant.
1281 1136 1377 1199 Hi
1405 1146 1642 1201 autem
1672 1136 1925 1200 novitii
1954 1136 2133 1199 duas
2162 1137 2377 1199 horas
2402 1137 2705 1200 orationi
2734 1136 3046 1216 quotidie

578 1244 1098 1325 impendebant,
1126 1260 1287 1308 cum
1309 1244 1428 1306 alii
1450 1243 1748 1307 studiosi
1768 1261 1984 1306 unam
2010 1251 2288 1306 tantum
2316 1243 2821 1324 impenderent,
2850 1261 3047 1324 prae·

576 1359 687 1415 ter
715 1370 1016 1416 examen
1045 1361 1208 1414 ante
1231 1352 1605 1431 prandium
1631 1360 1700 1415 et
1722 1368 2073 1430 somnum,
2106 1350 2293 1430 quod
2325 1350 2647 1414 omnibus
2674 1368 3049 1414 commune

573 1468 763 1538 erat;
795 1459 1329 1541 proponebatur
1358 1459 1571 1521 etiam
1604 1458 1929 1520 omnibus
1952 1457 2202 1520 eadem
2229 1457 2592 1520 meditatio
2622 1474 2712 1520 ex
2741 1474 3049 1536 evange·

574 1564 693 1646 lio,
728 1575 797 1629 et
826 1575 986 1646 post
1015 1566 1411 1646 prandium,
1446 1566 1650 1645 quasi
1679 1583 1804 1645 per
1827 1565 2115 1629 modurn
2143 1565 2627 1644 recreationiS,
2670 1581 2879 1644 quem
2910 1564 3049 1627 fru-

570 1682 768 1736 ctum
792 1673 1085 1754 quisque
1109 1672 1579 1752 decerpsisset
1603 1691 1692 1735 ex
1715 1689 1801 1735 ea
1823 1672 1983 1735 aliis
2006 1671 2649 1747 communicabant,
2675 1681 2744 1735 et
2766 1671 3051 1751 quidem

568 1792 739 1842 cum
765 1779 1002 1843 fructu
1032 1798 1173 1842 non
1202 1779 1563 1859 mediocri,
1612 1796 1775 1842 cum
1803 1787 2096 1859 tyrones
2126 1796 2169 1841 a
2199 1779 2559 1842 veteranis
2598 1779 2733 1841 hac
2774 1779 3049 1842 ratione

576 1886 1114 1962 instruerentur3
1147 1896 1394 1967 postea
1420 1896 1660 1949 tamen
1687 1887 1866 1949 haec
1904 1886 2321 1949 exercitatio
2348 1886 2538 1950 seria
2571 1885 2783 1948 nimis
2806 1886 3048 1948 habita

578 2003 708 2073 est,
739 2003 816 2056 ut
846 1995 1002 2057 loco
1033 1994 1497 2057 recreationis
1526 2003 1979 2057 tractaretur.

697 2101 839 2165 471.
930 2101 1108 2165 Cum
1132 2100 1538 2182 jubilaeum,
1587 2101 1672 2164 de
1713 2119 1852 2181 quo
1894 2118 2135 2180 supra,
2179 2100 2315 2162 hoc
2356 2117 2541 2163 anno
2572 2098 3050 2163 Salmanticae

574 2205 827 2271 'fuisset
850 2210 1398 2289 promulgatum,
1426 2225 1730 2271 messem
1754 2207 2268 2287 amplissimam
2289 2207 2824 2287 poenitentium,
2850 2225 3048 2287 prae-

575 2322 689 2377 ter
718 2333 841 2378 eos
873 2316 992 2396 qui
1016 2314 1478 2378 Sacramenta
1508 2315 2077 2395 frequentabant,
2110 2313 2334 2376 nostri
2364 2313 2786 2389 habuerunt,
2833 2323 2901 2377 et
2933 2314 3050 2378 cui

571 2422 1018 2502 colligendae
1074 2439 1284 2501 pares
1342 2440 1498 2484 esse
1554 2440 1695 2485 non
1752 2429 2076 2502 possent3
2134 2438 2279 2483 non
2336 2429 2574 2484 tamen
2633 2420 2832 2484 obliti
2888 2431 3049 2484 sunt

575 2546 850 2608 eorum,
895 2530 1015 2609 qui
1054 2529 1126 2591 in
1172 2530 1493 2592 custodia
1535 2529 1812 2607 publica
1855 2528 2384 2606 detinebantur;
2430 2545 2598 2590 nam
2650 2537 2719 2591 et
2768 2528 3048 2591 illorum

581 2636 1141 2699 confessionibus
1181 2636 1570 2715 audiendis,
1613 2645 1683 2699 et
1721 2636 1977 2699 animis
2017 2636 2088 2698 in
2128 2635 2472 2717 patientia
2517 2634 3042 2713 confirmandiS,

578 2743 883 2822 negotiis
913 2744 1127 2807 etiam
1157 2761 1402 2807 eorum
1427 2743 1764 2824 juvandis
1796 2744 2062 2807 dabant
2102 2761 2413 2823 operam,
2456 2740 2693 2810 litibus
2723 2743 3045 2806 dirimen-

575 2848 691 2912 dis
741 2868 826 2913 ac
878 2851 1172 2930 pacibus
1225 2851 1752 2931 componendis.
1797 2849 1989 2914 Inter
2029 2850 2205 2913 alias
2246 2868 2389 2913 una
2434 2849 2804 2927 dissensiO,
2841 2859 3049 2914 atrox

580 2958 815 3037 valde,
863 2958 1112 3021 sedata
1154 2957 1286 3021 fuit
1325 2977 1538 3039 quam
1575 2975 1914 3038 proceres
1955 2958 2265 3021 civitatis
2314 2956 2581 3019 frustra
2633 2957 3050 3036 extinguere

581 3071 1053 3128 tentaverant.
1100 3066 1564 3129 Morientibus
1593 3066 1809 3128 etiam
1839 3083 1968 3144 pro
2013 3082 2209 3127 more
2243 3062 2562 3141 aderant,
2612 3072 2680 3125 et
2723 3063 3050 3143 quamvis

576 3171 704 3233 >alii
731 3172 1045 3251 religiosi
1075 3172 1341 3235 eisdem
1380 3174 1820 3251 assisterent,
1857 3172 2296 3250 rogabantur
2337 3170 2562 3232 nostri
2597 3168 3050 3232 nihilominus

583 3278 984 3342 vehementi
1013 3278 1362 3341 desiderio
1393 3287 1470 3341 ut
1511 3278 2049 3357 agonizantibus
2081 3275 2344 3357 aliquid
2389 3275 2558 3341 utile
2590 3275 2678 3338 ad
2724 3275 2875 3356 ejus
2906 3277 3049 3339 ani-

584 3401 776 3448 mum
804 3385 1294 3449 instruendum
1315 3394 1383 3449 et
1413 3384 2020 3449 corroborandum
2043 3384 2134 3447 ad
2156 3401 2472 3464 pugnam
2494 3392 2744 3446 contra
2774 3384 3053 3446 daemo-

582 3508 746 3555 nem
775 3493 1111 3556 dicerent.

702 3598 843 3663 472.
930 3600 1123 3663 Misit
1146 3599 1221 3662 Ρ.
1251 3600 1626 3663 Torrensis
1650 3617 1740 3662 ex
1756 3598 2125 3662 Lusitania
2142 3596 2651 3661 Salmanticam
2675 3597 3050 3677 quemdam

583 3706 1080 3786 presbyterum
1108 3715 1178 3769 et
1208 3707 1426 3769 alium
1449 3705 1804 3786 juvenem,
1848 3705 2073 3768 Ducis
2100 3704 2529 3783 Bergantiae
2570 3703 2886 3781 fratrem,
2928 3721 3047 3765 no-

585 3813 771 3875 mine
801 3812 1297 3891 Theutonium,
1332 3813 1449 3893 qui
1479 3812 1888 3892 aliquandiu
1918 3812 1991 3874 in
2022 3829 2105 3873 eo
2138 3810 2454 3890 Collegio
2484 3810 2757 3873 versati
2778 3819 2962 3873 sunt.

704 3918 846 3981 473.
933 3918 1282 3983 Praefecti
1311 3919 1508 3982 urbis
1538 3917 1921 3997 Granatae,
1957 3918 2077 3981 ubi
2104 3917 2180 3980 P.
2213 3917 2525 4000 Joannes
2556 3917 2866 3980 Alvarez
2905 3917 3053 3980 fere

585 4026 945 4104 integrum
989 4042 1252 4088 annum
1283 4034 1646 4104 exegerat,
1680 4034 1750 4088 et
1779 4025 2049 4088 crebris
2079 4025 2277 4088 cives
2316 4024 2771 4087 concionibus
2802 4025 3055 4088 instru-

584 4141 790 4194 xerat
821 4140 889 4194 et
919 4131 1009 4193 ad
1039 4131 1378 4210 pietatem
1416 4140 1924 4210 commoverat,
1961 4149 2048 4194 ac
2086 4131 2370 4193 demum
2412 4129 2922 4195 Salmanticam
2951 4150 3054 4195 re·

579 4235 838 4316 dierat,
871 4237 967 4316 hi,
1003 4238 1314 4318 inquam,
1349 4238 1693 4319 praefecti
1719 4256 1849 4318 per
1876 4238 2151 4301 litteras
2182 4238 2452 4317 aliquot
2491 4255 2582 4301 ex
2614 4239 2875 4302 nostris
2915 4256 3058 4301 ma-

581 4356 729 4422 gno
761 4343 1018 4407 affectu
1042 4345 1393 4424 petebant,
1429 4362 1732 4408 messem
1760 4345 2052 4408 uberem
2080 4345 2176 4407 ibi
2205 4344 2355 4407 fore
2389 4343 2841 4407 affirmantes,
2881 4344 3060 4408 Cum

589 4459 829 4513 autem
853 4451 1191 4514 sacerdos
1221 4452 1510 4531 quidam
1537 4450 1935 4531 SocietatiS,
1982 4451 2404 4530 cognomine
2443 4450 2751 4515 Sanctae
2782 4451 3055 4530 CruciS,

582 4554 910 4621 Granata
943 4558 1305 4639 oriunduS,
1348 4559 1514 4622 licet
1551 4556 2044 4623 Conimbricae
2076 4560 2259 4621 inter
2294 4568 2578 4621 nostros
2620 4568 3053 4637 versaretur,

584 4661 776 4729 bona
807 4682 937 4730 sua
967 4666 1278 4746 legasset
1309 4665 1401 4730 ad
1431 4665 1728 4746 Collegii
1756 4664 2209 4746 erectionem,
2245 4674 2314 4729 et
2344 4663 2495 4745 ejus
2522 4665 2743 4729 frater
2784 4666 3061 4731 liberali

1275 4790 1306 4823 Ο
