3679 5414
707 453 826 515 666
1637 453 1895 514 Canon.
1937 450 2091 511 Soc.
2133 452 2276 525 Jsss.

831 599 974 663 560.
1061 600 1140 662 In
1170 607 1442 662 aestate
1478 597 1686 678 hujus
1718 598 1924 676 anni,
1957 605 2036 660 ut
2072 597 2437 677 attigimus
2467 615 2559 660 ex
2586 605 2826 678 parte,
2860 615 3042 661 arva
3073 616 3193 679 op-

709 706 858 788 pidi
889 706 1316 771 Gandiensis
1356 722 1793 785 magnopere
1825 705 2191 782 sitiebant,
2227 704 2392 785 quia
2435 722 2562 784 per
2605 704 2867 768 multos
2909 721 3193 767 menses

712 833 856 878 non
883 816 1193 896 pluerat,
1229 814 1408 877 adeo
1438 822 1514 876 ut
1543 813 1740 893 putei
1780 828 2047 892 magna
2079 830 2176 875 ‚ex
2216 825 2418 892 parte
2460 812 3020 875 exsiccarentur.
3053 810 3190 875 Ac-

703 923 926 986 cessit
968 931 1036 986 et
1077 937 1321 984 rumor
1367 920 1556 1002 quod
1595 920 1848 982 classis
1893 928 2261 983 turcarum
2304 918 2396 982 ad
2434 936 2558 982 eas
2603 919 2993 999 Hispaniae
3026 935 3194 983 oras
3232 909 3241 918 ’

708 1029 1105 1093 maritimas
1135 1028 1527 1092 accederet.
1557 1027 1992 1091 Convocatis
2021 1043 2197 1106 ergo
2220 1025 2583 1104 fratribuS,
2613 1025 3093 1105 afflictionem,
3120 1026 3193 1089 in

709 1154 851 1217 qua
888 1137 1192 1216 populus
1231 1143 1665 1213 versaretur,
1719 1135 1823 1196 eis
1876 1133 2294 1213 explicavit;
2339 1142 2409 1195 et
2458 1150 2623 1196 cum
2666 1134 2755 1196 ab
2787 1134 2892 1196 eis
2919 1143 3192 1213 peteret

697 1243 964 1322 quibus
992 1242 1213 1305 armis
1244 1241 1584 1304 utendum
1614 1249 2018 1319 censerent,
2053 1240 2418 1302 decretum
2460 1239 2748 1302 tandem
2787 1250 2923 1318 est,
2968 1257 3190 1320 usque

693 1349 797 1413 ad
825 1349 1011 1413 diem
1040 1348 1571 1428 Assumptionis
1599 1348 1676 1411 B.
1712 1347 2069 1427 Virginis,
2104 1348 2223 1426 qui
2252 1355 2412 1427 post
2445 1356 2606 1410 octo
2640 1347 2794 1409 dies
2827 1347 3187 1410 celebran-

697 1456 837 1520 dus
864 1466 1055 1535 erat,
1100 1466 1174 1519 ut
1205 1466 1313 1519 ter
1343 1473 1426 1518 eo
1450 1465 1767 1536 tempore
1792 1454 2332 1518 Sanctissimam
2354 1453 2879 1517 Eucharistiam
2902 1456 3180 1536 accipe-

712 1572 868 1626 rent
911 1573 979 1626 et
1023 1563 1286 1625 eisdem
1331 1562 1577 1625 diebus
1629 1562 1928 1641 singulis
1972 1578 2216 1623 coram
2258 1570 2709 1624 sacramento
2760 1570 2870 1623 ter
2922 1561 3189 1640 singuli

708 1669 954 1749 flagris
994 1687 1253 1749 corpus
1303 1669 1764 1748 attingerent,
1804 1678 1873 1731 et
1913 1677 1991 1731 ut
2030 1685 2073 1729 a
2113 1668 2360 1748 quinta
2408 1667 2586 1730 hora
2632 1669 2983 1730 matutina
3027 1676 3187 1748 post

707 1777 1016 1840 mediam
1058 1785 1341 1839 noctem
1381 1792 1605 1854 usque
1650 1775 1740 1837 ad
1779 1792 2045 1837 nonam
2084 1784 2245 1853 post
2284 1774 2656 1838 meridiem
2707 1775 2937 1837 oratio
2987 1774 3187 1838 fieret

701 1884 859 1947 sine
908 1883 1448 1961 intermissione,
1498 1882 1782 1962 partitis
1827 1883 2008 1944 inter
2054 1899 2302 1944 omnes
2340 1881 2602 1944 fratres
2644 1882 2863 1944 horis,
2914 1881 3185 1946 Eadem

705 1991 925 2071 igitur
952 2000 1184 2068 nocte,
1220 2009 1359 2071 qua
1402 1991 1539 2053 hoc.
1570 1990 2072 2065 decreverant,
2115 1990 2494 2053 ecclesiam
2538 1989 3021 2067 ingredientes
3062 1989 3182 2053 fla·

697 2099 910 2178 gellis
949 2115 1026 2161 se
1067 2098 1559 2171 caeciderunt;
1606 2106 1673 2182 et
1710 2097 1954 2159 statim
1993 2096 2144 2176 ipsa
2185 2097 2436 2159 eadem
2477 2105 2686 2159 nocte
2727 2107 2798 2159 et
2836 2095 3047 2159 biduo
3079 2115 3181 2160 se-

707 2205 948 2287 quenti
978 2223 1062 2267 ea
1102 2205 1511 2285 pluviarum
1550 2203 1987 2266 abundantia
2028 2212 2294 2265 terram
2335 2202 2707 2266 inundavit
2744 2211 2821 2265 ut
2864 2203 3185 2267 sitientes

708 2327 926 2391 agros
960 2328 1254 2391 prorsus
1285 2311 1611 2389 satiaret,
1660 2322 1731 2372 et
1758 2311 1973 2389 paulo
2014 2319 2177 2390 post
2219 2310 2493 2372 litteras
2522 2308 2859 2371 Valentia
2890 2327 3181 2390 accepe-

704 2426 894 2498 runt,
923 2419 1174 2498 quibus
1199 2418 1540 2481 admoniti
1564 2426 1726 2480 sunt
1751 2418 2053 2480 classem
2075 2425 2442 2480 turcarum
2457 2416 2744 2480 minime
2764 2415 2854 2478 ad
2876 2434 2999 2479 eas
3014 2434 3181 2480 oras

704 2542 1182 2588 accessuram.
1216 2525 1326 2588 Ex
1357 2525 1475 2588 illo
1508 2534 1747 2588 tamen
1785 2524 1967 2587 salso
1998 2542 2281 2587 rumore
2311 2523 2446 2587 hoc
2475 2524 2642 2587 boni
2671 2524 2917 2587 divina
2946 2525 3182 2605 provi—

706 2632 947 2695 dentia
976 2633 1238 2711 elicuit,
1266 2640 1343 2694 ut
1373 2630 1462 2695 ad
1494 2631 2013 2694 confessionem
2039 2631 2261 2709 multi,
2291 2631 2425 2694 sibi
2447 2631 2797 2711 timenteS,
2832 2634 3178 2713 compulsi

707 2740 987 2803 fuerint.
1041 2738 1197 2802 Hoc
1246 2749 1482 2802 tamen
1534 2739 2115 2802 animadversum
2161 2747 2269 2801 est
2319 2736 2509 2818 quod
2560 2739 2852 2819 spiritus
2900 2740 3183 2821 quidem

706 2846 1125 2927 proficiebat
1156 2846 1281 2910 sed
1310 2863 1573 2926 magno
1605 2865 1766 2909 cum
1805 2845 2230 2909 detrimento
2271 2847 2627 2927 corporiS,
2664 2847 2762 2909 ita
2805 2855 2885 2909 ut
2924 2857 3179 2911 stoma·

695 2954 821 3017 chi
851 2964 922 3017 et
951 2954 1203 3034 capitis
1245 2954 1446 3017 dolor
1474 2955 1813 3016 molestus
1844 2971 1999 3016 esse
2028 2954 2511 3033 compluribus
2539 2955 2854 3033 coeperit
2874 3003 2888 3031 ,
2934 2972 3176 3034 quam-

706 3061 841 3140 viS,
878 3060 1192 3124 adhibita
1224 3061 1736 3124 exercitatione
1768 3059 2023 3141 majori
2052 3078 2435 3141 corporum
2471 3070 2541 3123 et
2572 3059 2960 3124 moderatis
2988 3062 3181 3125 labo·

698 3166 899 3231 ribus
928 3169 1207 3246 mentiS,
1245 3169 1493 3231 melius
1523 3168 1787 3230 habere
1819 3176 2228 3247 coeperunt.

823 3274 965 3338 561.
1054 3275 1232 3339 Cum
1256 3276 1456 3338 initio
1485 3273 1690 3354 hujus
1715 3275 1884 3337 anni
1915 3274 2379 3355 magistratus
2400 3291 2656 3354 parum
2680 3273 2913 3338 affecti
2937 3285 3176 3339 essent

704 3382 988 3458 nostriS,
1023 3382 1637 3463 conquerebantur
1667 3382 1856 3462 quod
1887 3382 1959 3444 in
1983 3381 2245 3444 scholis
2268 3381 2389 3444 filii
2420 3381 2736 3461 ipsorum
2758 3382 2991 3444 minus
3019 3399 3176 3461 pro·

705 3487 995 3552 ficerent
1025 3506 1237 3568 quam
1265 3506 1394 3569 par
1425 3497 1604 3564 erat,
1639 3499 1730 3568 et,
1767 3506 1931 3551 cum
1962 3488 2035 3550 in
2065 3487 2365 3567 Collegii
2403 3489 2867 3551 instructione
2897 3487 3045 3551 fere
3074 3489 3176 3551 vi·

699 3595 888 3675 ginti
927 3596 1231 3676 quinque
1273 3613 1528 3659 aureos
1563 3595 1779 3658 annui
1818 3594 2086 3657 reditus
2125 3604 2193 3657 et
2226 3595 2510 3657 domum
2543 3595 2923 3673 quamdam
2953 3595 3173 3659 Colle-

705 3702 826 3780 gio
874 3711 1121 3766 nostro
1179 3701 1513 3782 oppidum
1569 3701 1977 3765 Gandiense
2033 3701 2495 3781 applicasset,
2551 3701 3046 3781 significabant
3095 3721 3173 3766 se

701 3808 1031 3888 libenter,
1066 3827 1246 3890 quae
1290 3808 1631 3872 dederant
1661 3859 1673 3889 ‚
1700 3817 2115 3889 recepturos
2158 3818 2233 3871 ut
2276 3826 2406 3889 pro
2448 3826 2578 3873 suo
2622 3810 2916 3873 arbitrio
2956 3810 3173 3873 alium

705 3926 1242 3997 praeceptorem
1281 3917 1426 3980 suis
1455 3915 1614 3979 filiis
1645 3917 2157 3996 prospicerent.
2200 3916 2440 3980 Nostri
2483 3925 2721 3980 autem
2763 3916 2833 3980 id
2870 3934 3013 3979 non
3052 3935 3168 3996 pa-

700 4041 858 4087 rum
885 4023 1273 4104 optandum
1302 4041 1458 4086 esse
1490 4023 1672 4086 Duci
1702 4023 2195 4102 significarunt
2226 4031 2297 4085 et
2330 4039 2407 4085 se
2436 4024 2866 4102 perlibenter
2893 4024 3170 4087 restitu-

702 4145 822 4193 ros
841 4131 1099 4210 oppido
1123 4130 1444 4194 Gandiae
1469 4148 1676 4193 suum
1705 4130 1902 4194 illurn
1924 4130 2227 4193 reditum
2251 4137 2319 4191 et
2344 4128 2638 4192 daturos
2662 4131 2902 4193 aulam
2924 4132 3173 4194 lectori

701 4237 1229 4317 grammaticeS,
1266 4255 1475 4318 quem
1505 4238 1639 4318 ipsi
1668 4238 1802 4300 sibi
1831 4236 2358 4300 conduxissent.
2394 4232 2537 4298 Sed
2560 4235 2749 4315 Dux,
2777 4237 2895 4317 qui
2924 4236 3171 4300 intelli-

703 4345 919 4423 gebat
962 4344 1249 4407 minime
1291 4345 1679 4408 convenire
1732 4344 1993 4426 populo
2044 4342 2434 4406 Gandiensi
2466 4343 2656 4421 quod
2700 4344 3006 4423 petebat,
3048 4362 3170 4408 no-

695 4629 800 4673 tat.
817 4634 908 4666 nec
927 4623 1311 4676 precationibus
1331 4627 1384 4665 et
1410 4620 1770 4666 devotIonibus
1787 4621 2006 4675 prolixis
2031 4620 2300 4674 occupari,
2321 4619 2411 4663 sed
2433 4619 2687 4664 rationem
2706 4620 2955 4674 majorem
2974 4621 3174 4667 habent

697 4699 759 4737 et
778 4704 958 4738 curam
979 4699 1088 4738 tum
1108 4695 1395 4738 studiorum
1412 4699 1521 4738 tum
1538 4693 1697 4738 etiam
1717 4693 2035 4737 valetudinis
2052 4726 2062 4745 ,
2082 4693 2109 4733 Δ
2131 4691 2277 4736 lunii.
