3679 5414
1626 434 1757 492 ΑΝ.
1811 433 1952 492 1552
2916 434 3025 493 439

553 588 769 656 retur,
803 578 1223 656 obtinerent,
1257 587 1325 640 et
1355 576 1443 640 de
1472 578 1917 657 applicandis
1948 579 2369 659 quibusdam
2400 578 2860 659 proventibus
2890 588 3024 641 tre-

533 695 922 749 ·centorum
949 684 1408 760 florenorum,
1444 686 1562 764 qui
1591 686 2106 765 ludimagistris
2136 686 2723 766 persolvebantur
2757 686 2877 763 (ea
2908 703 3023 747 au-

547 804 692 857 tem
721 809 1000 855 summa
1024 809 1066 854 a
1089 792 1411 856 ducentis
1436 794 1672 855 aureis
1694 810 1837 856 non
1863 795 2160 856 multum
2191 791 2437 869 abest),
2465 810 2627 855 cum
2652 792 2751 854 illi
2772 809 3026 872 parum

552 899 782 963 officio
830 915 960 961 suo
1004 897 1417 961 satisfacere
1459 898 1908 978 viderentur,
1953 900 2283 979 agebant.
2326 898 2466 962 Sed
2504 908 2832 962 neutrum
2876 909 3024 963 toto

551 1006 684 1070 hoc
713 1024 899 1069 anno
930 1006 1384 1069 obtinuerunt
1413 1017 1482 1069 et
1513 1006 1614 1069 ita
1647 1007 1718 1069 in
1747 1007 2013 1087 palatio
2045 1007 2377 1087 Episcopi
2405 1007 2633 1069 nostri
2662 1007 2882 1069 veluti
2904 1008 3024 1069 ho-

548 1113 769 1194 spites
798 1122 1232 1176 manserunt.
1269 1112 1415 1176 Nec
1447 1113 1695 1177 deerat
1736 1113 2099 1177 Cardinali
2136 1114 2416 1177 animus
2454 1114 2630 1177 satis
2672 1113 2762 1175 ad
2804 1113 3022 1177 Colle·

546 1220 742 1299 gium
771 1221 908 1284 hoc
933 1220 1328 1300 juvandum
1356 1237 1786 1301 propensus,
1822 1230 1898 1283 ut
1927 1220 2119 1283 facto
2158 1230 2408 1300 postea
2448 1220 2754 1283 ostendit
2800 1227 3024 1283 totam

547 1329 696 1408 ipse
725 1328 1173 1408 provinciam
1202 1328 1629 1407 suscipiens,
1672 1329 1798 1390 sed
1838 1329 2004 1408 quid
2047 1329 2305 1391 civitas
2344 1327 2613 1390 faceret
2656 1336 3021 1409 exspecta-

545 1435 688 1497 bat.
716 1434 893 1498 Cum
916 1443 1153 1497 autem
1177 1452 1517 1497 successu
1543 1436 1883 1515 temporis
1898 1436 2346 1515 privatorum
2363 1434 2737 1497 subventio
2756 1451 2847 1497 ex
2864 1452 3021 1515 par·

544 1552 613 1604 te
636 1542 1053 1620 frigesceret
1073 1552 1141 1604 et
1166 1542 1415 1620 nostri,
1433 1543 1727 1605 libenter
1751 1543 2057 1621 quidem,
2075 1542 2202 1605 sed
2224 1550 2503 1622 partem
2529 1542 2839 1622 aliquam
2864 1560 3025 1605 cru-

546 1649 648 1711 cis
678 1649 750 1711 in
779 1650 1080 1728 penuria
1109 1666 1347 1711 rerum
1376 1650 1945 1712 necessariarum
1974 1649 2335 1726 sentirent,
2367 1666 2536 1711 cura
2562 1649 2651 1711 ab
2675 1650 2829 1728 ipso
2853 1648 3021 1712 Car-

533 1755 788 1832 ·dinali,
841 1765 918 1819 ut
971 1755 1158 1833 fecit,
1214 1756 1664 1835 suscipienda
1695 1754 1847 1818 fuit.
1881 1755 2172 1836 Semper
2203 1765 2441 1818 tamen
2480 1769 2548 1819 et
2592 1756 3020 1818 existimatio

544 1863 809 1942 optima
839 1872 907 1925 et
937 1862 1142 1925 favor
1173 1862 1488 1925 civitatis
1521 1863 1591 1924 in
1616 1861 2050 1926 Societatem
2076 1863 2269 1925 cerni
2302 1863 2554 1941 potuit,
2585 1881 2766 1942 quae
2791 1862 2883 1925 ad
2903 1878 3022 1924 res

543 1970 945 2049 spirituales
977 1970 1164 2033 affici
1204 1988 1345 2033 non
1385 1988 1637 2050 parum
1683 1971 2008 2049 exemplo
2047 1982 2115 2033 et
2157 1987 2377 2049 opera
2414 1977 2825 2032 nostrorum
2863 1988 3018 2033 coe·

537 2078 663 2157 pit.
694 2077 855 2158 Ipsa
887 2077 1100 2140 etiam
1132 2078 1477 2140 habitatio
1508 2077 1857 2141 Pontificii
1887 2078 2157 2157 palatii,
2192 2086 2267 2139 ut
2299 2077 2557 2156 potuit,
2593 2077 3018 2140 concinnata

540 2182 692 2259 fuit,
726 2194 801 2246 ut
831 2184 1064 2246 minus
1088 2186 1271 2247 male
1294 2186 1523 2247 nostri
1545 2185 1804 2248 ibidem
1825 2184 2249 2260 habitarent,
2280 2184 2447 2246 dum
2469 2184 2669 2245 locus
2694 2184 2876 2246 alius
2897 2201 3019 2264 pa-

540 2292 854 2354 rabatur.
887 2290 1075 2354 Satis
1105 2301 1351 2355 tamen
1380 2293 1821 2372 experientia
1845 2293 2277 2355 intellectum
2301 2301 2405 2354 est
2432 2308 2679 2354 curam
2704 2308 2748 2353 a
2768 2291 3018 2371 paucis

542 2408 982 2478 susceptam,
1018 2417 1319 2479 quorum
1367 2402 1634 2463 nullum
1677 2401 1768 2462 sit
1801 2408 2054 2480 caput,
2098 2417 2186 2462 ex
2227 2399 2702 2478 eleemosynis
2745 2398 3019 2478 prospi-

543 2505 775 2569 ciendi
806 2507 1020 2569 alicui
1050 2506 1366 2586 Collegio
1395 2525 1650 2587 parum
1691 2507 2154 2570 sufficientem
2184 2524 2371 2586 esse,
2404 2506 2543 2568 nisi
2581 2505 2861 2585 ipsimet
2898 2522 3020 2568 no-

540 2614 671 2676 stri
700 2615 1194 2693 eleemosynas
1224 2615 1608 2694 quaerendi
1639 2632 1892 2677 curam
1922 2614 2399 2694 susciperent,
2443 2612 2630 2692 quod
2670 2621 2747 2675 ut
2795 2613 3021 2675 nostri

539 2721 862 2784 facerent
896 2723 1045 2801 ipse
1075 2721 1411 2785 Vicarius
1441 2722 1886 2785 hortabatur.

661 2828 763 2890 52.
852 2828 1224 2906 Agebatur
1256 2839 1492 2892 autem
1523 2829 1607 2892 de
1636 2830 1944 2910 quodam
1975 2831 2158 2907 loc0,
2194 2846 2403 2908 quem
2427 2827 2871 2907 Sapientiam
2901 2844 3021 2889 vo-

542 2935 836 3014 cabant,
871 2936 992 2998 ubi
1022 2935 1426 2999 Cardinalis
1465 2938 1638 3000 olim
1668 2937 2103 3000 Armellinus
2134 2936 2533 3015 Collegium
2561 2935 3024 2997 inchoaverat

545 3052 613 3104 et
664 3041 859 3123 jacta
918 3041 1380 3105 fundamenta
1437 3053 1665 3106 morte
1723 3052 2146 3123 praereptus
2195 3043 2577 3122 reliquerat
2605 3058 2619 3118 ;
2673 3039 3023 3118 agebatur

544 3150 760 3212 etiarn
801 3148 886 3211 de
928 3149 1236 3229 quodam
1276 3151 1463 3228 loc0,
1510 3168 1722 3230 quem
1759 3150 2236 3229 ludimagistri
2272 3147 2763 3211 inhabitabant
2801 3162 3022 3226 prope

543 3258 855 3336 plateam
884 3257 1218 3335 civitatiS,
1253 3265 1322 3319 et
1353 3259 1695 3336 temporis
1733 3275 2072 3321 successu
2103 3266 2400 3336 uterque
2441 3256 2641 3317 locus
2682 3253 2754 3315 in
2790 3251 3024 3315 Socie-

542 3364 710 3426 tatis
750 3381 957 3426 usum
1002 3364 1238 3427 cessit.
1283 3364 1605 3427 Timebat
1647 3365 1782 3427 hoc
1825 3365 2192 3427 hominum
2230 3379 2457 3442 genus
2498 3361 2662 3439 sibi;
2695 3361 2910 3422 immo
2956 3368 3043 3422 et.

541 3471 665 3550 qui
692 3471 1024 3550 hospitali
1052 3481 1454 3550 praeerant,
1491 3490 1651 3534 cum
1682 3480 1967 3534 nostros
1999 3471 2090 3534 ad
2118 3487 2468 3551 pauperes
2508 3467 2921 3530 invisendos
2951 3474 3021 3528 et

544 3576 1018 3640 consolandos
1049 3585 1117 3639 et
1149 3587 1600 3641 sacramenta
1631 3579 1735 3640 eis
1777 3578 2249 3641 ministranda
2280 3576 2621 3639 accedere
2652 3573 2903 3636 crebro
2925 3573 3026 3635 vi-

544 3683 822 3763 derent,
859 3684 990 3746 sibi
1019 3685 1269 3747 timere
1301 3695 1717 3765 coeperunt,
1755 3685 2044 3765 perinde
2085 3703 2169 3747 ac
2209 3685 2269 3746 si
2306 3683 2534 3746 nostri
2575 3679 3024 3760 gubernatio·

544 3809 708 3854 nem
738 3791 1107 3871 hospitalis
1137 3791 1273 3854 sibi
1303 3792 1690 3855 vendicare
1724 3792 2257 3855 meditarentur.
2293 3791 2453 3870 Ipsa
2484 3801 2719 3852 tamen
2760 3805 2876 3850 res
2907 3786 3023 3849 do-

545 3899 692 3960 cuit
722 3898 911 3978 quod
933 3899 1163 3961 nostri
1186 3916 1330 3960 non
1354 3915 1536 3978 quae
1561 3915 1691 3961 sua
1716 3908 1882 3961 sunt
1905 3899 2030 3961 sed
2054 3898 2319 3961 Christi
2344 3904 2791 3977 quaererent,
2819 3903 2887 3957 et
2910 3910 3025 3955 ve-

543 4005 777 4067 ritatis
805 4006 927 4067 lux
960 4022 1043 4066 ac
1074 4005 1346 4068 fructus
1378 4006 1528 4084 ipse
1561 4006 1953 4085 spiritualis
1984 4004 2381 4085 hujusmodi
2406 4003 2815 4084 opinionum
2834 4010 3023 4064 tene-

545 4110 715 4173 bras
747 4111 1081 4174 discussit
1117 4110 1158 4173 ¹.

667 4217 768 4279 53.
856 4215 998 4280 Sub
1049 4227 1465 4281 autumnum
1515 4220 1824 4283 culinam
1875 4220 1948 4282 in
1987 4220 2132 4282 suis
2172 4217 2723 4282 habitationibus
2765 4216 3026 4279 habere

546 4332 955 4404 coeperunt,
992 4341 1152 4386 cum
1181 4325 1380 4404 prius
1409 4328 1479 4389 in
1509 4325 1758 4389 eadem
1787 4327 2197 4390 necessaria
2220 4334 2665 4405 pararentur,
2703 4341 2885 4403 quae
2908 4323 3024 4386 do·

631 4526 648 4558 ¹
708 4526 977 4578 Polaticus,
1001 4538 1067 4570 ex
1082 4540 1233 4580 com„
1250 4528 1523 4574 Everardo
1544 4529 1888 4582 Mercuriano,
1911 4531 1954 4574 sl
1975 4531 2152 4574 domus
2167 4562 2177 4581 ‚
2201 4540 2332 4584 quae
2356 4528 2638 4584 Sapientia
2660 4526 2875 4580 dicitur,
2899 4525 3024 4579 ipsis

541 4610 648 4643 non
670 4600 973 4653 applicetur,
996 4608 1053 4644 ut
1073 4601 1276 4645 omnino
1299 4603 1409 4657 ejus
1431 4605 1543 4647 loco
1565 4606 1725 4649 aliam
1747 4606 1940 4648 habere
1962 4610 2109 4648 curet
2124 4637 2134 4657 ‚
2158 4613 2289 4658 quae
2311 4601 2622 4646 commodior
2644 4607 2693 4644 et
2717 4600 2936 4653 amplior
2956 4600 3024 4644 sit

545 4682 704 4725 quam
726 4682 785 4713 ea
809 4680 963 4723 quam
983 4684 1114 4716 nunc
1137 4673 1378 4725 incolunt.
1402 4681 1452 4718 et
1475 4677 1558 4720 ubi
1583 4683 1887 4732 separatum
1908 4676 2119 4730 quisque
2142 4675 2331 4718 lectum
2353 4675 2546 4717 habeat
2561 4706 2571 4724 ‚
2592 4673 2645 4716 23
2664 4672 2801 4724 Julli.
