3679 5414
1510 476 1521 486 .
1632 403 1759 460 ΑΝ.
1805 401 1946 460 1552
2909 401 3026 460 735

541 558 655 611 tra
686 557 930 611 turcas
961 549 1118 612 Goa
1150 549 1579 611 discedebat.
1625 548 1907 627 Itaque,
1953 564 2116 610 cum
2156 547 2243 610 in*
2271 546 2520 609 studiis
2561 555 2708 609 tam
2754 548 3014 609 multas

540 654 757 718 horas
781 663 1300 734 consumerent,
1327 672 1540 736 super
1562 663 1709 718 tres
1729 653 1946 718 horas
1972 653 2275 717 orationi
2300 654 2587 717 mentali
2610 654 2872 733 singuli
2893 655 3010 716 tri-

542 762 874 840 buebant,
909 770 1197 842 praeter
1226 779 1514 826 sacrum
1542 771 1610 824 et
1641 761 2173 824 exhortationes
2197 778 2282 823 ac
2307 761 2660 841 colloquia
2683 761 3012 841 spiritua·

541 870 659 949 lia;
691 878 759 932 et
788 868 1220 932 credendum
1250 879 1357 933 est
1387 869 1576 950 quod
1598 869 1711 932 vir
1729 870 2117 949 spiritualis
2140 868 2217 930 Ρ.
2244 868 2525 949 Gaspar
2549 869 2651 931 sic
2674 869 3008 947 expedire

542 995 626 1040 eo
657 961 973 1056 tempore
1004 986 1072 1040 et
1105 977 1207 1039 eis
1238 977 1724 1056 collegialibus
1748 975 2122 1057 Judicaret;
2158 993 2321 1038 cum
2349 984 2584 1038 tamen
2615 975 2731 1055 qui
2770 981 3011 1040 aerem

540 1084 736 1146 illum
765 1083 1007 1147 Indiae
1037 1093 1489 1164 perspectum
1517 1084 1956 1164 experientia
1997 1084 2381 1161 habebant,
2416 1083 2599 1146 inter
2638 1099 2816 1162 quos
2858 1083 3017 1163 ipse*

538 1189 613 1253 P.
649 1190 1078 1253 Franciscus
1119 1190 1391 1254 Xavier
1431 1191 1594 1269 fuit,
1641 1189 2075 1253 affirmarent
2114 1189 2510 1254 studiorum
2549 1207 2633 1252 ac
2674 1190 2998 1269 spiritua-

538 1298 711 1360 lium
739 1298 1333 1361 exercitationum
1362 1298 1642 1361 labores
1679 1298 1751 1360 in
1789 1296 1989 1360 India
2020 1297 2309 1360 tolerari
2348 1297 2630 1361 difficile
2659 1289 2900 1375 posse,
2936 1305 3008 1360 et

537 1403 696 1467 ideo
727 1423 817 1467 ex
854 1405 1140 1485 Europa
1180 1406 1376 1468 viros
1414 1405 1662 1469 doctos
1701 1413 1769 1468 et
1807 1405 1881 1468 in
1922 1405 2302 1468 virtutibus
2341 1406 2769 1468 exercitatos
2816 1405 2998 1468 mitti

537 1521 880 1590 peterent,
917 1512 1105 1592 quod
1127 1513 1201 1575 in
1229 1512 1426 1576 India
1457 1513 1635 1575 tales
1663 1511 1814 1575 fieri
1862 1529 2003 1575 non
2042 1521 2332 1591 possent
2370 1521 2658 1591 propter
2699 1511 3006 1575 debilita-

540 1627 683 1682 tem
714 1620 1039 1683 ciborum
1072 1628 1141 1682 et
1173 1620 1360 1683 aeris
1393 1620 1899 1700 intemperiem.

656 1725 797 1789 680.
886 1726 1039 1790 Hos
1069 1736 1216 1790 tam
1243 1728 1566 1790 assiduos
1597 1728 1898 1806 labo1:eS,
1943 1745 2118 1807 quos
2158 1726 2234 1790 P.
2281 1726 2563 1807 Gaspar
2602 1727 2750 1790 suis
2787 1724 3007 1805 injun-

536 1834 772 1912 gebat,
805 1833 1055 1914 injung
1071 1834 1294 1896 endos
1324 1852 1467 1896 non
1497 1851 1652 1918 esse
1682 1835 1754 1896 in
1792 1835 2206 1898 universum
2245 1842 2560 1912 constat,
2604 1851 2765 1896 cum
2811 1834 3008 1913 ipsae

537 1941 1075 2004 constitutiones
1107 1950 1418 2020 nostrae,
1446 1958 1628 2021 quae
1650 1948 1818 2003 tunc
1842 1942 2335 2021 promulgatae
2358 1958 2501 2003 non
2525 1950 2748 2020 erant,
2777 1941 3008 2019 magis

534 2049 911 2112 limitatum
939 2048 1077 2110 hoc
1109 2057 1388 2128 tempus
1419 2056 1488 2110 et
1518 2049 1610 2111 ad
1648 2048 2210 2110 moderationem
2253 2046 2596 2128 majorem
2636 2047 3008 2110 reductum

532 2155 1054 2235 praescribant3
1099 2164 1165 2218 et
1210 2156 1368 2218 ideo
1420 2155 1650 2218 sancti
1701 2152 1908 2233 hujus
1954 2155 2096 2217 ‘viri
2144 2162 2349 2233 gesta
2399 2153 2721 2217 miranda
2766 2154 3000 2233 potius

534 2279 750 2342 quam
778 2262 1125 2325 imitanda
1160 2262 1490 2342 diximuS‚
1523 2279 1667 2325 non
1694 2262 1923 2324 solum
1953 2279 2133 2342 quae
2173 2262 2244 2324 in
2282 2261 2794 2341 gubernatione
2834 2261 3000 2324 alio-

531 2384 690 2431 rum
719 2369 844 2431 sed
873 2387 1055 2449 quae
1090 2369 1163 2432 in
1194 2369 1430 2450 seipso
1470 2379 1546 2432 ut
1585 2376 1914 2432 strenuus
1954 2368 2322 2449 operarius
2359 2376 2429 2430 et
2467 2385 2730 2447 magna
2773 2367 2993 2430 chari·

533 2484 677 2539 tate
708 2475 999 2539 fervens
1030 2477 1418 2556 praestitit3
1453 2494 1619 2540 nam
1657 2484 1727 2538 et
1758 2477 1938 2556 ipse,
1976 2483 2053 2539 ut
2082 2492 2199 2538 res
2238 2475 2390 2555 ipsa
2422 2476 2691 2551 docuit,
2732 2476 3001 2537 brevis·

531 2583 713 2646 simo
764 2591 1081 2663 tempore
1122 2584 1395 2646 viribus
1432 2583 1801 2647 exhaustis
1839 2592 1908 2645 et
1944 2583 2187 2646 labore
2226 2582 2690 2663 consumptiS,
2733 2600 2824 2644 ex
2864 2581 2998 2644 hac

530 2690 682 2753 vita
713 2691 1074 2770 migravit,
1113 2707 1378 2770 magno
1409 2691 1695 2772 quidem
1723 2709 1852 2754 suo
1881 2690 2096 2769 bono,
2130 2697 2207 2753 ut
2236 2687 2664 2753 credendum
2694 2698 2830 2766 est,
2880 2707 2995 2769 pe·

534 2798 1094 2876 regrinationem
1124 2798 1333 2879 hujus
1362 2800 1554 2862 vitae
1595 2800 2004 2875 absolvenS,
2040 2797 2165 2860 sed
2195 2795 2651 2875 Societatem,
2685 2796 2899 2859 immo
2929 2808 2998 2859 et

532 2905 834 2981 Indiam,
868 2905 1153 2984 perutili
1184 2923 1402 2986 opera
1434 2924 1563 2970 sua
1592 2915 1660 2969 et
1690 2905 1899 2967 valde
1929 2903 2337 2966 necessaria
2368 2904 2681 2983 privans.

651 3011 792 3074 681.
882 3011 1022 3076 Sed
1051 3013 1140 3075 ad
1173 3031 1258 3075 ea
1289 3013 1672 3091 redeundO,
1708 3030 1889 3092 quae
1922 3010 2119 3074 Goae
2147 3023 2353 3090 gesta
2384 3021 2567 3088 sunt,
2602 3028 2729 3072 sex
2753 3011 2868 3072 vel
2890 3028 2993 3072 se-

530 3126 733 3197 ptem·
750 3130 1043 3199 tyrones
1077 3119 1342 3183 Christi
1371 3120 1443 3181 in
1473 3118 1898 3182 Societatem
1928 3117 2037 3179 his
2067 3118 2312 3180 diebus
2342 3115 2418 3177 P.
2453 3116 2735 3196 Gaspar
2780 3116 2997 3178 admi-

528 3226 641 3305 sit,
675 3226 860 3289 inter
890 3245 1069 3307 quos
1100 3228 1158 3290 is
1192 3228 1408 3290 etiam
1436 3226 1853 3304 Fulgentius
1880 3224 2147 3302 Freire,
2184 3224 2301 3304 qui
2331 3223 2518 3286 arcis
2548 3241 2632 3285 ac
2665 3222 2995 3303 praesidii

526 3331 812 3396 Diensis
842 3351 1218 3414 supremus
1241 3332 1462 3414 judex
1491 3333 1743 3410 fuerat;
1778 3331 1995 3411 aliqui
2026 3332 2210 3393 inter
2238 3331 2368 3393 hos
2390 3331 2661 3393 nobiles
2683 3331 2992 3409 fuerunt;

525 3449 594 3503 et
623 3459 712 3503 ex
744 3440 1082 3521 orphanis
1119 3441 1425 3520 quidam,
1463 3440 1580 3521 qui
1620 3458 1709 3502 ex
1747 3438 2185 3517 Portugallia
2222 3447 2602 3517 venerant,
2650 3439 2767 3517 qui
2811 3439 2995 3501 inter

532 3548 711 3611 alios
740 3547 934 3610 velut
964 3549 1330 3628 exemplar
1353 3548 1639 3611 virtutis
1669 3547 2087 3609 habebatur.

643 3654 784 3716 682.
872 3654 989 3716 Ad
1047 3654 1354 3734 proximi
1413 3655 1977 3718 aedificationem
2033 3652 2483 3716 excitandam
2540 3659 2687 3713 tota
2737 3651 2993 3731 hyeme

526 3769 830 3841 quatuor
876 3762 1431 3843 supplicationes
1480 3763 1595 3825 vel
1644 3760 2140 3842 processiones
2189 3760 2486 3839 singulis
2527 3757 3002 3821 hebdomadis.

525 3868 599 3931 P.
636 3867 918 3949 Gaspar
947 3870 1103 3933 fieri
1132 3871 1452 3949 curabat,
1486 3878 1556 3932 et
1584 3886 1767 3932 unus
1805 3886 1898 3930 ex
1936 3866 2176 3947 pueris
2214 3866 2551 3946 orphanis
2591 3866 2683 3928 ad
2725 3866 2992 3944 gradus

522 3977 898 4055 ecclesiae,
941 3977 1032 4040 ad
1063 3993 1279 4056 quam
1308 3994 1384 4039 se
1415 3975 1904 4052 conferebant,
1940 3975 2025 4037 de
2055 3968 2393 4037 Passione
2423 3972 2710 4035 Domini
2740 3974 2811 4036 in
2842 3988 2987 4036 mo-

523 4083 690 4146 dum
722 4084 1087 4147 concionis
1120 4083 1355 4162 aliqua
1394 4084 1857 4163 proponebat.
1901 4079 2342 4162 Sequebatur
2372 4081 2501 4144 has
2542 4079 2991 4160 supplicatio-
3055 4138 3060 4143 ,

522 4207 649 4253 nes
675 4191 1206 4255 innumerabilis
1229 4190 1591 4253 hominum
1622 4187 2017 4268 multitudo,
2045 4199 2115 4252 et
2137 4188 2380 4267 egredi
2404 4206 2446 4251 a
2472 4187 2786 4268 Collegio
2813 4188 2985 4250 sole·

520 4296 694 4360 bant
722 4300 1089 4379 octoginta
1121 4299 1236 4361 vel
1270 4298 1663 4377 nonaginta
1694 4297 2139 4378 poenitentes
2160 4346 2174 4370 ,
2217 4296 2335 4376 qui
2379 4314 2455 4358 se
2495 4294 2795 4374 flagellis
2833 4311 2984 4357 cae-

521 4403 817 4482 debant;
860 4406 1329 4469 occurrebant
1369 4414 1606 4467 autem
1643 4422 1733 4467 ex
1779 4404 2100 4467 ecclesiis
2138 4420 2300 4466 cum
2339 4402 2609 4465 facibus
2639 4401 2985 4465 accensis,

519 4510 613 4573 Hi
642 4512 846 4591 pueri
875 4512 1177 4592 orphani
1208 4513 1534 4576 instructi
1573 4521 1775 4575 erant
1813 4510 1905 4573 ad
1936 4510 2337 4590 jnramenta
2380 4508 2982 4589 reprehendenda,

520 4635 819 4698 quorum
869 4619 1130 4681 abusus
1181 4620 1252 4682 in
1303 4638 1387 4682 ea
1437 4619 1726 4682 civitate
1764 4618 2024 4682 nimius
2073 4626 2257 4696 erat;
2306 4625 2375 4679 et
2415 4626 2561 4679 tam
2603 4617 2865 4680 acriter
2914 4616 2984 4679 id
