3679 5414
1669 493 1792 551 ΑΝ.
1843 492 1981 551 1552
2942 493 3052 552 479

572 634 1075 716 explicandam
1121 647 1564 718 susceperat,
1610 647 1679 700 et
1711 638 2040 719 quamvis
2069 638 2295 700 nostri
2335 646 2613 702 tantum
2645 639 2735 702 ad
2779 640 3047 702 confes-

572 746 848 808 sionem
897 755 1337 808 menstruam
1389 762 1513 808 eos
1562 745 2045 825 hortarentur,
2099 763 2232 825 pro
2287 745 2765 825 Collegiorum
2822 763 3045 825 more,

575 861 813 915 tamen
844 852 1059 933 aliqui
1090 853 1406 932 ipsorum
1435 853 1755 915 crebrius
1778 851 2099 915 confiteri
2128 853 2537 932 cupiebant;
2580 871 2712 916 nec
2754 852 3048 917 deerant

573 978 666 1022 ex
696 960 799 1022 eis
828 961 947 1040 qui
978 960 1065 1023 ad
1096 958 1522 1023 Societatem
1544 960 2018 1041 adspirarent.
2047 958 2468 1023 Praestabat
2492 968 2728 1023 autem
2749 962 3048 1024 multum

576 1065 1091 1129 aedificationis
1123 1066 1399 1129 civitati
1427 1067 1654 1146 quod,
1700 1084 1864 1129 cum
1908 1066 2213 1129 avaritia
2253 1066 2389 1129 illis
2428 1067 2499 1129 in
2537 1067 2712 1130 locis
2740 1085 3047 1148 regnare

571 1173 649 1235 'in
678 1174 917 1236 multis
946 1174 1331 1253 videretur,
1374 1173 1549 1237 nihil
1586 1191 1882 1255 prorsus
1919 1191 1961 1235 a
2000 1174 2268 1236 nostris
2310 1175 2763 1238 emolumenti
2792 1193 2882 1238 ex
2911 1176 3050 1239 hoc

576 1280 878 1343 docendi
917 1280 1159 1344 labore
1188 1282 1303 1343 vel
1335 1299 1425 1344 ex
1455 1282 1612 1344 aliis
1653 1280 2064 1344 ministeriis
2103 1281 2567 1360 acciperetur,
2610 1291 2679 1345 et
2720 1282 3050 1346 dicebant

578 1386 803 1467 aliqui
826 1388 1092 1450 nullum
1127 1405 1302 1467 opus
1342 1389 1432 1451 ad
1460 1388 1596 1451 Dei
1623 1388 1931 1467 gloriam
1959 1386 2199 1449 utilius
2239 1396 2308 1450 et
2346 1387 2438 1450 ad
2471 1386 2862 1467 juventutis
2891 1409 3047 1471 pro-

569 1493 837 1556 fectum
869 1494 1139 1557 institui
1170 1511 1402 1575 posse.

703 1601 837 1663 146.
927 1600 1318 1664 Occasione
1349 1601 1651 1665 filiorum
1692 1612 2024 1683 parentes
2064 1606 2379 1685 ipsorum
2410 1605 2501 1668 ad
2531 1604 3051 1667 confessionem

574 1717 1032 1787 peccatorum
1081 1708 1481 1771 faciendam
1533 1710 1720 1789 apud
1769 1720 2053 1774 nostros
2104 1713 2568 1791 accedebant,
2616 1721 2686 1774 et
2726 1728 2887 1773 cum
2930 1713 3052 1775 alii

572 1815 775 1895 aliOS,
804 1823 878 1877 ut
901 1815 1050 1878 fieri
1075 1817 1275 1895 solet,
1293 1816 1699 1896 invitarent,
1721 1817 1858 1881 hac
1882 1821 2157 1882 ratione
2178 1820 2688 1899 poenitentium
2713 1837 3050 1882 numerus

576 1922 789 1984 etiam
820 1923 1077 2001 crevit3
1113 1923 1292 1986 inter
1322 1942 1500 2003 quos
1524 1925 1741 2005 aliqui
1770 1936 1976 1989 erant
2006 1927 2124 2006 qui
2155 1927 2633 2006 compluribus
2663 1927 2866 1988 annis
2905 1944 3047 1989 non

573 2027 857 2092 fuerant
889 2030 1230 2109 confessi;
1266 2031 1407 2108 alii,
1450 2031 1568 2110 qui
1613 2030 1935 2095 confiteri
1987 2042 2391 2113 coeperant,
2445 2034 2608 2096 licet
2648 2034 2722 2095 in
2762 2032 3051 2096 remotis

576 2136 753 2198 locis
789 2137 1225 2215 habitarent,
1269 2138 1359 2200 ad
1400 2137 1793 2217 Collegium
1834 2149 2074 2202 tamen
2119 2138 2569 2218 accedenteS‚
2618 2141 2942 2203 omnibus
2973 2157 3049 2202 se

577 2244 921 2306 molestiis
945 2245 1195 2321 levari,
1227 2245 1392 2307 dum
1422 2254 1717 2325 peccata
1743 2246 2284 2325 confitebantur,
2314 2246 2782 2324 affirmabant;
2810 2257 2878 2309 et
2902 2249 3046 2327 qui-

573 2349 740 2412 dam
770 2368 1071 2430 prorsus
1101 2370 1143 2413 a
1173 2351 1432 2413 misero
1456 2352 1837 2415 admodum
1868 2362 2057 2416 statu
2081 2354 2418 2416 vitiorum
2450 2354 2541 2417 ad
2569 2355 2763 2416 vitae
2787 2354 3047 2433 purita-

578 2465 721 2519 tem
751 2474 826 2519 se
852 2454 1384 2521 transtulerunt.

703 2564 835 2627 147.
926 2563 1041 2627 Ad
1070 2565 1421 2645 hospitale
1458 2566 1535 2629 P.
1579 2567 1902 2647 Baptista
1941 2585 2018 2629 se
2058 2567 2430 2630 conserens
2462 2567 2858 2649 aliquorum
2888 2585 3047 2630 con-

576 2668 921 2734 fessiones
953 2671 1252 2751 audivit,
1288 2671 1471 2736 inter
1503 2691 1681 2753 quos
1720 2691 1903 2737 unus
1942 2691 2103 2738 cum
2141 2675 2481 2756 lacrymis
2513 2674 2598 2739 de
2629 2676 2913 2738 saeculo
2944 2692 3047 2738 re-

576 2777 952 2860 linquendo
993 2790 1061 2843 et
1105 2782 1447 2860 religione
1477 2782 1803 2844 adeunda
1832 2782 2111 2845 firmum
2140 2785 2584 2863 propositum
2624 2783 2948 2863 concepit
2977 2793 3047 2846 et

573 2887 983 2966 explicavit,
1018 2889 1137 2951 alii
1166 2889 1379 2952 etiam
1420 2889 1491 2950 in
1523 2906 1786 2968 magna
1826 2889 2204 2953 afflictione
2244 2891 2609 2953 constituti
2653 2908 2783 2970 per
2814 2907 3047 2952 sacra-

576 3001 815 3056 menta
837 3004 906 3058 et
936 2997 1288 3076 colloquia
1314 2997 1434 3076 pia
1464 2996 2024 3058 consolationem
2055 3006 2503 3076 acceperunt.

668 3091 673 3092 f
703 3100 836 3163 148.
926 3102 1179 3165 Mulier
1209 3103 1581 3182 quaedam,
1611 3120 1791 3184 quae
1816 3104 1888 3165 in
1911 3104 2067 3165 loco
2091 3103 2372 3182 publico
2403 3113 2562 3166 octo
2588 3121 2813 3165 annos
2838 3121 2880 3166 a
2906 3121 3049 3165 ma·

576 3207 714 3269 rito
746 3207 1071 3287 sejuncta
1096 3211 1396 3290 turpiter
1425 3212 1730 3288 vixerat,
1759 3220 2089 3273 curatum
2117 3220 2224 3272 est
2247 3218 2321 3272 ut
2347 3211 2605 3273 marito
2632 3211 3045 3273 reconcilia-

577 3324 792 3395 retur,
837 3318 1230 3396 praemissa
1260 3319 1628 3398 utriusque
1657 3318 1974 3396 generali
2005 3316 2470 3380 confessione.
2509 3318 2794 3380 Accidit
2827 3318 3045 3379 etiam

575 3429 651 3483 ut
680 3423 1029 3502 quaedam
1060 3425 1330 3504 mulier,
1368 3426 1533 3487 dum
1570 3425 1784 3487 filium
1825 3426 2090 3487 nostris
2121 3424 2705 3487 commendatura
2735 3425 3041 3502 veniret,

578 3529 669 3590 ad
698 3531 923 3593 vitam
945 3532 1289 3611 religione
1321 3532 1709 3594 christiana
1742 3531 2032 3610 dignam
2065 3531 2365 3593 invitata
2396 3549 2535 3593 non
2570 3532 2767 3610 prius
2790 3532 3048 3593 disces-

577 3636 669 3698 sit
699 3655 910 3717 quam
949 3649 1245 3718 peccata
1277 3638 1751 3716 confiteretur,
1787 3657 1927 3720 qua
1951 3639 2037 3701 de
2066 3656 2143 3701 re
2168 3657 2254 3701 ne
2290 3638 2733 3717 cogitaverat
2768 3637 3050 3717 quidem

577 3744 807 3824 prius;
842 3764 1005 3809 cum
1048 3756 1287 3808 tamen
1318 3763 1751 3826 magnopere
1784 3747 2135 3826 spirituali
2165 3746 2431 3809 auxilio
2463 3745 2833 3823 indigeret.

704 3851 837 3912 149.
928 3853 1105 3916 Cum
1138 3853 1618 3915 admonuisset
1646 3853 2024 3916 Rectorem
2053 3853 2384 3916 Patavini
2415 3852 2713 3930 Collegii
2743 3852 2817 3914 P.
2847 3852 3050 3930 Igna-

574 3956 714 4021 ‘tius
747 3968 820 4020 ut
845 3957 1049 4038 juxta
1081 3960 1333 4022 medici
1366 3961 1886 4040 praescriptum
1915 3960 1986 4022 in
2016 3961 2210 4022 victu
2241 3968 2308 4021 et
2348 3959 2610 4021 vestitu
2640 3967 3051 4022 nostrorum

577 4081 652 4126 se
682 4075 996 4144 gereret,
1032 4065 1098 4128 id
1139 4083 1214 4129 se
1246 4068 1538 4148 exsequi
1568 4085 1709 4129 non
1739 4084 1948 4146 posse
1979 4065 2433 4145 significavit,
2469 4083 2632 4128 cum
2660 4067 2812 4128 sine
2843 4083 3049 4146 pecu-

577 4171 692 4233 nia
722 4183 1130 4252 numerata,
1176 4191 1389 4252 quam
1427 4192 1568 4236 non
1607 4174 1940 4253 habebat,
1982 4190 2233 4235 carnes
2272 4189 2552 4235 sumere
2600 4183 3048 4253 cogerentur,

576 4294 754 4357 quas
783 4280 972 4343 lanio
1002 4298 1144 4342 non
1174 4298 1303 4360 pro
1335 4282 1758 4344 necessitate
1788 4289 2194 4343 nostrorum
2218 4280 2343 4342 sed
2371 4298 2501 4361 pro
2532 4298 2661 4342 sua
2683 4282 3051 4344 voluntate

574 4387 813 4451 dabat.
850 4386 997 4451 Nec
1028 4389 1098 4451 in
1124 4388 1320 4451 victu
1358 4389 1584 4451 solum
1615 4388 1738 4451 sed
1770 4389 1986 4451 etiam
2030 4388 2100 4450 in
2130 4388 2396 4450 vestitu
2428 4388 2652 4450 nostri
2680 4389 3052 4468 penuriam

573 4497 1064 4576 patiebantur;
1117 4497 1308 4576 quod
1355 4495 1753 4558 fundatoris
1792 4495 2102 4557 viventis
2154 4495 2452 4575 penuria
2497 4512 2658 4557 cum
2706 4495 3054 4558 charitate

575 4603 959 4684 conjuncta
990 4621 1134 4665 non
1165 4603 1357 4667 aliud
1384 4604 1825 4683 permitteret
1855 4601 1896 4660 ¹.

659 4737 674 4767 ¹
736 4735 1006 4789 Polancus,
1030 4747 1096 4779 ex
1119 4748 1268 4788 com„
1289 4736 1494 4789 Elpidio
1526 4735 1760 4789 Ugoletti
1777 4769 1787 4786 ,
1809 4746 1986 4791 posse,
2019 4736 2062 4780 si
2084 4735 2213 4778 velit
2229 4768 2239 4787 ,
2262 4740 2606 4788 protectorem
2631 4733 2847 4788 Collegii
2869 4735 3058 4779 consti-
