3679 5414
1547 478 1672 535 ΑΝ.
1720 476 1860 534 1550
2828 479 2934 537 119

454 632 530 686 ut
552 622 804 686 fraeno
841 622 1079 702 potius
1121 639 1333 701 quam
1385 622 1781 685 calcaribus
1819 623 2249 702 indigerent,
2293 624 2459 686 dum
2498 622 2588 686 ad
2627 626 2927 703 castiga-

456 732 683 793 tiones
712 728 1038 809 corporis
1069 739 1138 791 et
1183 727 1560 792 affectuum
1591 729 2047 809 propriorum
2085 729 2629 808 abnegationem
2655 729 2933 794 ferven-

455 847 561 900 ter
592 836 975 899 admodum
1006 836 1552 915 contenderent,
1586 853 1851 915 magna
1892 836 2174 899 interim
2215 837 2613 900 animorum
2650 836 2929 917 conjun-

454 944 686 1007 ctione
735 954 807 1006 et
857 943 1119 1005 unione
1150 950 1415 1006 vmutua
1465 941 1833 1005 charitatis
1881 942 2235 1020 viventeS,
2298 951 2367 1005 et
2417 945 2488 1006 in
2546 944 2930 1020 solidarum

454 1050 799 1113 virtutum
858 1049 1171 1113 studium
1235 1049 1740 1112 incumbentes,
1809 1048 2197 1112 Dubitabat
2258 1049 2340 1111 P.
2409 1049 2782 1113 Torrensis
2839 1068 2933 1113 an

461 1156 870 1220 scholastici
902 1173 1031 1219 sua
1061 1154 1407 1235 suffragia
1448 1155 1772 1219 collaturi
1809 1165 2078 1231 essent,
2121 1174 2282 1219 cum
2320 1166 2653 1236 ageretur
2693 1157 2779 1220 de
2818 1175 2929 1221 ca-

456 1263 748 1342 thedriS,
786 1280 967 1343 quae
995 1281 1124 1343 per
1147 1262 1664 1343 oppositionem
1692 1262 1857 1325 huic
1888 1263 2001 1325 vel
2030 1263 2129 1325 illi
2161 1272 2397 1327 essent
2426 1265 2927 1343 assignandae;

455 1371 582 1433 sed
620 1371 858 1433 visum
898 1379 1005 1433 est
1033 1371 1299 1433 nostris
1340 1369 1688 1449 suffragia
1734 1368 2137 1449 hujusmodi
2185 1370 2470 1433 minime
2521 1372 2924 1434 convenire.

451 1476 633 1540 Cum
671 1477 959 1557 jubilaei
995 1477 1307 1556 gratiam
1357 1495 1400 1539 a
1450 1476 1528 1539 P.
1581 1475 1859 1556 Ignatio
1899 1476 2349 1557 impetratam
2393 1478 2929 1553 intellexissent,

451 1601 616 1646 cum
646 1601 913 1663 magna
944 1583 1342 1647 animorum
1382 1584 1865 1646 consolatione
1905 1601 1989 1646 ea
2010 1632 2046 1675 ,ι
2067 1601 2247 1663 quae
2288 1585 2695 1648 necessaria
2725 1595 2928 1648 erant

449 1690 542 1753 ad
574 1690 1092 1770 indulgentiam
1124 1691 1601 1770 obtinendam,
1635 1691 2163 1771 praestiterunt.

571 1797 713 1860 280.
801 1798 880 1860 In
909 1797 1119 1860 domo
1148 1805 1392 1860 nostra
1423 1797 1941 1860 Vallisoletana
1970 1798 2177 1876 pauci
2217 1798 2303 1860 de
2332 1797 2685 1886 Societate
2715 1801 2929 1863 etiam

447 1905 592 1966 hoc
643 1921 832 1967 anno
872 1903 1380 1983 versabantur,
1436 1903 1708 1983 egregii
1760 1904 2044 1984 quidem
2091 1903 2225 1967 Dei
2275 1906 2465 1968 servi
2509 1914 2576 1968 et
2622 1906 2926 1986 operarii

447 2011 682 2088 utileS,
719 2011 847 2073 sed
877 2010 1044 2091 quia
1073 2010 1147 2072 in
1175 2011 1365 2073 nullo
1395 2010 1700 2073 formato
1732 2010 2047 2090 Collegio
2079 2012 2427 2090 vixerant,
2463 2012 2799 2091 exiguam
2825 2014 2925 2076 in·

449 2117 950 2181 stituti‘nostri
980 2117 1460 2196 cognitionem
1488 2126 1557 2180 et
1587 2118 1933 2181 minorem
1970 2118 2281 2198 praxim,
2330 2120 2516 2198 quod
2556 2119 2646 2182 ad
2690 2120 2926 2183 dome·

449 2225 706 2287 sticam
745 2223 998 2287 attinet
1047 2223 1525 2303 disciplinam,
1581 2224 1964 2302 habebant;
2007 2242 2137 2287 nec
2178 2225 2463 2303 mirum,
2509 2243 2670 2289 cum
2712 2227 2919 2289 tradi·

450 2332 642 2393 tione
673 2331 909 2410 potius
937 2330 1030 2392 ad
1059 2329 1129 2392 id
1159 2347 1381 2409 usque
1410 2342 1688 2411 tempus
1726 2347 1941 2411 quam
1984 2332 2268 2411 scriptis
2307 2333 2930 2397 constitutionibus

453 2442 574 2502 aut
601 2437 911 2517 regulis,
944 2454 1124 2517 quae
1152 2437 1468 2500 nondum
1497 2445 1701 2500 erant
1738 2439 2262 2518 promulgatae,
2308 2439 2531 2502 nostri
2560 2440 2919 2503 vivebant.

451 2544 730 2608 Verum
770 2562 932 2607 cum
977 2543 1386 2606 Vallisoleto
1432 2542 1507 2605 Ρ.
1551 2543 1926 2607 Torrensis
1963 2544 2329 2623 transiret,
2375 2554 2442 2607 et
2484 2545 2925 2612 animadver-

456 2661 641 2716 teret
672 2652 810 2715 hoc
842 2652 941 2715 ita
969 2668 1047 2729 se
1080 2651 1369 2729 habere,
1413 2660 1483 2714 et
1521 2669 1563 2714 a
1602 2650 1679 2714 P.
1713 2650 2167 2731 provinciali,
2201 2651 2500 2716 Romam
2529 2653 2923 2732 recedente,

451 2770 866 2823 nostrorum
920 2759 1501 2839 Hispaniensium
1556 2775 1730 2821 cura
1785 2758 1921 2839 ipsi
1979 2768 2165 2823 esset
2221 2748 2680 2839 demandata]
2738 2761 2931 2824 misit

448 2865 890 2930 Salmantica
918 2866 1207 2931 Petrum
1235 2864 1671 2928 Sevillanum
1702 2875 1778 2928 ut
1809 2865 2367 2928 Vallisoletanae
2399 2867 2648 2930 domus
2679 2885 2927 2931 curam

449 2973 780 3052 haberet,
837 2981 905 3035 et
942 2973 1187 3035 venire
1235 2970 1746 3035 Salmanticam
1776 2970 1988 3051 jussit
2025 2971 2101 3034 Ρ.
2144 2971 2491 3053 Joannem
2542 2974 2924 3052 Gonzalez,

449 3081 563 3159 qui
606 3079 772 3142 aliis
808 3079 907 3142 ibi
939 3090 1292 3159 praeerat,
1348 3080 1469 3159 qui
1516 3079 1776 3141 eximia
1825 3078 2176 3159 probitate
2228 3079 2590 3158 praeditus
2638 3080 2927 3159 quidem

446 3197 602 3250 erat
635 3195 705 3249 et
734 3186 998 3249 utiliter
1029 3185 1410 3249 admodum
1438 3185 1780 3266 proximis
1799 3185 2135 3266 juvandis
2162 3204 2288 3267 per
2320 3195 2658 3249 consueta
2690 3186 2921 3251 Socie-

450 3294 620 3356 tatis
643 3293 1035 3356 ministeria
1056 3293 1386 3371 vacabat,
1413 3303 1490 3355 ut
1511 3292 1785 3356 videret
1808 3311 1968 3356 eam
1990 3293 2522 3372 gubernationis
2545 3293 2925 3374 rationem,

452 3418 670 3480 quam
697 3400 771 3462 in
800 3398 1196 3478 Collegium
1223 3397 1786 3462 Salmanticense
1814 3400 1891 3463 P.
1926 3400 2076 3481 ipse
2118 3400 2178 3462 T
2182 3401 2487 3463 orrentis
2517 3400 2919 3464 induxerat.

449 3506 650 3570 Licet
689 3516 930 3569 autem
969 3507 1236 3586 aliquot
1265 3523 1544 3569 menses
1573 3524 1735 3570 eum
1766 3508 2071 3570 retinere
2100 3505 2575 3570 Salmanticae
2616 3507 2918 3587 cogitas-

450 3626 574 3693 set,
609 3633 758 3678 non
786 3624 1026 3676 tamen
1056 3614 1128 3676 id
1157 3613 1383 3694 potuit
1412 3613 1718 3694 efficere;
1762 3632 1925 3677 cum
1963 3612 2363 3677 Sevillanus
2403 3613 2552 3694 ipse
2583 3615 2926 3680 scriberet

451 3720 937 3784 necessarium
967 3737 1124 3783 esse
1151 3720 1450 3801 Joannis
1488 3719 1845 3784 Gonzalez
1872 3721 2178 3783 reditum
2208 3722 2280 3783 in
2320 3721 2659 3802 oppidum
2696 3722 2911 3786 Valli-

454 3828 658 3891 soleti
689 3839 856 3891 ante
883 3827 1067 3890 festa
1107 3827 1463 3905 natalitia,
1508 3827 1696 3907 quod
1746 3828 1966 3907 multi,
2001 3835 2070 3889 et
2108 3827 2392 3906 quidem
2433 3845 2576 3892 non
2613 3830 2918 3908 exiguae

452 3933 905 3997 auctoritatis
931 3950 1311 4013 personae,
1340 3934 1429 3996 ab
1453 3951 1538 3996 eo
1561 3933 2069 4014 dependerent;
2096 3934 2284 3996 unde
2316 3935 2735 4014 compendio
2760 3953 2922 3998 eum

451 4040 770 4105 exercuit
813 4040 887 4103 in
939 4041 1148 4103 rebus
1204 4040 1297 4102 ad
1353 4039 1814 4104 domesticam
1871 4041 2459 4119 gubernationem
2514 4052 2923 4105 nostrorum

453 4147 898 4228 opportunis.

563 4253 713 4317 281.
797 4253 1247 4317 Facultatem
1297 4263 1673 4334 acceperat
1722 4253 1798 4316 Ρ.
1844 4254 2083 4317 Araoz
2135 4273 2176 4317 a
2225 4254 2300 4317 P.
2355 4254 2632 4333 Ignatio
2673 4254 2917 4317 admit·

451 4362 642 4424 tendi
682 4362 775 4424 ad
812 4360 1331 4441 professionem
1380 4362 1763 4425 solemnem
1814 4361 2029 4424 etiam
2078 4361 2154 4424 Ρ.
2208 4361 2662 4440 Torrensem,
2706 4378 2921 4441 quam

452 4485 610 4532 cum
659 4469 729 4532 ei
779 4468 1169 4547 obtulisset,
1223 4486 1351 4549 pro
1401 4485 1531 4531 sua
1581 4468 1974 4531 humilitate
2024 4469 2139 4532 ille
2185 4469 2571 4547 recusavit,
2615 4487 2701 4532 ac
2741 4469 2919 4533 dixit

452 4585 695 4655 optare
741 4593 822 4638 se
862 4584 1028 4638 ante
1067 4574 1584 4656 professionem
1621 4575 1959 4638 virtutem
2008 4576 2447 4638 obedientiae
2496 4577 2748 4639 melius
2800 4577 2916 4639 ad·

452 4680 752 4759 discere;
809 4699 951 4761 qua
1005 4682 1078 4744 in
1134 4699 1212 4745 re
1270 4683 1567 4745 multum
1622 4673 1947 4745 omnibus
2005 4681 2519 4746 aedificationis
2575 4685 2794 4763 dedit;
2850 4696 2920 4748 et
