3679 5414
1502 474 1626 533 AN.
1675 475 1814 533 1550
2824 476 2898 534 13

434 619 547 698 qui
574 630 697 682 aut
726 618 926 682 Pisas
956 629 1077 683 aut
1113 619 1553 683 Florentiam
1592 637 1754 683 cum
1794 620 1898 683 eis
1938 620 2321 683 constituit.
2367 620 2637 683 Romae
2676 621 2893 685 etiam

433 726 515 791 <le
554 725 870 806 Collegio
911 726 1249 806 erigendo
1288 744 1505 806 agere
1543 728 1728 791 serio
1770 727 2035 806 coepit,
2077 737 2145 789 et
2187 727 2277 789 ad
2316 727 2386 790 id
2415 728 2897 792 inchoandum

435 833 735 913 quinque
781 833 897 895 vel
940 851 1070 896 sex
1114 834 1335 896 millia
1371 833 1791 897 ducatorum
1844 834 2145 914 reliquit.
2203 833 2641 914 supplicavit
2675 835 2894 898 etiam

430 938 714 1003 Summo
756 938 1082 1002 Pontifici
1109 949 1188 1003 ut
1226 940 1363 1004 tria
1409 941 1626 1003 millia
1665 941 2096 1004 ducatorum
2118 941 2332 1003 annui
2368 941 2637 1004 reditus
2660 940 2888 1006 eidem

429 1046 737 1125 Collegio
770 1046 1113 1126 applicari
1135 1047 1347 1111 vellet
1367 1096 1381 1122 ,
1409 1064 1708 1127 quorum
1732 1047 1966 1111 media
1996 1066 2165 1128 pars
2187 1066 2275 1110 ex
2307 1048 2647 1111 reditibus
2670 1051 2892 1112 eccle-

428 1153 732 1217 siasticis
760 1165 969 1233 esset;
1002 1154 1077 1216 in
1117 1153 1227 1216 his
1269 1152 1772 1219 ecclesiasticis
1815 1155 2190 1218 difficultas
2228 1154 2454 1235 major
2498 1165 2689 1236 erat,
2726 1174 2890 1220 cum

430 1259 752 1349 Pontifex
781 1260 873 1324 ad
899 1261 1227 1340 unioneS,
1254 1270 1331 1325 ut
1359 1259 1697 1339 diximus,
1724 1279 1868 1324 non
1891 1271 2077 1324 esset
2099 1279 2514 1342 propensus;
2542 1263 2890 1327 nihilomi-

426 1384 557 1429 nus
579 1385 802 1447 usque
825 1366 917 1429 ad
940 1384 1291 1430 summam
1311 1368 1504 1430 illam
1524 1368 1712 1431 mille
1734 1369 2283 1448 quingentorum
2306 1386 2684 1432 aureorum
2703 1371 2892 1433 uniri

427 1474 815 1552 consensit3
848 1491 965 1537 res
993 1483 1231 1537 tamen
1261 1473 1590 1538 effectum
1617 1492 1761 1538 non
1789 1483 1898 1538 est
1926 1476 2196 1538 sortita.

540 1581 642 1644 21.
731 1580 911 1645 Cum
939 1581 1309 1660 angustias
1337 1582 1579 1662 templi
1606 1582 1833 1646 nostri
1853 1583 2127 1645 romani
2149 1583 2467 1658 vidisset,
2495 1600 2676 1646 onus
2697 1583 2891 1647 ultro

424 1688 735 1768 suscepit
761 1688 931 1750 novi
960 1689 1202 1767 templi
1229 1688 1634 1769 inchoandi,
1667 1707 1807 1768 qua
1838 1688 1924 1751 de
1955 1707 2032 1752 re
2054 1689 2203 1769 Jam
2226 1689 2490 1753 dudum
2513 1691 2885 1769 agebatur,

421 1795 547 1859 sed
578 1805 744 1859 ante
773 1794 997 1858 Ducis
1026 1795 1410 1859 adventum
1439 1813 1693 1876 parum
1725 1795 2105 1859 admodum
2131 1796 2200 1859 id
2223 1797 2586 1876 negotium
2609 1815 2887 1877 promo-

424 1903 744 1965 vebatur.
800 1900 1118 1965 Adduxit
1169 1912 1406 1965 autem
1448 1902 2027 1983 Esquilacensem
2078 1904 2533 1984 Episcopum,
2578 1903 2893 1968 familiae

422 2008 686 2087 Borgia
717 2008 1297 2088 addictissimum,
1333 2018 1410 2072 ut
1440 2020 1511 2072 et
1537 2009 1688 2089 ipse
1716 2009 1912 2090 pium
1940 2009 2075 2072 hoc
2107 2027 2286 2090 opus
2324 2008 2716 2089 adjuvaret.
2761 2011 2890 2074 Est

417 2127 661 2180 autem
674 2115 1210 2179 fundamentum
1234 2134 1319 2178 eo
1342 2126 1715 2197 praesente
1745 2115 2078 2180 effossum
2111 2126 2180 2179 et
2203 2117 2470 2196 primus
2498 2118 2680 2198 lapis
2703 2118 2890 2197 posi-

414 2234 527 2286 tus
561 2241 606 2286 a
627 2221 992 2303 praedicto
1016 2223 1368 2303 Episcopo
1392 2223 1913 2303 Esquilacensi‚
1950 2224 2158 2286 simul
2187 2241 2348 2287 cum
2378 2225 2532 2304 ipso
2574 2224 2774 2287 Duce
2800 2242 2890 2288 ac

418 2328 487 2393 P.
523 2329 827 2409 Ignatio.
856 2330 1021 2409 Ipse
1048 2339 1288 2393 autem
1318 2329 1666 2393 Dominus
1692 2331 2027 2414 JoanneS,
2060 2330 2284 2393 Ducis
2313 2330 2515 2410 filiuS,
2543 2349 2686 2394 non
2710 2332 2894 2395 satis

416 2438 728 2501 habebat
759 2453 1014 2517 operas
1037 2436 1442 2516 disponere,
1471 2437 1595 2500 sed
1628 2436 1856 2499 labori
1887 2454 2028 2499 una
2061 2454 2224 2500 cum
2246 2437 2664 2517 quibusdam
2687 2439 2886 2501 mini-

414 2544 587 2607 stris
616 2543 763 2606 suis
791 2542 1140 2607 nobilibus
1172 2560 1249 2607 se
1280 2543 1751 2619 immiscebat,
1790 2553 1861 2607 et
1893 2561 2081 2606 nunc
2113 2544 2571 2607 fundamenta
2603 2543 2884 2608 effodie-

413 2651 569 2728 bat,
620 2667 808 2714 nunc
858 2665 1115 2730 aquam
1163 2649 1255 2714 ad
1304 2651 1573 2714 calcem
1622 2650 2160 2731 temperandam
2207 2651 2597 2715 hauriebat.
2653 2650 2891 2731 Hujus

407 2769 655 2824 tamen
686 2759 929 2838 templi
956 2758 1317 2822 inchoatio
1342 2775 1803 2839 progressum
1830 2777 1974 2822 non
2002 2760 2274 2838 habuit,
2309 2778 2442 2822 nec
2481 2760 2657 2823 situs
2700 2761 2877 2841 ipse,

411 2868 531 2947 qui
563 2876 734 2928 tunc
763 2866 1029 2928 electus
1058 2875 1233 2940 erat,
1268 2864 1392 2928 sed
1421 2866 1600 2929 alius
1626 2867 1838 2946 longe
1870 2866 2311 2930 commodior
2340 2869 2607 2930 electus
2636 2880 2767 2947 est,
2806 2877 2885 2930 ut

412 2991 544 3036 suo
577 2982 897 3052 tempore
928 2972 1221 3051 dicetur;
1256 2973 1574 3036 charitas
1602 2982 1838 3036 autem
1868 2973 2089 3036 Ducis
2121 2973 2307 3053 apud
2332 2973 2562 3037 Deum
2585 2991 2713 3036 suo
2743 2974 2888 3037 sru-

413 3091 534 3144 ctu
556 3096 704 3142 non
727 3079 976 3159 caruit,
1004 3096 1164 3142 cum
1186 3078 1461 3144 videret
1482 3071 2184 3161 frequentem'populi
2205 3081 2721 3144 multitudinem
2743 3098 2892 3144 non

412 3189 649 3250 solum
679 3187 769 3249 ad
808 3185 1190 3249 conciones
1228 3195 1298 3249 et
1335 3187 1676 3249 lectiones
1704 3204 1952 3250 sacras
1983 3187 2107 3250 sed
2137 3188 2350 3251 etiam
2383 3188 2472 3250 ad
2505 3187 2882 3250 confessio-

412 3312 543 3357 nes
575 3293 963 3356 admodum
990 3292 1222 3372 excipi
1246 3292 1414 3371 (εἰς)
1439 3311 1599 3356 cum
1624 3303 1866 3357 tantus
1888 3294 2240 3357 interdum
2263 3292 2744 3357 confitentium
2763 3311 2890 3356 nu-

412 3417 658 3465 merus
701 3398 1103 3479 accederet,
1153 3409 1232 3462 ut
1270 3400 1745 3463 confessarios
1787 3400 1968 3464 inter
2007 3417 2083 3463 se
2122 3401 2415 3463 nimium
2453 3400 2887 3481 propinquos

409 3508 665 3572 sedere
705 3523 883 3587 opus
928 3517 1147 3586 esset,
1195 3516 1265 3570 et
1305 3523 1394 3569 ne
1438 3507 1541 3570 sic
1582 3507 1868 3586 quidem
1908 3507 2407 3571 accedentibus
2449 3517 2732 3588 poterat
2774 3523 2889 3570 sa—

411 3614 686 3678 tisfieri.

534 3720 641 3785 22.
729 3721 1352 3785 concionabantur
1373 3721 1866 3802 hoc¹tempore,
1893 3721 2180 3800 scilicet,
2201 3721 2548 3786 adventus
2571 3722 2880 3802 Domini,

410 3828 793 3892 dominicis
819 3839 889 3890 et
917 3828 1117 3891 festis
1147 3828 1392 3891 diebus
1422 3846 1629 3891 mane
1657 3829 1940 3910 quidem
1969 3828 2044 3891 P.
2077 3828 2502 3892 Franciscus
2532 3827 2812 3906 Strada,
2841 3847 2890 3892 a

411 3935 720 4016 prandio
749 3952 925 3998 vero
956 3934 1031 3998 P.
1063 3935 1373 4020 Jacobus
1410 3936 1732 4016 Laynez,
1776 3936 1895 4016 qui
1933 3936 2233 3999 Romam
2263 3955 2352 3999 ex
2383 3935 2623 3999 Sicilia
2652 3936 2885 4002 suerat

408 4051 782 4121 evocatuS,
817 4051 886 4105 et
916 4041 988 4105 id
1016 4041 1298 4122 quidem
1327 4059 1490 4112 cum
1521 4042 1845 4109 doctrina
1869 4051 1938 4105 et
1969 4043 2452 4106 consolatione
2484 4043 2887 4107 auditorum

410 4149 755 4213 maxima.
790 4148 994 4212 Alius
1021 4159 1120 4211 ex'
1135 4148 1398 4212 nostris
1420 4150 1607 4228 apud
1630 4147 1971 4212 Sanctum
1995 4148 2307 4229 Celsum,
2336 4150 2521 4229 quod
2546 4150 2890 4229 templum

409 4258 637 4321 situm
665 4266 771 4320 est
799 4256 874 4318 in
899 4258 1059 4319 loco
1091 4255 1471 4319 admodum
1501 4257 1760 4319 celebri
1784 4257 2123 4334 (banchos
2152 4257 2480 4336 vocant);
2515 4257 2634 4320 alii
2660 4254 2884 4336 junio-

412 4381 539 4428 res
567 4380 695 4443 per
722 4364 999 4443 plateas
1024 4364 1362 4443 populum
1391 4363 1482 4425 ad
1521 4363 1787 4443 optima
1827 4381 2148 4443 quaeque
2189 4364 2784 4443 exhortabantur;
2816 4374 2888 4429 et

410 4471 903 4549 circulatoreS,
932 4468 1050 4549 qui
1072 4469 1320 4532 otiosis
1338 4469 1738 4533 hominibus
1759 4469 1839 4532 in·
1854 4467 2201 4549 ejusmodi
2222 4471 2397 4534 locis
2418 4470 2646 4535 futilia
2670 4472 2890 4534 verba

411 4588 489 4642 et
518 4595 638 4640 res
666 4586 908 4657 turpes
936 4574 1306 4640 venditare
1335 4577 1584 4655 solent,
1618 4576 1824 4640 simul
1856 4585 2068 4656 atque
2097 4578 2402 4658 aliquem
2439 4595 2530 4641 ex
2559 4578 2671 4640 his
2694 4578 2891 4659 juve-

409 4686 628 4748 nibus
656 4683 1112 4747 accedentem
1145 4681 1500 4759 videbant,
1534 4685 1693 4746 loco
1723 4683 2057 4748 cedentes
2086 4685 2397 4761 abibant;
2431 4703 2594 4747 nam
2627 4684 2817 4764 quod
2848 4703 2890 4746 a
