3679 5414
1588 461 1715 521 ΑΝ.
1764 463 1897 522 15ὃὶ
2874 462 2989 520 249

512 607 767 670 cedere
795 608 1261 687 et·acceptari
1290 608 1443 671 sine
1474 609 1616 672 ulla
1644 608 2035 685 dotatione3
2070 608 2262 686 licet,
2298 608 2358 670 si
2387 609 2545 688 quis
2582 608 2794 671 vellet
2837 608 2982 670 suis

511 713 983 793 eleemosynis
1013 713 1282 778 reditus
1310 714 1611 795 Collegii
1638 732 1924 795 augere,
1959 715 2030 778 id
2058 715 2122 778 ei
2152 715 2506 794 integrum
2534 724 2722 778 esset
2755 712 2796 777 ¹.

643 818 775 882 187.
860 820 936 883 In
968 821 1295 899 ingressu
1324 823 1732 886 scholarum
1760 839 2030 886 morem
2058 822 2245 885 hunc
2286 821 2670 885 servabant
2712 822 2982 885 schola·

515 928 699 1008 stici,
725 935 803 992 ut
826 936 988 991 ante
1019 926 1305 991 Domini
1332 928 1717 1009 imaginem
1743 946 1978 1009 genua
2008 928 2365 1005 flectendo*
2385 929 2613 991 Pater
2642 934 2887 991 noster
2916 939 2985 991 et

517 1036 671 1098 Ave
698 1033 942 1130 Mansa
972 1035 1187 1108 tacite
1212 1035 1545 1115 dicerent;
1583 1036 1924 1099 absolutis
1947 1045 2183 1099 autem
2208 1036 2644 1115 lectionibuS,
2678 1054 2860 1100 unus
2889 1054 2981 1099 ex

514 1142 752 1221 pueris
767 1141 1212 1223 singularum
1227 1144 1587 1222 classium,
1614 1144 1755 1207 alta
1783 1160 1964 1206 voce
1989 1144 2218 1206 Pater
2241 1149 2512 1222 noster,
2535 1144 2689 1206 Ave
2712 1143 2981 1220 Maria,

522 1249 746 1313 Credo
787 1261 856 1315 et
901 1251 1158 1330 Salve,
1197 1251 1490 1330 Regina
1530 1251 2069 1331 pronunciabat.
2124 1249 2419 1331 Reliqua
2469 1250 2722 1313 similia
2778 1260 2982 1313 erant

511 1356 659 1436 jam
688 1358 894 1421 dictis
925 1359 1011 1422 de
1043 1358 1490 1446 confessione
1506 1358 1806 1437 singulis
1833 1358 2214 1437 mensibus,
2248 1367 2409 1437 etc.,
2443 1367 2576 1421 etc.
2611 1356 2656 1420 ².

642 1463 773 1527 188.
863 1465 1234 1545 Vigesima
1264 1464 1564 1544 septima
1592 1465 1756 1547 Julii
1786 1463 2038 1527 Patres
2072 1465 2382 1547 Jacobus
2424 1465 2714 1545 Laynez
2758 1473 2826 1526 et
2864 1464 2981 1526 Al·

515 1572 831 1649 phonsus
853 1570 1222 1635 Salmeron
1244 1572 1678 1650 Tridentum,
1704 1572 1823 1635 ubi
1854 1571 2246 1636 Concilium
2276 1582 2598 1652 apertum
2628 1580 2803 1649 erat,
2830 1589 2980 1651 per-

517 1688 887 1758 venerunt3
919 1688 988 1742 et
1021 1680 1347 1759 quamvis
1370 1679 1767 1742 Cardinalis
1789 1677 2263 1757 Tridentinus,
2293 1687 2671 1759 antequam
2697 1678 2755 1740 F
2758 1678 2980 1742 loren-

518 1786 620 1848 tia
647 1785 1100 1865 decederent,
1136 1785 1420 1849 domum
1450 1794 1518 1848 et
1547 1786 1954 1849 necessaria
1983 1786 2153 1867 ipsis
2182 1785 2564 1848 liberaliter
2607 1786 2976 1860 obtulerat,

516 1899 586 1955 et
618 1891 924 1955 Ducissa
952 1892 1353 1957 Florentiae
1384 1911 1427 1955 a
1456 1910 1586 1956 suo
1616 1892 1815 1956 Duce
1848 1892 2028 1955 mitti
2059 1891 2134 1954 P.
2168 1893 2513 1974 Jacobum
2541 1893 2783 1972 vellet,
2817 1909 2978 1978 neu·

520 2009 707 2062 trum
736 2009 974 2063 tamen
1012 1999 1190 2062 effici
1226 2000 1461 2063 debuit
1500 2016 1630 2063 nec
1678 2000 1933 2079 potuit,
1975 2016 2137 2063 cum
2176 2016 2490 2063 summus
2532 1997 2855 2064 Pontifex
2904 2010 2979 2061 ut

517 2123 686 2169 suos
714 2106 1086 2186 theologos
1114 2124 1238 2170 eos
1270 2107 1597 2170 misisset.
1632 2105 1983 2169 Adierunt
2020 2122 2193 2185 ergo
2235 2106 2605 2185 Legatum,
2643 2105 2977 2170 Cardina-

522 2214 660 2276 lem
691 2213 1215 2289 Crescentium,
1251 2214 1370 2296 qui
1397 2214 1779 2293 hospitium
1809 2222 1878 2276 et
1908 2222 2202 2293 paterna
2236 2212 2464 2275 officia
2493 2212 2664 2293 ipsis
2708 2212 2974 2288 obtulit;

515 2322 916 2384 salutarunt
945 2330 1016 2384 et
1046 2322 1459 2384 assistentes
1497 2330 1566 2384 et
1606 2322 1786 2384 alios
1827 2322 2207 2401 primarios
2248 2321 2475 2398 virOS,
2517 2320 2636 2400 qui
2677 2328 2828 2383 tum
2870 2319 2981 2382 de-

516 2445 709 2491 mum
740 2428 1068 2492 dicebant
1097 2445 1173 2491 se
1205 2428 1497 2492 credere
1528 2428 1921 2492 Concilium
1950 2427 2295 2506 futurum,
2338 2427 2621 2508 quando
2662 2427 2797 2507 ipsi
2834 2427 2981 2490 Tri-

523 2534 813 2598 dentum
840 2546 1207 2615 venerant;
1239 2552 1406 2598 nam
1439 2536 1726 2598 omnino
1758 2536 1850 2598 ad
1880 2534 1952 2598 id
1979 2553 2201 2615 usque
2231 2545 2507 2615 tempus
2534 2553 2652 2597 res
2689 2534 2985 2598 Concilii

512 2642 691 2704 satis
718 2641 982 2723 frigere
1013 2641 1458 2723 videbantur,
1503 2651 1571 2706 et
1600 2643 1811 2725 pauci
1841 2653 2347 2705 convenerant.
2382 2641 2786 2705 Audiebant
2814 2641 2982 2705 inte·

518 2750 653 2813 rim
681 2751 1079 2831 aliquorum
1106 2750 1589 2814 confessiones
1620 2770 1703 2814 ac
1734 2752 2115 2831 praecipue
2152 2768 2574 2831 pauperum,
2617 2767 2794 2830 quos
2838 2749 2984 2813 fere

518 2874 763 2919 omnes
791 2858 884 2920 ad
913 2856 1174 2920 festum
1203 2858 1734 2937 Assumptionis
1763 2858 1842 2920 B.
1877 2858 2202 2937 Virginis
2231 2856 2635 2935 audierunt,
2669 2865 2738 2919 et
2775 2856 2983 2936 pluri-

520 2981 672 3026 mos
699 2964 979 3027 illorum
1009 2961 1478 3027 sanctissimo
1509 2964 1772 3027 Christi
1812 2980 2110 3045 corpore
2149 2964 2576 3042 refecerunt;
2622 2963 2713 3025 ad
2750 2962 2985 3042 hospi·

520 3072 659 3133 tale
689 3071 903 3134 etiam
933 3088 1009 3133 se
1052 3072 1464 3152 aliquandO,
1508 3079 1583 3133 ut
1622 3071 2052 3150 pauperibus
2092 3071 2624 3150 aegrotantibus
2663 3069 2983 3132 subveni·

522 3186 699 3258 rent,
727 3178 1207 3257 conserebant,
1233 3187 1303 3241 et
1331 3186 1593 3257 tamen,
1629 3178 1690 3240 si
1719 3177 1906 3258 quod
1939 3178 2278 3258 temporis
2308 3186 2697 3257 supererat,
2725 3176 2986 3239 utiliter

524 3285 595 3347 in
625 3285 876 3347 studiis
908 3285 1422 3366 impendebant.
1459 3283 1602 3348 Sub
1632 3284 1942 3348 medium
1971 3302 2144 3347 vero
2180 3284 2482 3363 Augusti
2522 3300 2865 3360 mensem,
2898 3300 2985 3345 ne

606 3561 623 3593 ¹
680 3561 948 3615 Polancus,
972 3573 1037 3606 ex
1067 3564 1461 3617 commissione,
1480 3564 1642 3608 Paulo
1662 3564 1890 3608 Antonio
1912 3564 2197 3617 d’Achillis,
2216 3564 2259 3607 si
2281 3564 2394 3617 quis
2414 3570 2567 3617 aptus
2586 3563 2652 3607 ad
2673 3562 2988 3607 Societatem

521 3643 622 3676 non
640 3633 708 3677 sit
723 3666 735 3684 ,
757 3634 896 3678 nullo
916 3634 1065 3678 modo
1086 3645 1197 3678 esse
1219 3636 1272 3679 in
1292 3647 1407 3679 eam
1426 3635 1826 3689 admittendum;
1857 3636 1908 3679 si
1930 3646 2057 3679 vero
2085 3642 2243 3690 aptus
2271 3636 2340 3679 sit
2369 3641 2423 3678 et
2452 3634 2730 3689 admissus,
2761 3635 2824 3677 de
2844 3634 2987 3678 bonis

523 3704 643 3757 suis,
663 3711 721 3749 ut
742 3706 793 3749 in
814 3705 1032 3750 Domino
1051 3707 1294 3760 expedire
1311 3706 1523 3762 judicet.
1543 3707 1703 3751 libere
1724 3707 1979 3762 disponat3
2002 3706 2136 3761 quod
2156 3708 2199 3751 si
2222 3707 2273 3750 in
2295 3707 2530 3750 favorem
2551 3706 2829 3750 societatis
2850 3705 2989 3759 quid-

524 3787 676 3830 quam
697 3784 895 3831 eroget,
915 3778 966 3821 id
989 3779 1147 3822 libere
1170 3780 1353 3832 faciat,
1379 3790 1471 3823 nec
1493 3780 1652 3823 ullam
1674 3778 1926 3823 Societati
1946 3779 2171 3833 imponat
2193 3778 2560 3831 obligationem
2574 3810 2585 3831 ,
2605 3777 2656 3820 31
2679 3776 2933 3821 Octobris.

606 3848 629 3880 ⁸
682 3850 952 3903 Polancus,
975 3861 1041 3894 ex
1062 3851 1458 3902 commissione,
1477 3851 1702 3894 Antonio
1722 3850 1929 3902 Winck.
1951 3850 2013 3893 de
2032 3850 2249 3905 publicis
2268 3850 2480 3904 pietatis
2500 3849 2762 3893 exercitiis
2781 3860 2843 3893 ne
2869 3849 2988 3903 quid

525 3923 582 3961 ut
603 3918 759 3963 fixum
779 3926 831 3963 et
852 3920 1040 3964 stabile
1061 3920 1307 3964 inducant
1323 3952 1333 3972 ,
1355 3919 1515 3963 donec
1536 3920 1656 3974 quid
1677 3921 1727 3963 in
1754 3920 1987 3964 omnibus
2008 3918 2285 3964 Societatis
2307 3919 2553 3971 collegiis
2571 3920 2884 3963 servandum
2902 3919 2987 3972 sit,

525 3989 592 4031 ab
613 3989 818 4044 Ignauo
839 3990 1166 4044 decernatur,
1187 3991 1237 4034 31
1263 3990 1716 4035 Octobris.-1dem
1736 3991 1802 4035 ad
1824 4002 1999 4035 omnes
2015 3991 2122 4035 fere
2141 3991 2420 4036 societatis
2437 3991 2614 4034 domos
2629 3991 2879 4045 scriptum
2892 3997 2988 4034 est.

608 4062 774 4107 Unum
795 4070 874 4106 est
896 4063 1029 4117 quod
1049 4065 1116 4107 ab
1138 4062 1418 4108 orlandino
1433 4095 1444 4115 ,
1462 4064 1714 4118 Aguilera
1734 4069 1788 4106 et
1812 4064 1922 4119 ipso
1943 4064 2166 4107 Polanco
2181 4098 2192 4118 ,
2213 4064 2331 4108 dum
2363 4063 2425 4106 de
2456 4064 2610 4106 rebus
2640 4062 2918 4107 societatis
2939 4063 2989 4106 in

526 4133 704 4178 Sicilia
724 4135 956 4178 scribunt
971 4166 982 4187 ,
1003 4135 1428 4188 praetermissum
1448 4134 1681 4178 videmus
1697 4167 1707 4186 ,
1728 4134 1955 4188 scilicet,
1979 4141 2151 4178 actum
2182 4135 2278 4178 hoc
2311 4146 2445 4179 anno
2465 4135 2601 4179 serio
2622 4135 2776 4178 fuisse
2796 4134 2859 4177 de
2882 4133 2992 4177 Col-

528 4206 663 4259 legio
697 4206 976 4251 Societatis
1010 4207 1061 4250 in
1093 4207 1221 4250 urbe
1255 4205 1472 4250 Sciacca
1504 4206 1836 4250 instituendo.
1875 4205 2041 4250 Situm
2077 4212 2130 4251 et
2168 4207 2373 4251 domum
2413 4207 2667 4250 offerebat
2703 4206 2990 4261 Episcopus

522 4274 758 4331 quidam.
779 4289 930 4331 quem
951 4277 1311 4323 ‘tibuniensem
1332 4279 1399 4322 ab
1419 4277 1623 4332 Ignatio
1643 4279 1694 4322 in
1717 4276 2054 4320 Litterarum
2087 4278 2317 4331 Regesto
2345 4279 2666 4333 appellatum
2685 4278 2987 4321 invenimus.

526 4347 719 4393 Locum
741 4350 949 4394 visurus
970 4351 1066 4395 ivit
1089 4351 1343 4396 Panormo
1366 4350 1658 4404 Sciaccam,
1693 4350 1899 4394 ineunte
1929 4350 2089 4403 Julio,
2123 4362 2235 4400 cum
2265 4351 2404 4393 socio
2436 4350 2490 4392 Ρ.
2523 4349 2712 4393 Paulus
2734 4350 2988 4394 Antonius

527 4420 814 4475 d'Achillis,
845 4423 930 4477 qui
950 4425 1155 4479 plenam
1176 4425 1237 4467 de
1259 4430 1370 4468 toto
1392 4424 1486 4467 hoc
1509 4422 1718 4476 negotio
1739 4421 2155 4465 informationem
2176 4428 2226 4464 et
2250 4421 2348 4465 loci
2369 4420 2764 4475 descriptionem
2790 4420 2989 4475 ignatio

520 4485 668 4537 misit
687 4484 869 4539 eodeni
887 4507 1059 4540 mense
1080 4496 1230 4548 Julio.
1253 4494 1356 4537 Res
1376 4501 1551 4539 tamen
1572 4494 1815 4537 effectum
1836 4504 1937 4536 non
1960 4499 2038 4536 est
2058 4491 2262 4542 sortita.
2286 4493 2406 4548 quia
2421 4527 2431 4547 ,
2456 4499 2511 4536 ut
2531 4493 2606 4536 ait
2626 4494 2732 4547 ipse
2755 4492 2988 4546 Ignatius

529 4564 608 4608 die
624 4566 679 4609 22
698 4566 940 4620 Augusti,
964 4568 1083 4611 licet
1102 4577 1195 4609 nec
1218 4564 1466 4611 societati
1491 4578 1583 4610 nec
1604 4566 1863 4621 Episcopo
1882 4565 2123 4609 voluntas
2144 4565 2364 4617 deesset,
2385 4564 2567 4623 deerat
2590 4570 2762 4608 tamen
2783 4565 2987 4619 utrique

530 4636 777 4691 facultas,
797 4637 869 4680 illi
890 4637 1093 4690 quidem
1123 4638 1393 4692 sociorum,
1424 4650 1551 4693 quos
1578 4638 1644 4682 ad
1667 4636 1956 4690 Collegium
1976 4636 2343 4681 instituendum
2374 4637 2424 4680 in
2453 4648 2613 4691 eoque
2646 4636 2988 4680 laborandum

528 4707 780 4759 mitteret,
799 4707 917 4751 huic
939 4719 1063 4752 vero
1082 4703 1355 4758 redituum.
1379 4721 1505 4764 quos
1524 4710 1589 4754 ad
1608 4709 1866 4753 sociorum
1886 4709 2316 4753 sustentationem
2338 4707 2638 4753 destinaret.
