3679 5414
683 463 794 521 :300
1588 461 1842 520 Cnnox.
1884 460 2034 519 Soc,
2078 461 2218 533 jes.

688 625 850 670 cum
907 605 1282 670 Sacerdos
1311 624 1452 669 non
1502 616 1719 684 esset,
1769 606 2055 668 omnino
2107 606 2425 669 confiteri
2470 608 2824 672 volebant.
2864 608 3142 670 Accidit

689 725 925 778 tamen
956 733 1039 777 eo
1083 726 1423 794 tempore,
1458 732 1595 793 quo
1625 713 1981 794 Cyperani
2012 715 2164 793 fuit,
2199 724 2275 777 ut
2315 716 2617 795 populus
2648 715 2763 777 ille
2801 732 2964 778 cum
3002 717 3141 778 alio

686 823 920 884 vicino
952 821 1441 899 contenderet,
1476 831 1542 884 et
1573 820 1939 901 cujusdam
1970 821 2303 901 oppidani
2335 821 2517 885 filius
2544 821 2671 884 fuit
2702 822 3136 900 interfectuS,

685 937 885 1009 pater
916 938 1150 991 autem
1181 925 1591 991 vulneratus
1623 929 1693 991 in
1723 928 2058 1007 oppidum
2089 946 2165 990 se
2205 929 2501 1008 recepit,
2552 938 2620 991 et
2663 929 2877 1008 aliqui
2917 930 3136 992 utrin-

683 1037 803 1116 qui
831 1036 1039 1115 capti.
1075 1035 1472 1099 Cardinalis
1502 1045 1769 1112 autem,
1805 1036 2147 1098 ducentos
2175 1036 2428 1099 milites
2476 1036 2846 1116 inducenS,
2890 1054 3137 1117 pacem

684 1160 936 1205 curare
966 1142 1313 1205 studebat.
1350 1142 1642 1205 Curavit
1683 1152 1918 1205 autem
1958 1141 2414 1206 Sebastianus
2451 1153 2526 1205 ut
2558 1144 2700 1216 ille,
2748 1144 2864 1223 qui
2898 1146 3136 1207 vulne·

684 1259 882 1313 ratus
947 1260 1133 1329 erat,
1196 1249 1646 1312 confiteretur
1701 1260 1768 1312 et
1833 1250 2417 1327 communicaret,
2490 1251 2676 1330 quod
2742 1262 3134 1330 opportune

681 1357 945 1419 factum
972 1356 1131 1434 fuit,
1165 1374 1324 1419 cum
1366 1356 1813 1436 postmodum
1854 1375 1941 1418 ex
1980 1358 2271 1419 vulnere
2310 1357 2715 1420 decesserit.
2759 1356 2957 1420 Haec
2988 1374 3139 1436 per-

681 1463 988 1526 turbatio
1045 1464 1326 1543 publica
1382 1464 1688 1526 fructum
1747 1463 2185 1542 spiritualem
2245 1481 2385 1525 non
2442 1481 2696 1542 parum
2750 1464 3137 1543 impedivit.

681 1568 860 1633 Cum
890 1580 1124 1633 autem
1158 1571 1318 1633 inde
1346 1571 1546 1632 brevi
1576 1588 1988 1633 recessurus
2014 1580 2201 1632 esset
2232 1579 2306 1632 ut
2346 1568 2646 1633 Romam
2683 1570 2973 1644 rediret,
3010 1587 3139 1633 nec

682 1677 936 1757 aliquis
963 1677 1414 1756 reperiretur,
1450 1695 1656 1756 quem
1687 1677 1817 1738 sibi
1849 1677 2272 1739 substituere
2304 1677 2373 1738 in
2400 1677 2721 1739 doctrina
2749 1677 3135 1740 christiana

681 1785 1083 1846 enarranda
1112 1794 1376 1864 posset,
1411 1784 1684 1863 redegit
1717 1785 1787 1845 in
1816 1784 2084 1863 scripta
2114 1784 2625 1864 expositionem
2650 1784 2991 1847 orationis
3020 1785 3136 1847 do·

680 1892 1013 1969 minicae,
1065 1892 1461 1971 symbolum
1513 1893 2037 1970 apostolorum,
2093 1900 2635 1970 praeceptorum
2685 1891 3006 1970 decalogi
3051 1909 3136 1954 ac

678 2008 1163 2079 peccatorum,
1218 1999 1469 2078 quibus
1515 1996 1832 2077 adjunxit
1887 1998 2023 2060 alia
2075 1999 2497 2061 documenta
2548 2009 2623 2061 ut
2675 1998 2760 2060 de
2811 1999 3139 2060 remediis

678 2115 1164 2185 peccatorum;
1207 2115 1275 2168 et
1314 2107 1489 2167 haec
1531 2105 1810 2184 reliquit
1851 2105 2342 2168 sacerdotibus
2391 2115 2467 2167 ut
2518 2106 2776 2168 Missae
2821 2115 3137 2184 tempore

680 2213 942 2292 aliquid
975 2213 1229 2275 horum
1258 2214 1516 2292 populo
1551 2213 1893 2291 legerent,
1940 2223 2006 2275 et
2051 2223 2195 2274 tam
2243 2212 2376 2292 ipsi
2418 2230 2628 2292 quam
2673 2213 2971 2291 populus
3017 2212 3135 2273 ali-

680 2319 847 2398 quid
878 2337 966 2381 ex
999 2320 1129 2397 his,
1166 2337 1345 2399 quae
1377 2320 1467 2381 ad
1498 2321 1796 2381 salutem
1835 2321 2220 2398 pertinent,
2256 2320 2359 2381 sic
2390 2319 2636 2381 melius
2665 2319 3129 2398 perciperent.

678 2425 853 2488 Cum
884 2436 1116 2489 autem
1143 2427 1517 2488 ecclesiam
1551 2425 1951 2489 Cardinalis
1983 2426 2172 2488 refici
2217 2435 2565 2502 curasset,
2602 2427 2878 2488 curavit
2918 2427 3130 2489 etiam

678 2541 749 2594 ut
779 2533 1309 2595 tabernaculum
1341 2543 1408 2595 et
1432 2533 1601 2608 alia,
1635 2533 1726 2594 ad
1767 2533 2160 2595 decentiam
2205 2531 2643 2595 Sanctissimi
2688 2532 3129 2595 Sacramenti

676 2640 1128 2719 pertinentia,
1164 2639 1701 2702 conficerentur.
1737 2639 1822 2701 Et
1867 2657 2027 2701 cum
2065 2639 2351 2720 quidam
2392 2640 2462 2701 in
2501 2639 2834 2720 oppidum
2876 2658 3125 2702 concu-

675 2746 912 2808 binam
943 2747 1417 2824 conduxisset,
1451 2748 1747 2809 obtinuit
1778 2756 1853 2809 ut
1883 2764 2040 2809 eam
2072 2747 2308 2809 statim
2344 2747 2744 2809 dimitteret.
2783 2748 3130 2825 Quoniam

677 2858 849 2917 ver'o
893 2863 1182 2932 propter
1213 2855 1499 2916 caedem
1540 2871 1825 2916 suorum
1878 2854 2183 2916 maxime
2215 2854 2551 2917 concitati
2582 2864 2815 2916 essent
2846 2856 3129 2935 oppida-

675 2979 927 3024 norum
958 2961 1173 3023 animi
1207 2971 1273 3022 et
1304 2959 1392 3021 ad
1423 2961 1810 3024 vindictam
1842 2962 2207 3041 propensi,
2241 2961 2671 3041 persuadere
2707 2961 2842 3024 illis
2872 2962 3134 3024 studuit

677 3079 748 3131 ut
789 3068 1073 3131 veniam
1119 3068 1418 3129 inimicis
1459 3067 1975 3146 condonarent,
2018 3077 2086 3130 et
2136 3068 2227 3129 ad
2280 3067 2799 3130 consessionem
2847 3070 3129 3132 accede-

681 3185 865 3253 rent,
919 3185 987 3236 et
1026 3174 1121 3236 illi
1164 3191 1436 3251 omneS,
1476 3191 1651 3253 quos
1692 3174 2041 3237 allocutus
2080 3183 2219 3251 est,
2274 3193 2349 3237 se
2405 3175 2474 3237 id
2514 3174 2831 3238 facturos
2879 3176 3131 3255 promi-

676 3293 917 3345 serunt
951 3281 989 3344 ¹.

793 3389 934 3452 3232.
1025 3389 1386 3467 Quaedam
1419 3389 1512 3451 ibi
1543 3389 2090 3451 confraternitas
2119 3399 2306 3465 erat,
2354 3389 2555 3470 cujus
2595 3391 2822 3452 bonae
2861 3390 3130 3452 institu-

676 3498 904 3560 tiones
955 3497 1025 3558 in
1071 3496 1598 3558 desuetudinem
1650 3504 1860 3575 atque
1904 3495 2327 3558 oblivionem
2367 3497 2724 3574 abierant,
2766 3513 2943 3575 quas
2975 3514 3131 3558 cum

677 3604 962 3683 legisset
1013 3602 1500 3679 Sebastianus,
1556 3601 1954 3664 confratres
1984 3602 2347 3665 admonuit
2378 3612 2445 3664 et
2476 3603 2565 3664 ad
2597 3620 2719 3665 eas
2756 3604 3125 3666 observan-

675 3712 804 3773 das
834 3712 1156 3797 hortatus
1199 3720 1336 3788 est;
1387 3711 1567 3772 inter
1607 3726 1782 3789 quas
1824 3718 1977 3771 erat
2017 3708 2367 3772 confessio
2421 3710 2632 3772 certis
2676 3711 3126 3790 temporibus;

679 3836 922 3880 omnes
976 3826 1214 3880 autem
1266 3817 1741 3898 promiserunt
1785 3834 1860 3878 se
1913 3816 1981 3878 id
2027 3816 2364 3879 facturos.
2416 3817 2874 3896 Rogaverunt
2919 3817 3131 3879 etiam

678 3938 748 3988 ut
780 3925 1433 3989 confraternitatem
1462 3942 1620 3986 eam
1651 3924 1957 4003 dirigere
1989 3925 2233 4003 vellet,
2283 3941 2442 3987 cum
2486 3923 2856 3986 reformari
2901 3925 3134 4004 parati

678 4043 932 4096 essent.
968 4033 1145 4095 Fere
1171 4032 1352 4094 idem
1381 4031 1638 4094 accidit
1669 4032 1787 4093 alii
1819 4014 2389 4093 confraternitati'
2422 4031 2550 4092 sub
2580 4031 2861 4093 nomine
2891 4030 3133 4094 Sancti

679 4140 922 4203 Rochi.
979 4130 1135 4201 Non
1185 4139 1392 4218 pauci
1445 4156 1533 4200 ex
1585 4136 1734 4217 eJus
1784 4138 2152 4217 colloquiis
2193 4137 2280 4199 ad
2333 4137 2524 4199 vitae
2575 4154 2745 4200 suae
2788 4138 3133 4200 rationem

681 4257 873 4311 recte
901 4245 1401 4309 instituendam
1437 4246 1602 4308 moti
1636 4254 1818 4306 sunt.
1855 4245 2031 4307 Cum
2060 4254 2298 4307 tamen
2327 4244 2477 4324 ipse
2507 4244 2985 4307 confessiones
3014 4262 3131 4306 au-

679 4356 829 4418 dire
879 4372 1021 4418 non
1070 4362 1337 4433 posset,
1384 4353 1636 4415 messis
1679 4351 1807 4413 fuit
1852 4352 2083 4414 minus
2122 4352 2443 4431 copiosa,
2498 4352 2823 4430 quamvis
2860 4361 2933 4413 ut
2978 4351 3133 4413 aliis

763 4634 776 4665 Ι
837 4632 902 4674 V.
924 4644 1077 4686 supra
1102 4634 1194 4674 hoc
1217 4643 1350 4674 anno
1371 4630 1500 4679 1552,
1523 4641 1570 4671 n.
1592 4630 1667 4680 34,
1693 4640 1810 4683 pag.
1833 4629 1936 4675 ⁴28.
1970 4627 2151 4681 quibus
2183 4629 2534 4681 conjungenda
2568 4636 2710 4670 carto
2740 4627 2980 4670 videntur
3000 4639 3129 4682 quae

681 4706 762 4747 hic
784 4712 834 4747 ct
853 4716 986 4746 num.
1012 4704 1241 4757 sequenti
1263 4711 1560 4746 narrantur.
