3679 5414
761 465 874 524 626
1697 464 1951 524 Cimon.
1993 464 2148 524 Soc.
2190 465 2330 538 Jas,

763 611 851 673 Et
893 611 1314 674 cernebatur
1359 609 1632 673 fructus
1672 609 1849 672 satis
1889 609 2182 673 evidens
2230 610 2302 672 in
2340 610 2533 673 vitae
2571 609 3104 690 reformatione,
3155 614 3225 677 in

761 718 1354 796 restitutionibuS,
1399 718 1471 780 in
1521 716 1799 797 pompis
1836 717 2320 780 saecularibus
2357 717 2857 797 relinquendiS,
2904 719 3118 782 immo
3156 731 3225 784 et

759 826 962 887 multi
1001 825 1164 887 huic
1221 827 1507 887 saeculo
1548 824 2077 903 valedixerunt,
2138 842 2229 887 ex
2268 824 2520 903 quibus
2558 826 2956 905 complures
2993 825 3222 889 Socie-

758 940 976 994 tatem
1005 941 1328 994 nostram
1350 930 1656 1010 ingressi
1684 939 1944 1008 essent,
1980 930 2167 1010 quod
2211 930 2301 993 ad
2341 930 2656 1010 ipsorum
2697 930 3028 996 affectum
3068 935 3223 997 atti-

756 1038 1005 1116 nebat;
1037 1038 1185 1117 sed,
1220 1038 1386 1117 quia
1417 1036 1758 1100 illitterati
1786 1045 2022 1116 erant,
2056 1036 2350 1099 admissi
2377 1054 2521 1099 non
2550 1037 2833 1100 fuerunt
2881 1038 2921 1097 ¹.

873 1144 1015 1207 481.
1103 1143 1293 1207 Inter
1325 1154 1632 1224 caetera,
1676 1160 1858 1224 quae
1904 1160 2245 1223 prospere
2284 1144 2792 1223 succedebant,
2826 1145 2993 1224 hoe,
3037 1147 3221 1225 quod

749 1252 897 1332 jam
929 1252 1248 1331 subdam,
1283 1252 1574 1329 accidit,
1608 1252 1797 1331 quod
1826 1260 2111 1313 nostros
2138 1268 2284 1313 non
2306 1251 2532 1314 solum
2560 1269 2704 1314 non
2733 1251 3071 1315 deterruit
3100 1254 3222 1316 sed

756 1360 990 1439 potius
1020 1361 1112 1423 ad
1142 1378 1264 1423 eos
1295 1359 1713 1422 animandos
1742 1367 1811 1421 et
1851 1358 2326 1421 consolandos
2366 1359 2663 1421 multum
2700 1359 2947 1422 valuit.
2979 1359 3224 1424 Abbas

752 1466 992 1547 oppidi
1043 1465 1603 1546 Methymnensis
1651 1465 1799 1542 (hic
1843 1465 2177 1545 Episcopi
2214 1465 2445 1528 vicem
2485 1464 2937 1546 Methymnae
2975 1466 3222 1548 Campi

751 1574 1063 1653 supplet)
1096 1575 1251 1653 ipso
1294 1573 1405 1635 die
1445 1572 1531 1634 D.
1587 1571 1893 1634 Martino
1943 1589 2151 1635 sacro
2201 1571 2390 1634 misit
2432 1572 2787 1635 notarium
2836 1583 2914 1636 ut
2962 1575 3222 1638 nostris

752 1681 1064 1744 edictum
1102 1681 1456 1762 quoddam
1497 1680 1718 1759 ipsius
1756 1679 2224 1759 significaret,
2278 1696 2417 1758 quo
2466 1679 2884 1759 prohibebat
2926 1699 3015 1744 ne
3065 1683 3223 1762 quis

754 1798 1161 1852 nostrorum
1190 1788 1676 1851 consessiones
1707 1788 1953 1850 audire
1983 1797 2104 1849 aut
2126 1787 2537 1850 concionari
2562 1788 2634 1850 in
2656 1789 2975 1851 ecclesiis
3004 1799 3126 1852 aut
3150 1791 3219 1853 in

753 1897 1007 1975 plateis
1040 1906 1162 1959 aut
1192 1897 1332 1958 alio
1364 1895 1598 1974 aliquo
1629 1894 1785 1956 loco
1816 1893 2138 1973 auderet,
2173 1894 2311 1956 nisi
2339 1895 2535 1974 prius
2565 1896 2655 1957 ab
2676 1896 2830 1975 ipso
2863 1896 3216 1959 examina·

750 2015 866 2065 tus
916 2011 1122 2066 esset.
1178 2002 1514 2065 Notarius
1560 2010 1796 2063 autem
1834 2001 2173 2064 sacellum
2219 2001 2514 2081 Collegii
2562 2004 2786 2065 nostri
2829 2004 3213 2083 ingressus,

752 2128 915 2173 cum
942 2112 1077 2174 hoc
1108 2111 1415 2173 edictum
1447 2109 1728 2172 cuidam
1766 2107 2167 2187 Sacerdoti,
2216 2109 2335 2188 qui
2374 2126 2655 2171 sacrum
2696 2119 2863 2173 tunc
2904 2112 3217 2174 absolve-

747 2227 883 2297 rat,
918 2218 1249 2295 dedisset,
1298 2218 1535 2280 statim
1566 2216 1882 2279 recessit.
1927 2214 2002 2279 Ρ.
2053 2233 2226 2295 ergo
2266 2215 2663 2279 Sevillanus
2704 2235 2864 2281 cum
2914 2218 3223 2281 Doctore

749 2325 1039 2388 Castillo
1064 2325 1156 2388 ad
1179 2324 1528 2387 Abbatem
1551 2340 1627 2385 se
1652 2321 2026 2385 conferunt
2049 2332 2126 2385 ut
2149 2322 2315 2403 quid
2340 2323 2473 2385 sibi
2494 2324 2706 2386 vellet
2724 2324 3217 2403 intelligerent,

744 2449 909 2494 nam
952 2450 1042 2494 ex
1092 2449 1230 2511 quo
1274 2428 1762 2510 Methymnam
1804 2438 2132 2507 venerat,
2178 2430 2411 2509 ipsum
2461 2429 2546 2492 de
2593 2431 2802 2493 rebus
2842 2429 3220 2494 Societatis

746 2546 1033 2600 nostrae
1064 2537 1448 2600 informare
1478 2537 1877 2615 voluerant,
1904 2546 1973 2599 et
2001 2537 2152 2615 ipse
2176 2535 2323 2616 jam
2354 2536 2626 2599 litteras
2656 2539 3089 2617 apostolicas
3119 2538 3222 2602 vi·

744 2645 980 2723 derat,
1015 2653 1084 2707 et
1113 2662 1274 2707 cum
1316 2644 1540 2724 ipsius
1579 2643 2067 2706 benedictione
2097 2644 2233 2706 illis
2273 2644 2382 2706 usi
2422 2643 2721 2707 fuerant.
2756 2643 2978 2709 Simul
3006 2655 3217 2727 atque

744 2761 982 2815 autem
1011 2752 1085 2830 in
1114 2750 1264 2831 ejus
1288 2762 1747 2831 conspectum
1775 2760 2146 2831 venerunt,
2180 2751 2354 2814 nihil
2384 2751 2628 2815 audire
2652 2753 2926 2832 volenS,
2954 2771 3213 2834 magna

744 2877 906 2922 cum
936 2860 1043 2921 ira
1074 2859 1305 2939 coepit
1337 2876 1459 2922 eos
1487 2861 1801 2921 latrones
1839 2866 1910 2920 et
1953 2857 2362 2920 seductores
2403 2859 2758 2938 appellare
2798 2868 2868 2922 et
2907 2860 3063 2922 aliis
3092 2861 3211 2923 hu-

737 2966 1044 3047 jusmodi
1074 2966 1418 3029 conviciis
1447 2983 1572 3028 eos
1603 2982 1924 3044 onerare,
1959 2982 2045 3027 ac
2074 2965 2314 3027 statim
2348 2965 2495 3027 suis
2534 2964 2837 3045 injunxit
2866 2975 2943 3029 ut
2971 2985 3093 3030 eos
3121 2967 3212 3029 ad

741 3092 1105 3137 carcerem
1124 3083 1193 3137 et
1209 3073 1585 3154 compedes
1603 3072 2054 3135 deducerent.
2082 3071 2281 3134 Dixit
2303 3080 2472 3134 tunc
2487 3071 2747 3135 Rector
2771 3082 2847 3136 ut
2869 3092 2945 3136 se
2969 3074 3210 3137 audire

743 3182 1189 3260 dignaretur,
1245 3178 1816 3261 quandoquidem
1865 3179 2137 3241 litteras
2190 3179 2619 3258 apostolicas
2667 3179 2948 3243 viderat
2986 3191 3056 3243 et
3090 3199 3207 3243 no-

741 3298 964 3352 stram
1000 3288 1429 3352 Societatem
1465 3305 1506 3348 a
1549 3284 1729 3349 Sede
1771 3285 2186 3365 Apostolica
2227 3286 2714 3349 confirmatam
2749 3287 3038 3350 sciebat.
3081 3287 3206 3351 Re-

739 3396 1025 3475 spondit
1054 3396 1201 3458 ille:
1235 3402 1519 3457 vestrae
1568 3393 1800 3455 bullae
1850 3403 2013 3455 sunt
2064 3394 2516 3472 deceptiones
2566 3402 2635 3456 et
2670 3396 2939 3457 scelera
2970 3407 3039 3458 et
3068 3414 3207 3459 non

738 3504 992 3582 bullae,
1026 3513 1096 3565 et
1135 3511 1212 3565 ut
1254 3501 1461 3563 factis
1489 3501 1713 3562 verba
1744 3501 2224 3580 comitaretur,
2268 3502 2618 3580 baculum,
2653 3518 2860 3581 quem
2891 3503 2963 3565 in
2993 3521 3208 3566 manu

737 3610 1063 3688 habebat,
1098 3609 1171 3672 in
1197 3608 1393 3671 illum
1427 3607 1714 3669 libravit
1742 3617 2045 3687 utroque
2074 3609 2392 3686 brachio;
2438 3610 2619 3672 ictus
2649 3620 2890 3673 tamen
2927 3611 3203 3674 aberra-

737 3717 862 3795 vit,
897 3717 1086 3795 quod
1115 3732 1246 3795 pro
1280 3714 1700 3777 detrimento
1739 3732 1882 3776 non
1917 3715 2177 3792 exiguo
2210 3715 2285 3777 P.
2319 3714 2717 3779 Sevillanus
2747 3716 3014 3780 habuit.
3050 3718 3205 3780 Non

736 3834 972 3886 tamen
1002 3823 1151 3886 sine
1184 3823 1418 3901 aliqua
1442 3822 1817 3884 occasione
1847 3822 2207 3900 gaudendi
2241 3834 2721 3903 recesserunt-3
2764 3842 2925 3887 cum
2965 3825 3203 3888 statim

735 3931 979 3993 famuli
1008 3929 1309 3992 Abbatis
1339 3945 1590 3990 manus
1614 3929 1685 3991 in
1710 3928 1904 4008 ipsos
1926 3927 2295 4008 injecerint
2318 3939 2387 3991 et
2410 3930 2481 3991 in
2506 3947 2867 3993 carcerem
2892 3932 3202 3994 detruse-

732 4039 893 4118 rint,
927 4038 1048 4100 ubi
1077 4037 1358 4099 fuerunt
1407 4044 1554 4097 toto
1596 4053 1679 4096 eo
1708 4034 1821 4097 die
1861 4052 1903 4096 a
1945 4053 2152 4097 mane
2194 4052 2414 4115 usque
2459 4037 2550 4098 ad
2594 4054 3202 4118 vesperam;-nam

730 4162 893 4207 cum
922 4143 1384 4207 intellexisset
1414 4142 1670 4220 aliquis
1700 4160 1789 4204 ex
1819 4142 2072 4205 amicis
2102 4143 2289 4223 quod
2311 4142 2578 4206 factum
2600 4153 2777 4222 erat,
2806 4145 2895 4207 ab
2919 4144 3200 4208 Abbate

729 4253 1139 4331 impetravit
1167 4258 1243 4312 ut
1272 4267 1395 4312 eos
1425 4249 1829 4312 dimitteret.
1867 4249 2071 4328 Quod
2117 4267 2278 4312 cum
2319 4249 2604 4329 faceret,
2651 4251 2857 4313 simul
2899 4250 3201 4331 injunxit

729 4376 817 4420 ne
850 4358 1264 4438 cujusquam
1304 4355 1821 4419 confessionem
1864 4357 2190 4419 audirent
2234 4367 2356 4419 aut
2400 4358 3020 4437 concionarentur,
3062 4359 3197 4421 nisi

806 4563 822 4594 ¹
879 4563 1158 4612 Polancus,
1179 4572 1245 4604 ex
1265 4571 1426 4611 com„
1459 4561 1611 4604 fratri
1650 4560 1930 4614 Sevillano,
1962 4560 2220 4616 Ignatium
2255 4563 2389 4604 velle
2425 4569 2480 4605 ut
2515 4562 2875 4606 humaniorum
2897 4565 3194 4607 litterarum

719 4634 924 4677 scholas
945 4633 1272 4688 Methymnae
1296 4629 1570 4675 instituant
1588 4665 1598 4685 ,
1623 4633 1718 4676 etsi
1744 4644 1871 4687 prae
1892 4634 2140 4676 lectorum
2164 4633 2382 4688 penuria
2412 4635 2602 4676 artium
2626 4636 2936 4679 curriculum
2958 4636 3021 4679 sit
3046 4635 3196 4678 omit-

720 4705 942 4758 tendum,
970 4707 988 4747 1
1015 4704 1357 4758 Septembris.
