3679 5414
716 477 836 538 350·
1626 476 1882 538 Canon.
1924 476 2077 538 Soc.
2119 477 2258 551 JES.

720 643 843 688 sae
873 623 1301 687 sacrificium
1329 624 1713 702 celebrent,
1748 623 2071 704 spiritum
2103 624 2417 704 ipsarum
2446 622 2766 705 foveant,
2810 636 2878 689 et
2920 626 2994 690 in
3037 626 3179 690 Do·

717 732 909 794 mino
953 748 1076 794 eas
1115 732 1588 794 consolentur.
1631 731 1742 794 Ex
1775 729 2038 793 nostris
2076 730 2290 794 etiam
2329 731 2545 811 aliqui
2593 732 3047 797 mittebantur
3090 736 3183 801 ad

718 837 1202 902 consessiones
1252 854 1495 901 earum
1534 835 1923 900 audiendas
1938 817 1964 916 ;’
2001 846 2071 900 et
2108 837 2373 901 eisdem
2410 838 2817 917 prospicere
2855 849 2932 903 ut
2969 841 3178 905 hone·

714 954 902 1009 stum
943 947 1135 1010 vitae
1177 954 1440 1009 statum
1490 953 1934 1008 assumerent
1984 945 2390 1008 curabatur.
2434 938 2901 1009 Affirmabant
2939 957 3178 1013 autem

712 1052 851 1116 duo
882 1054 999 1116 vel
1027 1063 1172 1116 tres
1202 1052 1340 1116 viri
1367 1052 1670 1131 nobileS,
1703 1052 1822 1133 qui
1852 1069 2015 1115 cum
2043 1051 2316 1115 duobus
2345 1052 2503 1115 aliis
2540 1053 2800 1116 nostris
2837 1053 3181 1118 fratribus

708 1159 786 1225 P.
821 1160 1168 1224 Mironem
1203 1168 1407 1223 erant
1446 1159 1796 1238 comitati,
1838 1159 2028 1239 quod
2063 1158 2200 1221 nisi
2241 1168 2387 1221 tres
2425 1159 2863 1224 inveteratae
2902 1161 3175 1226 dierum

710 1269 1058 1331 malorum
1088 1267 1501 1331 meretrices
1530 1268 1707 1330 alias
1736 1285 1878 1330 non
1908 1266 2360 1330 retinuissent
2388 1266 2462 1330 in
2491 1268 2639 1330 suis
2667 1269 3001 1348 peccatis,
3035 1286 3173 1332 me-

706 1375 824 1438 dia
853 1393 1023 1456 pars
1052 1392 1296 1438 earum
1327 1376 1417 1439 ad
1447 1373 1829 1438 Dominum
1859 1374 2107 1438 fuisset
2135 1392 2514 1454 conversa,
2550 1393 2713 1439 cum
2742 1391 3177 1457 magnopere

706 1491 1103 1546 commotae
1132 1483 1354 1546 verbo
1385 1482 1672 1547 Domini
1699 1481 2020 1545 fuissent.
2142 1470 2149 1475 ’

825 1588 966 1652 380.
1054 1588 1354 1653 Decima
1386 1598 1639 1670 quarta
1666 1588 1832 1671 Julii
1864 1590 2138 1670 accepit
2166 1589 2243 1653 P.
2283 1588 2592 1672 Jacobus
2631 1587 2861 1652 Miron
2896 1590 3172 1653 litteras

705 1713 746 1757 a
777 1694 854 1759 P.
889 1696 1167 1775 Ignatio
1207 1697 1542 1777 scriptaS,
1583 1696 1836 1777 quibus
1875 1697 1940 1759 ei
1982 1695 2394 1776 injungebat
2430 1706 2507 1760 ut
2547 1698 2618 1760 in
2659 1696 3169 1776 Portugalliam

701 1822 777 1866 se
807 1803 1162 1867 conferret
1193 1803 1283 1867 ad
1313 1823 1398 1867 ea
1421 1802 1798 1868 Societatis
1827 1804 2114 1883 negotia
2142 1805 2539 1883 tractanda,
2565 1805 2652 1867 de
2675 1804 2926 1885 quibus
2954 1805 3169 1885 paulo

701 1910 998 1974 inferius
1027 1921 1311 1991 agetur;
1345 1921 1415 1975 et
1456 1912 1570 1973 ille
1609 1912 1893 1992 quidem
1930 1912 2535 1992 promptissimum
2576 1912 2817 1974 statim
2854 1930 2931 1974 se
2973 1912 3165 1974 exhi-

699 2018 848 2080 buit
879 2017 970 2081 ad
1002 2018 1475 2082 obedientiam
1514 2017 1588 2081 P.
1637 2018 1895 2098 Ignatii
1934 2018 2148 2082 immo
2188 2028 2257 2082 et
2300 2017 2571 2082 Summi
2611 2018 3002 2098 PontificiS,
3046 2018 3165 2099 qui

695 2123 766 2186 id
806 2126 1020 2188 etiam
1051 2125 1182 2188 sibi
1204 2134 1492 2203 gratum
1524 2124 2087 2205 significaverat,
2122 2126 2665 2205 exsequendam.
2694 2125 3167 2189 Existimabat

697 2241 937 2295 autem
967 2233 1117 2313 ipse
1147 2231 1515 2312 perutilem
1544 2231 1696 2294 fore
1725 2230 1801 2294 P.
1835 2231 2350 2312 Hieronymum
2388 2231 2801 2295 Domenech
2839 2233 2910 2294 in
2948 2249 3033 2295 ea
3072 2232 3161 2295 ci·

698 2333 954 2417 vitate,
991 2340 1051 2402 si
1082 2340 1231 2419 ipse
1262 2338 1685 2416 discederet,
1718 2339 1978 2418 partim
2016 2348 2092 2401 ut
2128 2339 2263 2419 ipsi
2306 2339 2578 2402 civitati
2615 2339 2873 2419 partim
2916 2348 2994 2402 ut
3030 2338 3163 2401 Ar-

698 2445 1157 2525 chiepiscopo
1187 2444 1594 2525 satisfieret,
1629 2446 1749 2526 qui
1781 2461 1995 2525 aegre
2025 2445 2405 2509 admodum
2432 2447 2705 2508 laturus
2744 2444 2820 2508 P.
2864 2446 3163 2509 Mironis

695 2569 1056 2616 recessum
1085 2552 1482 2631 videbatur;
1517 2553 1577 2615 si
1606 2562 1847 2616 tamen
1876 2551 1950 2615 P.
1984 2552 2463 2633 Hieronymus
2490 2552 2584 2615 ibi
2613 2562 2961 2632 maneret,
2998 2571 3158 2616 con-

693 2668 1111 2724 servaturus
1160 2660 1378 2724 animi
1428 2660 1536 2724 sui
1585 2659 2149 2723 benevolentiam
2200 2669 2268 2723 et
2323 2660 2534 2723 rebus
2583 2657 2959 2724 Societatis
3001 2677 3159 2741 pro-

695 2768 1063 2830 movendis
1104 2768 1292 2831 bona
1348 2768 1697 2831 desideria
1748 2785 1929 2848 quae
1980 2776 2406 2848 conceperat
2457 2776 2921 2831 exsecuturus
2969 2768 3157 2832 vide-

691 2874 924 2937 batur.
977 2874 1092 2938 Sic
1143 2875 1356 2938 etiam
1405 2874 1480 2938 P.
1536 2874 2016 2954 Hieronymus
2057 2875 2469 2938 Domenech
2512 2875 2886 2953 sentiebat,
2937 2876 2998 2938 si
3034 2875 3159 2939 hu-

691 2999 901 3044 mana
943 2983 1126 3045 ratio
1166 2991 1631 3062 spectaretur,
1677 2982 1850 3046 nihil
1899 2982 2223 3046 accidere
2273 2983 2588 3063 potuisse
2626 2983 2855 3061 magis
2894 2984 3154 3046 incom-

688 3090 978 3152 modum
1029 3089 1129 3153 illi
1177 3088 1495 3169 Collegio
1546 3106 1760 3170 quam
1812 3106 1902 3152 ex
1942 3106 2026 3151 eo
2069 3087 2145 3152 P.
2187 3089 2537 3152 Mironem
2575 3107 2968 3152 removere.
3017 3090 3159 3172 Ipsi

688 3206 925 3261 autem
957 3197 1394 3278 Hieronymo
1425 3197 1640 3261 etiam
1670 3197 2111 3260 scribebatur
2150 3197 2336 3270 utin
2366 3195 2679 3260 Siciliam
2709 3197 3003 3277 rediret,
3038 3215 3152 3260 ne-

684 3305 904 3381 gotiis
934 3305 1275 3368 absolutis
1296 3314 1583 3385 propter
1608 3322 1788 3385 quae
1810 3312 2130 3383 venerat,
2158 3302 2459 3366 Romam
2481 3312 2718 3366 tamen
2741 3305 2938 3384 prius
2960 3305 3154 3367 veni·

685 3420 824 3491 ret;
868 3411 993 3475 sed
1033 3429 1298 3492 negare
1339 3413 1552 3476 etiam
1594 3413 1743 3493 ipse
1780 3429 1926 3475 non
1963 3420 2275 3492 poterat,
2321 3409 2694 3475 recedente
2733 3411 2808 3475 P.
2852 3412 3149 3490 Mirone,

684 3535 887 3581 suam
927 3519 1020 3581 ibi
1057 3520 1536 3600 praesentiam
1578 3537 1733 3582 esse
1782 3518 2295 3595 necessariam,
2342 3536 2505 3581 cum
2552 3518 2969 3599 praesertim
3019 3537 3152 3582 nec

682 3623 1045 3705 Pro-regis
1075 3626 1437 3704 negotium
1467 3625 1872 3705 expeditum
1901 3633 2117 3703 esset,
2160 3642 2290 3687 nec
2330 3625 2502 3688 illud
2541 3625 2783 3703 etiam,
2825 3625 3012 3704 quod
3058 3625 3148 3691 ad

683 3731 1079 3813 Collegium
1112 3733 1475 3796 attinebat.
1504 3729 1643 3794 Sed
1674 3730 1822 3812 ejus
1854 3740 2080 3812 pater,
2114 3729 2366 3799 Petrus
2395 3730 2832 3810 Domenech,
2868 3731 2986 3811 qui
3010 3732 3145 3794 fru-

681 3849 875 3903 ctum
904 3840 1273 3919 egregium
1302 3858 1393 3903 ex
1421 3856 1640 3920 opera
1662 3838 1736 3902 P.
1765 3836 2063 3901 Mironis
2092 3837 2597 3919 procedentem
2625 3837 3143 3914 considerabat,

679 3956 750 4010 et
789 3947 881 4010 ad
919 3947 1215 4027 Collegii
1258 3946 1742 4009 fundationem
1786 3956 1858 4008 et
1907 3954 2400 4024 augmentum,
2444 3945 2629 4025 quod
2667 3953 2959 4007 eatenus
2997 3943 3149 4024 eJus

678 4053 1015 4134 impensis
1039 4055 1378 4132 alebatur,
1408 4053 1559 4134 ejus
1584 4070 1877 4133 operam
1898 4052 2378 4116 necessariam
2400 4069 2557 4114 esse
2579 4052 2943 4130 censebat,
2985 4069 3145 4114 con-

678 4161 1106 4223 solationem
1134 4161 1258 4222 vix
1290 4160 1662 4223 admittere
1689 4168 1970 4240 poterat
2004 4156 2045 4218 ¹.

756 4365 773 4399 ¹
830 4363 1024 4418 Ignatii
1045 4367 1284 4418 patentes
1305 4362 1515 4407 litterae
1531 4395 1542 4415 ,
1566 4364 1747 4417 quibus
1769 4363 1980 4408 Patrem
2001 4364 2248 4416 jacobum
2269 4362 2517 4408 Mironem
2533 4362 2585 4406 ln
2604 4360 2803 4406 virtute
2823 4363 3145 4406 obedieutiae

668 4438 816 4491 jubet
837 4437 887 4481 in
909 4437 1287 4491 Portugamam
1306 4434 1561 4490 proficisci
1582 4435 1718 4479 intra
1740 4437 1918 4479 decem
1940 4436 2047 4480 dies
2062 4442 2177 4491 post
2199 4436 2406 4479 litteras
2424 4440 2697 4489 acceptas,
2719 4435 2736 4477 1
2761 4433 2916 4487 Junii.
2938 4434 3048 4478 Has
3068 4434 3146 4478 ut-

673 4517 814 4552 teras
834 4508 1219 4551 comitabantur
1234 4507 1386 4559 aliae,
1410 4506 1594 4561 quibus
1615 4506 1793 4550 decem
1809 4506 2008 4550 dierum
2028 4507 2253 4561 spatium
2269 4508 2334 4550 ad
2355 4507 2646 4561 quindecim
2665 4537 2677 4557 ,
2695 4507 2739 4550 si
2761 4517 2971 4549 necesse
2992 4506 3145 4556 foret.

667 4579 1072 4631 extendebatur;
1095 4588 1147 4622 et
1167 4579 1300 4622 aliae
1317 4611 1328 4632 ,
1351 4579 1534 4632 quibus
1552 4578 1615 4621 de
1636 4578 1699 4622 iis
1714 4611 1724 4631 ,
1747 4590 1879 4632 quae
1902 4579 1953 4623 in
1974 4579 2302 4633 Portngania
2320 4589 2480 4633 agere
2497 4578 2719 4623 debebat
2739 4611 2749 4631 ,
2771 4590 2887 4622 eum
2907 4577 3143 4633 Ignatius

671 4651 935 4695 edocebat.
972 4651 1244 4705 Polaticus,
1277 4662 1342 4693 ex
1375 4661 1526 4702 com„
1558 4649 1874 4705 Hieronymo
1907 4649 2220 4705 Domenech,
2251 4658 2307 4695 ut
2336 4652 2387 4695 in
2422 4650 2649 4696 Siciliam
2680 4651 2885 4695 rediens
2921 4650 3138 4696 Romam

671 4722 849 4766 veniat
864 4754 875 4776 ,
901 4723 918 4765 1
944 4713 1096 4773 Junii.
