3679 5414
1534 479 1541 486 ·
1634 451 1760 509 Ax.
1806 453 1944 510 1550
2943 456 3016 516 87

548 605 861 656 mentem
889 594 1252 673 veniebat3
1289 594 1415 657 sed
1444 611 1607 657 cum
1647 595 1996 674 coepisset
2039 595 2350 658 sedendo
2383 597 2607 676 loqui,
2657 598 2847 661 dedit
2877 600 3013 663 Do-

547 701 782 763 minus
810 701 1121 780 gratiam
1150 710 1225 763 ut
1253 710 1401 764 tam
1432 703 1752 781 apposite
1783 701 2200 781 fungeretur
2228 720 2312 790 eo
2343 720 2665 783 munere,
2701 716 2777 767 ut
2817 708 3016 770 multi

545 824 945 870 sermonem
974 809 1169 871 illum
1189 809 1716 889 exscripserint.
1744 807 1822 870 In
1844 808 2152 889 quodam
2173 809 2390 871 etiam
2414 813 2843 875 monasterio
2866 832 3015 876 car-

546 914 888 977 thusiensi
939 916 1120 977 mira
1161 916 1246 977 de
1297 914 1652 979 Societate
1700 925 1949 978 nostra
1992 933 2116 995 per
2167 917 2677 980 revelationem
2734 920 3019 999 quidam

548 1021 884 1083 monachi
930 1021 1361 1099 referebant,
1418 1039 1598 1101 quae
1637 1031 1877 1084 tamen
1919 1041 2008 1085 ex
2057 1031 2259 1102 parte
2299 1041 2340 1086 a
2379 1023 2457 1085 P.
2507 1023 2826 1088 Adriano
2876 1045 3020 1089 non

547 1129 1053 1207 probabantur.
1108 1128 1502 1208 Quemdam
1551 1138 2023 1192 mercatorem
2073 1129 2146 1191 in
2200 1131 2534 1193 extremis
2593 1142 2926 1211 agentem
2974 1152 3018 1196 a

547 1245 838 1316 pastore
869 1236 1092 1315 ipsius
1122 1236 1499 1315 instigatus
1527 1252 1656 1316 per
1686 1236 2204 1299 confessionem
2245 1235 2546 1316 adjuvit,
2581 1248 2650 1301 et
2689 1248 2765 1301 ut
2804 1240 3019 1320 aliqui

548 1343 949 1405 Lovanium
990 1330 1083 1405 ad
1134 1342 1472 1406 exercitia
1514 1343 1933 1423 excipienda
1983 1343 2337 1422 venirent,
2384 1347 2736 1407 convenit.
2791 1346 3016 1409 Lova-

547 1450 743 1511 nium
772 1450 1009 1530 itaque
1051 1467 1213 1512 cum
1249 1450 1857 1531 fructupercepto
1901 1449 2211 1529 redienS,
2253 1468 2558 1514 messem
2588 1452 2682 1514 ibi
2721 1462 2868 1515 tam
2907 1472 3019 1516 co·

550 1558 829 1636 piosam
868 1557 1163 1636 reperit,
1210 1565 1287 1619 ut
1326 1576 1369 1619 a
1410 1558 1638 1637 primo
1678 1574 1887 1620 mane
1925 1574 2149 1636 usque
2195 1557 2285 1619 ad
2324 1558 2691 1621 meridiem
2740 1568 2808 1621 et
2857 1560 3018 1622 inde

548 1681 770 1742 usque
802 1662 892 1725 ad
921 1681 1299 1743 vesperam
1325 1664 1451 1726 vix
1484 1663 1622 1726 duo
1654 1672 1776 1726 aut
1807 1672 1954 1726 tres
1987 1663 2404 1726 confessarii
2433 1664 2853 1728 sufficerent.

669 1769 809 1833 205.
901 1770 1384 1833 Cancellarius
1439 1770 1912 1832 Lovaniensis
1968 1768 2396 1833 Societatem
2446 1781 2766 1834 nostram
2825 1771 3015 1834 omni

544 1877 791 1939 studio
820 1877 1128 1940 fovebat.
1166 1876 1345 1940 Cum
1375 1877 1461 1939 de
1500 1877 1910 1955 quotidiana
1951 1877 2447 1940 communione
2490 1876 2776 1940 Patrem
2818 1877 3016 1957 Igna·

550 1984 725 2046 tium
757 1985 1259 2062 consuluisset,
1295 1984 1771 2063 significatum
1800 1993 1907 2047 est
1929 1983 2004 2046 P.
2041 1984 2392 2063 Ignatium
2417 1986 2632 2047 semel
2663 1986 2734 2047 in
2764 1985 3020 2048 hebdo-

546 2090 756 2153 mada
817 2090 1383 2153 communionem
1429 2090 1765 2153 fratribus
1821 2090 2022 2153 laicis
2081 2091 2491 2153 concedere.
2555 2090 2729 2154 Cum
2781 2100 3016 2154 autem

544 2198 889 2276 scriptum
918 2207 1105 2261 esset
1137 2197 1212 2260 P.
1261 2197 1580 2260 Adriano
1624 2215 1717 2260 an
1746 2198 1836 2259 ad
1872 2197 2386 2276 professionem
2414 2198 2869 2261 emittendam
2897 2216 3018 2278 pa·

543 2313 744 2393 ratus
785 2313 1001 2383 esset,
1046 2304 1413 2383 indignum
1452 2303 1734 2384 quidem
1774 2322 1851 2366 se
1889 2320 2321 2382 agnoscenS,
2365 2304 2490 2366 sed
2531 2323 2658 2384 per
2706 2305 3015 2384 gratiam

544 2411 862 2489 admisit,
897 2419 967 2473 et
998 2412 1089 2474 ad
1118 2410 1253 2473 Dei
1283 2411 1624 2473 honorem
1661 2410 1812 2473 fore
1846 2411 1908 2472 si
1945 2411 2017 2472 in
2062 2410 2384 2473 manibus
2413 2410 2835 2474 Cancellarii
2857 2428 3016 2474 eam

547 2519 930 2593 emitteret,
966 2518 1247 2599 scripsit
1281 2515 1320 2580 ¹.
2716 2500 2722 2505 ⁴

672 2624 812 2687 206.
901 2624 1192 2688 Parisiis
1222 2627 1355 2687 hoc
1386 2642 1572 2688 anno
1601 2625 1786 2687 bona
1815 2632 2225 2687 nostrorum
2254 2624 2700 2687 existimatio⁴
2729 2641 3020 2703 magno-

546 2751 715 2813 pere
760 2732 1006 2795 crevit.
1057 2732 1235 2796 Cum
1287 2734 1473 2796 enim
1521 2733 1805 2812 quidam
1856 2749 2162 2811 magnae
2213 2732 2659 2795 auctoritatis
2708 2733 2842 2812 vir,
2898 2733 3022 2812 qui

546 2857 810 2919 magna
861 2839 1379 2918 significatione
1432 2839 1900 2902 abstinentiae
1950 2838 2268 2900 haeresis
2318 2856 2672 2901 venenum
2711 2839 3011 2919 celabat,

542 2948 764 3010 multa
795 2954 1043 3009 contra
1074 2944 1499 3009 Societatem
1523 2946 1850 3024 dixisset,
1885 2946 2098 3008 immo
2130 2957 2197 3007 et
2228 2946 2501 3024 aliquos
2528 2946 2616 3007 ab
2648 2945 2796 3025 ejus
2826 2946 3020 3009 insti·

542 3064 698 3116 tuto
729 3053 1069 3116 sectando
1101 3061 1172 3116 et
1201 3071 1243 3115 a
1272 3052 1629 3116 beneficiis
1659 3052 1730 3114 in
1759 3050 2192 3116 Societatem
2237 3051 2683 3115 conferendis
2721 3053 3014 3115 avertis-

543 3171 674 3236 set,
710 3159 860 3239 ejus
890 3159 1253 3240 hypocrisi
1282 3160 1592 3237 detecta,
1625 3159 1697 3221 in
1729 3176 1950 3222 causa
1977 3158 2108 3221 fuit
2147 3166 2223 3220 ut
2264 3157 2516 3238 majori
2556 3175 2715 3220 cum
2757 3158 3020 3222 affectu

546 3267 918 3329 charitatis
950 3266 1046 3328 illi
1077 3283 1250 3345 erga
1290 3264 1724 3329 Societatem
1762 3265 2248 3341 afficerentur,
2291 3265 2410 3344 qui
2451 3263 3014 3344 ejusmendacia

544 3382 614 3436 et
660 3373 1052 3436 calumnias
1100 3372 1746 3452 deprehenderant;
1799 3372 1916 3451 qui
1960 3372 2114 3452 ipso
2155 3389 2343 3434 anno
2384 3382 2673 3451 propter
2716 3371 3008 3434 haereti·

546 3497 673 3542 cas
721 3479 1271 3559 propositioneS,
1327 3496 1503 3559 quas
1532 3487 1737 3541 extra
1788 3480 2035 3541 urbem
2080 3478 2152 3540 in
2201 3477 2540 3540 concione
2589 3477 2890 3556 dixerat,
2944 3479 3016 3541 in

539 3602 907 3649 carcerem
935 3584 1298 3666 conjectus
1337 3595 1475 3664 est;
1509 3594 1578 3648 et
1609 3585 1935 3665 quamvis
1967 3585 2437 3665 quorumdam
2478 3584 2727 3647 favore
2759 3585 3008 3649 libera-

540 3702 656 3755 tus
678 3692 908 3772 fuerit,
937 3691 1026 3756 ab
1050 3711 1133 3755 eo
1157 3701 1395 3755 tamen
1420 3693 1517 3754 illi
1541 3693 1914 3770 cavebant,
1944 3708 2120 3771 quos
2144 3691 2294 3770 ipse
2324 3708 2452 3771 per
2488 3691 3015 3756 simulationem

541 3800 828 3862 virtutis
858 3800 1267 3880 deceperat;
1301 3811 1368 3862 et
1397 3801 1761 3880 aliquanto
1791 3808 1953 3878 post
1998 3799 2260 3861 clarius
2302 3816 2378 3860 se
2408 3799 2637 3878 ipsum
2681 3800 3012 3878 prodidit,

541 3906 1084 3969 Francfordiam
1111 3906 1421 3985 fugienS,
1457 3906 1574 3969 ubi
1598 3906 1873 3985 publice
1897 3905 2416 3968 haereticorum
2440 3923 2720 3968 errores
2741 3906 3003 3985 profes-

542 4031 664 4075 sus
714 4022 839 4076 est.
886 4014 1090 4076 Hanc
1134 4022 1363 4076 tamen
1408 4013 2002 4077 existimationem
2042 4031 2128 4075 ac
2170 4013 2459 4075 odorem
2497 4014 2760 4075 bonum
2797 4014 3011 4093 aliqui

538 4121 956 4200 perturbare
996 4130 1389 4200 tentarunt,
1437 4139 1596 4183 cum
1648 4120 1963 4183 dicerent
2003 4121 2238 4200 aliqua
2281 4119 2548 4182 Romae
2587 4139 2628 4182 a
2659 4119 3010 4183 Societate

539 4226 691 4289 fieri
716 4276 730 4305 ,
785 4245 964 4307 quae
1019 4228 1189 4308 ipsis
1229 4229 1514 4290 minime
1555 4228 2062 4306 probarentur3
2112 4228 2316 4307 quale
2365 4236 2519 4290 erat
2563 4228 2747 4307 quod
2794 4227 3011 4307 aliqui

540 4351 632 4395 ex
662 4335 928 4396 nostris
959 4335 1203 4397 crania
1248 4343 1685 4397 mortuorum
1726 4334 2121 4396 deferentes
2161 4341 2229 4395 et
2263 4332 2433 4395 nudi
2472 4351 2593 4414 per
2634 4334 2882 4396 urbem
2911 4335 3007 4396 in-

539 4441 906 4519 cedebant,
941 4451 1008 4502 et
1038 4440 1334 4521 puerilia
1360 4441 1709 4521 quaedam
1740 4440 2247 4519 praedicabant
2270 4448 2338 4502 et
2363 4458 2543 4520 quae
2567 4441 2657 4502 ad
2684 4458 2837 4503 rem
2867 4459 3009 4504 non

546 4599 651 4607 —

627 4682 641 4712 ¹
702 4679 835 4723 Vide
858 4687 1033 4724 annot.
1056 4683 1149 4724 sub
1172 4692 1220 4723 n.
1242 4681 1338 4723 202.
