3679 5414
1567 484 1692 544 Aa.
1749 485 1889 543 1552
1930 529 1931 532 ¹
2851 489 2975 547 595·

475 632 728 697 omnia
774 640 1074 713 peccata
1125 630 1452 694 confessa
1502 639 1639 709 est,
1686 638 1762 693 ut
1799 648 2159 712 nunquam
2210 633 2390 695 alias
2429 651 2506 695 se
2557 633 2954 697 confessam

471 735 789 817 -diceret,
843 748 912 802 et
961 738 1258 801 detectis
1304 737 1676 800 diabolicis
1715 737 1990 801 insidiis
2028 747 2098 801 et
2136 739 2208 801 in
2252 738 2387 802 Dei
2416 758 2659 805 amore
2710 741 2954 805 confir-

489 857 685 910 mata
713 865 801 909 ac
832 845 1315 910 consolatione
1345 846 1555 925 plena
1588 843 1680 907 ad
1709 861 1918 907 suum
1949 847 2458 909 monasterium
2500 864 2795 911 reversa
2826 859 2955 926 est,

492 970 777 1017 omnem
807 952 1260 1016 afflictionem
1291 960 1360 1014 et
1389 960 1691 1014 mortem
1720 951 1949 1031 ipsam
1979 953 2214 1031 potius
2241 954 2391 1032 pati
2419 971 2635 1034 quam
2664 954 2827 1018 inde
2856 974 2956 1018 re-

475 1059 746 1124 ·cedere
797 1059 1252 1124 constituens.
1293 1057 1516 1121 Multa
1555 1056 1838 1136 quidem
1878 1058 2222 1122 coenobia
2259 1059 2561 1124 Lovanii
2599 1070 2792 1143 sunt;
2835 1062 2959 1126 sed

493 1175 642 1232 tam
672 1169 812 1230 late
841 1176 1085 1247 patere
1119 1166 1353 1245 coepit
1383 1165 1748 1244 virginum
1789 1164 2085 1227 affectus
2128 1165 2265 1228 hoc
2306 1168 2672 1247 religionis
2703 1169 2968 1233 ardore-

494 1283 923 1338 exaestuans
966 1282 1044 1336 ut
1083 1273 1466 1354 aliquando
1516 1273 1752 1335 locum
1793 1273 2001 1334 unius
2040 1272 2455 1337 demortuae
2496 1285 2797 1354 quatuor
2841 1286 2963 1340 aut

475 1382 803 1462 quinque
852 1387 1379 1461 exspectarent,
1432 1379 1757 1459 graviter
1799 1387 1870 1441 et
1908 1371 2198 1442 moleste
2248 1382 2690 1445 saecularem
2740 1383 2963 1447 vitam

475 1488 829 1563 ferenteS,
873 1487 1058 1567 quod
1098 1487 1364 1550 nudum
1402 1486 1762 1550 Christum
1811 1486 2291 1577 nudaesequi
2341 1500 2831 1569 percuperent.
2885 1491 2959 1553 In

493 1595 817 1659 omnibus
873 1595 1009 1657 illis
1068 1593 1315 1657 diebus
1371 1593 1570 1656 festis
1626 1592 2004 1669 natalitiiS,
2066 1611 2208 1656 non
2265 1594 2497 1657 minus
2553 1596 2960 1660 solemniter

473 1719 704 1783 ·quam
744 1703 817 1765 in
855 1701 1203 1764 Paschate
1240 1700 1642 1764 communio
1695 1700 2209 1779 celebrabatur,
2266 1711 2334 1763 et
2384 1703 2791 1766 venerabile
2840 1702 2961 1767 Sa-

491 1819 935 1873 cramentum
965 1826 1126 1871 cum
1156 1817 1412 1870 ornatu
1453 1816 1522 1869 et
1565 1806 1949 1869 luminibus
1995 1808 2066 1869 in
2110 1808 2321 1870 altari
2363 1809 2763 1889 expositum
2808 1820 2962 1873 erat

475 1917 582 1979 -ab
613 1917 766 1997 ipso
809 1915 1115 1978 diluculo
1159 1930 1378 1994 usque
1420 1912 1509 1975 ad
1549 1913 1947 1991 meridiem,
1991 1913 2179 1994 quod
2218 1914 2519 1977 Lovanii
2564 1926 2728 1979 ante
2772 1917 2957 1979 bien·

491 2024 691 2086 nium
745 2022 1137 2085 inauditum
1202 2022 1453 2083 fuerat.
1485 2019 1991 2083 .Plurimorum
2054 2030 2515 2100 peccatorum
2581 2021 2961 2086 durissima

493 2130 714 2193 corda
744 2130 817 2192 in
846 2128 997 2192 dies
1027 2127 1115 2190 ad
1156 2128 1656 2190 contritionem
1695 2136 1765 2189 et
1805 2125 2069 2190 Sancta
2113 2126 2578 2191 Sacramenta
2617 2130 2961 2193 sumenda

495 2237 967 2300 movebantur
1010 2243 1079 2298 et
1108 2235 1531 2298 catervatim
1559 2250 1651 2296 ex
1681 2234 2021 2296 extremis
2050 2234 2265 2297 etiam
2295 2235 2616 2315 partibus
2648 2237 2960 2301 civitatis

461 2343 586 2429 ,ad
618 2345 955 2425 templum
977 2342 1219 2406 Sancti
1241 2341 1608 2405 Michaelis
1631 2340 2101 2418 confluebant,
2128 2342 2224 2404 ibi
2247 2325 2733 2423 promptuaria
2755 2346 2961 2425 panis

496 2452 825 2517 coelestis
855 2460 924 2513 et
956 2448 1344 2530 quotidiani
1376 2456 1623 2528 aperta
1655 2465 1810 2510 esse
1843 2447 2162 2511 dicentes
2190 2449 2283 2511 ad
2311 2449 2751 2529 spiritualem
2787 2451 2960 2514 refe÷

496 2560 837 2635 ctionem;
872 2567 961 2634 et,
997 2556 1323 2636 quamvis
1355 2554 1793 2617 oblatrarent
1831 2555 2061 2633 multi,
2090 2573 2209 2644 res
2252 2565 2489 2619 tamen
2519 2574 2604 2621 eo
2634 2561 2960 2640 pervenit

498 2676 573 2730 ut
604 2666 901 2729 aliarum
932 2663 1393 2727 ecclesiarum
1424 2672 1746 2743 pastores
1776 2662 1847 2725 id
1877 2641 2110 2741 ipsun⁸1
2138 2663 2209 2725 in
2241 2663 2389 2727 suis
2418 2666 2738 2728 ecclesiis
2760 2683 2959 2746 praef

496 2783 689 2837 stare
739 2782 1186 2853 cogerentur,
1238 2788 1326 2832 ne
1374 2771 1718 2850 paulatim
1756 2788 1798 2831 a
1835 2770 1985 2832 suis
2026 2771 2308 2849 ovibus,
2353 2790 2534 2852 quae
2583 2774 2960 2852 pinguiora

497 2897 764 2960 pascua
795 2879 1272 2956 sectabantur,
1307 2878 1821 2940 desererentur.

622 2987 763 3050 417.
851 2986 1310 3049 Elaboratum
1338 2993 1444 3047 est
1471 2984 1688 3047 etiam
1719 2993 1794 3045 ut
1823 2984 1895 3046 in
1918 3002 2193 3047 summo
2227 2987 2510 3066 temp10,
2540 2988 2609 3049 in
2634 3005 2772 3067 quo
2795 2987 2958 3050 huic

485 3093 992 3157 consuetudini
1049 3091 1621 3155 communicandi
1667 3091 1947 3171 publice
1997 3091 2374 3170 aliquando
2432 3093 2959 3157 contradiceba-

502 3211 639 3281 tur,
673 3202 890 3265 immo
922 3211 990 3264 et
1021 3199 1365 3262 famelicis
1404 3208 1694 3261 sanctus
1736 3198 1853 3260 hic
1895 3199 2100 3278 panis
2138 3199 2329 3261 vitae
2376 3201 2627 3280 negari
2665 3201 2957 3279 solebat,

504 3309 830 3371 omnibus
853 3306 1000 3387 jam
1029 3307 1226 3370 festis
1271 3306 1516 3369 diebus
1557 3287 1629 3367 in
1671 3305 1881 3367 altari
1923 3305 2195 3368 cunctis
2240 3317 2533 3385 paratus
2579 3326 2961 3388 exponere-

502 3425 648 3493 tur,
708 3424 1080 3496 praesente
1138 3414 1546 3491 sacerdote,
1607 3414 1728 3493 qui
1785 3421 1980 3475 certo
2039 3413 2389 3493 stipendio
2440 3415 2868 3494 conductuS,
2922 3436 2965 3479 a

503 3522 733 3602 prima
772 3524 926 3585 luce
978 3539 1196 3602 usque
1247 3522 1318 3583 in
1362 3518 1759 3595 meridiem,
1817 3518 2315 3583 accedentibus
2358 3519 2632 3601 Corpus
2678 3522 2966 3586 Domini

507 3630 1128 3693 administraturus
1178 3627 1566 3691 assisteret.
1618 3625 1775 3705 Qua
1819 3645 1911 3689 ex
1952 3645 2029 3689 re
2059 3627 2182 3689 vix
2214 3627 2354 3690 dici
2381 3638 2622 3708 posset
2661 3639 2968 3709 quantus

507 3736 596 3799 sit
625 3738 898 3800 fructus
927 3744 1381 3813 consecutuS,
1417 3751 1576 3796 cum
1618 3734 1736 3796 vel
1775 3734 1985 3796 unico
2028 3733 2164 3796 hoc
2207 3736 2530 3816 exemplo
2556 3732 2645 3799 'et
2689 3737 2965 3815 pusillo-

504 3860 663 3906 rum
692 3843 913 3906 corda
945 3840 1351 3905 confirmari
1382 3850 1450 3904 et
1480 3840 1984 3904 oblatrantium
2012 3858 2139 3903 ora
2169 3840 2447 3904 occludi
2475 3843 2684 3906 solita
2706 3854 2963 3924 essent,

492 3951 694 4029 quod
726 3951 860 4013 hoc
889 3951 1120 4030 ipsum
1151 3950 1223 4011 in
1254 3965 1526 4011 summo
1558 3949 1820 4027 templo
1853 3945 2096 4010 Sancti
2123 3947 2313 4011 Petri
2341 3946 2568 4029 fieret,
2598 3951 2668 4013 in
2698 3968 2837 4031 quo
2866 3961 2970 4015 tot

504 4074 840 4136 proceres
885 4055 1193 4135 quotidie
1231 4054 1725 4118 versabantur.
1770 4054 2172 4135 Coeperunt
2214 4065 2450 4119 autem
2491 4067 2560 4121 et
2603 4059 2858 4122 divites
2901 4070 2970 4123 et

504 4179 886 4242 paupereS‚
936 4171 1004 4225 et
1043 4162 1115 4224 in
1158 4162 1310 4240 ipso
1358 4162 1616 4240 templo
1656 4159 1901 4224 Sancti
1951 4159 2141 4224 Petri
2186 4172 2254 4225 et
2292 4161 2535 4227 Sancti
2577 4164 2964 4245 Michaelis,

493 4268 628 4331 ubi
655 4270 882 4332 nostri
912 4268 1395 4332 confessiones
1425 4268 1834 4347 audiebant,
1872 4270 2196 4332 certatim
2227 4288 2407 4351 quae
2436 4273 2529 4335 ad
2560 4275 2823 4338 cultum
2851 4292 2968 4337 ve·

497 4375 842 4438 nerabilis
871 4374 1314 4439 Sacramenti
1340 4375 1790 4455 pertinebant
1821 4375 2175 4453 conferre;
2208 4378 2306 4440 illi
2329 4396 2419 4441 ex
2443 4397 2640 4459 auro,
2667 4392 2967 4460 argento

505 4482 977 4563 pretiosisque
1007 4482 1359 4559 vestibus,
1397 4482 1646 4562 quibus
1677 4499 1936 4563 corpus
1973 4500 2231 4547 ornare
2271 4486 2622 4565 solebant,
2663 4486 2970 4552 Sanctis·

503 4589 688 4653 simo
720 4587 1185 4653 Sacramento
1219 4588 1679 4652 tabernacula
1711 4598 1780 4652 et
1812 4589 2165 4653 velamina
2196 4591 2692 4673 conficiebant;
2729 4596 2800 4658 hi
2830 4614 2973 4687 non

508 4697 765 4761 minori
793 4698 1264 4761 sollicitudine
1303 4697 1517 4760 etiam
1561 4697 1646 4760 de
1678 4715 1808 4760 sua
1838 4698 2135 4779 penuria
2178 4708 2247 4762 et
2289 4711 2608 4779 egestate
2648 4710 2971 4771 corrade-
