3679 5414
1655 453 1783 512 An.
1813 454 1963 513 ‘1551
2099 449 2111 467 “
2928 447 3038 510 279

567 596 700 659 bus
730 597 1095 677 disputare
1118 599 1390 662 erudite
1415 600 1624 663 simul
1653 618 1738 663 ac
1763 599 2102 679 modeste,
2118 599 2725 663 existimationem
2744 614 3036 679 prorsus

566 712 956 783 mutarunt,
991 714 1059 768 et
1086 706 1264 769 bene
1294 706 1382 769 de
1401 706 1664 770 nostris
1687 707 1949 770 sentire
1971 715 2378 787 coeperunt3
2405 715 2477 769 et
2490 704 2778 786 quidam
2801 705 3033 785 aulici,

569 810 691 891 qui
720 811 909 890 quod
933 813 1139 875 nobis
1162 829 1669 893 arrogaremus
1692 830 1949 876 nomen
1971 812 2345 877 Societatis
2364 812 2534 894 Jesu
2555 811 2842 891 indigne
2863 810 3035 874 fere*

568 917 758 997 bant,
804 928 1183 999 postquam
1224 938 1266 983 a
1304 921 1381 984 P.
1426 920 1721 985 Claudio
1763 921 1851 984 de
1888 921 2163 985 ratione
2200 918 2410 999 hujus
2450 918 2754 982 nominis
2804 919 3039 982 edocti

566 1023 876 1105 fuerunt,
932 1026 1340 1090 defensores
1392 1026 1769 1092 Societatis
1812 1028 2049 1091 effecti
2096 1036 2290 1106 sunt3
2332 1028 2514 1089 inter
2553 1044 2728 1107 quos
2766 1026 3038 1089 Doct‘or

569 1130 701 1195 fuit
729 1129 1019 1213 quidam
1046 1135 1423 1214 theologus
1453 1145 1522 1199 et
1552 1135 1805 1199 Comes
1835 1152 1926 1198 ex
1954 1135 2309 1215 primariis
2337 1134 2578 1213 regiae
2609 1133 2871 1196 curiae.

688 1239 830 1303 232.
920 1240 1055 1320 Qui
1084 1242 1297 1306 etiam
1324 1243 1538 1324 primi
1580 1243 1651 1306 in
1682 1242 2073 1322 Collegium
2101 1241 2508 1305 Viennense
2535 1240 2935 1304 transmissi
2962 1239 3035 1304 in

566 1347 792 1409 variis
821 1349 1294 1412 concionandi
1322 1351 1511 1413 tonis
1540 1350 1613 1412 in
1638 1349 1842 1413 Italia
1873 1350 2233 1413 consuetis
2261 1365 2338 1412 se
2378 1356 2868 1426 exercuerant,
2900 1346 3034 1409 Ro·

566 1468 759 1516 mam
783 1464 1048 1535 ‘postea
1086 1457 1428 1536 scriptum
1467 1466 1575 1520 est
1628 1457 1784 1520 illos
1819 1466 2045 1529 *tonos*
2081 1457 2154 1519 in
2192 1455 2577 1519 Germania
2613 1463 2861 1534 gratos
2892 1470 3035 1517 non

558 1577 750 1639 esse,
784 1579 945 1625 cum
973 1579 1154 1641 gens
1183 1564 1303 1626 illa
1341 1564 2133 1643 quietoconcionatoris
2160 1579 2486 1625 sermone
2517 1562 2847 1641 gaudeat,
2882 1561 3034 1624 sine

563 1669 853 1747 magnis
892 1671 1008 1732 vel
1047 1671 1248 1733 vocis
1287 1672 1402 1733 vel
1442 1671 1763 1752 corporis
1800 1669 2328 1733 mutationibus.
2373 1668 2556 1748 Quia
2584 1668 2805 1732 etiam
2848 1685 3031 1732 com·

569 1776 977 1839 mendatum
1007 1778 1111 1839 eis
1139 1776 1406 1857 fuerat,
1450 1787 1527 1840 ut
1570 1777 2024 1857 germanicae
2062 1778 2347 1855 linguae
2378 1776 2764 1855 studerent,
2797 1776 3031 1839 admo·

567 1893 872 1946 nuerunt
901 1883 1309 1964 perdifficile
1338 1902 1492 1948 esse
1521 1884 1653 1964 hiS,
1689 1885 1809 1965 qui
1837 1885 1909 1947 in
1939 1885 2200 1963 italica,
2234 1883 2614 1964 hispanica·
2631 1884 2746 1946 vel
2773 1878 3034 1962 galli'ca

569 1989 812 2069 lingua
861 1992 1147 2054 educati
1193 1991 1511 2070 fuissent,
1568 1991 2054 2070 germanicam
2102 1990 2492 2069 addiscere,
2545 1992 2841 2071 propter
2883 1988 3033 2069 ejus

569 2096 779 2160 valde
818 2097 1171 2160 difficilem
1210 2097 1905 2179 pronunciationem3
1948 2098 2058 2161 his
2086 2115 2283 2176 vero,
2326 2098 2579 2176 quibus
2616 2096 3033 2160 flandricum

565 2202 835 2267 idioma
862 2206 1327 2268 vernaculum
1356 2212 1532 2285 erat,
1569 2206 1745 2268 satis
1774 2205 1982 2268 facile
2018 2222 2205 2284 esse,
2240 2221 2401 2267 cum
2430 2205 2666 2283 legere
2695 2203 2935 2267 statim
2963 2212 3032 2266 et

563 2310 962 2390 intelligere
993 2312 1250 2392 omnia,
1285 2322 1354 2376 et
1382 2313 1726 2394 paulatim
1755 2312 1972 2376 etiam
2001 2312 2498 2392 pronunciare,
2532 2320 2839 2392 possent.

1187 2632 1316 2695 DE
1369 2631 1831 2696 COLLEGIO
1886 2629 2435 2696 COLONIENSI

691 2846 832 2911 233.
920 2848 995 2911 Ρ.
1034 2848 1448 2912 Leonardus
1479 2847 1729 2911 Kessel
1756 2857 1907 2911 toto
1938 2849 2073 2911 hoc
2103 2864 2290 2910 anno
2321 2846 2658 2910 Coloniae
2701 2855 3036 2907 versatus

571 2965 719 3035 est,
753 2964 823 3018 et
851 2955 1178 3036 quamvis
1218 2955 1519 3019 Romam
1551 2974 1677 3019 sex
1701 2955 2000 3036 juvenes
2029 2955 2165 3018 hoc
2195 2971 2382 3016 anno
2420 2953 2721 3027 miserit,
2755 2961 2825 3014 et
2854 2951 3035 3014 inter

572 3062 752 3125 alios
778 3061 1201 3125 Balduinum
1232 3064 1322 3125 ab
1354 3063 1667 3142 Ange10,
1709 3062 2204 3140 Leodiensem,
2249 3079 2333 3124 ac
2365 3060 2816 3123 Guilielmum
2851 3057 3035 3121 Lim·

568 3169 927 3248 burgium,
985 3170 1194 3232 facile
1234 3171 1489 3232 horum
1527 3171 1760 3232 locum
1811 3169 1930 3232 alii
1981 3169 2273 3232 admissi
2323 3168 2850 3248 suppleverunt.
2894 3164 3037 3227 Alii

568 3276 758 3339 enim
788 3277 967 3340 alios
999 3276 1092 3347 ad
1122 3276 1518 3356 spiritualia
1548 3275 1890 3339 exercitia
1920 3285 1989 3339 et
2017 3274 2498 3338 confessiones
2521 3273 2938 3350 invitabant,
2967 3282 3066 3335 et·

569 3383 642 3445 in
682 3384 937 3447 animis
974 3369 1369 3447 tractandis
1414 3383 1752 3463 egregius
1789 3383 2052 3446 artifex
2089 3382 2165 3446 P.
2209 3381 2625 3445 Leonardus
2663 3381 2765 3443 sic
2806 3380 3036 3443 adole·

565 3499 850 3553 scentes
879 3490 1235 3554 studiosos
1263 3500 1334 3554 et
1363 3491 1710 3571 quosdam
1738 3498 2105 3571 promotos
2132 3487 2436 3553 Lovanii
2457 3488 2571 3551 vel
2596 3486 2934 3550 Coloniae
2965 3487 3037 3549 in

569 3597 821 3677 spiritu
845 3595 1166 3676 juvabat,
1199 3606 1279 3660 ut
1307 3598 1399 3660 ad
1420 3597 1874 3661 vocationem
1895 3596 2181 3659 Domini
2205 3594 2628 3658 audiendam
2651 3603 2719 3657 et
2745 3611 3035 3674 sequen·

568 3704 736 3767 dam
763 3721 910 3767 non
937 3706 1149 3785 pauci
1175 3722 1251 3767 se
1283 3705 1759 3786 disponerent.
1797 3704 1876 3767 In
1905 3704 2134 3784 prima
2162 3703 2351 3765 enim
2380 3701 2877 3770 exercitiorum
2922 3702 3036 3763 he·

569 3811 945 3891 bdomada,
981 3828 1245 3892 magno
1277 3830 1439 3875 cum
1466 3810 1813 3893 profectu,
1850 3811 2040 3873 vitae
2072 3818 2442 3873 anteactae
2480 3809 2795 3871 defectus
2839 3808 3036 3871 uber·

571 3917 770 3981 rimis
807 3918 1147 3999 lacrymis
1191 3919 1569 3982 diluebant.
1612 3918 1799 3981 Inter
1831 3917 2008 3981 alios
2056 3926 2293 3980 tamen
2323 3916 2609 3997 quidam
2648 3901 3033 3994 Gerardu'S,

570 4025 859 4090 natione
891 4025 1237 4106 OlanduS,
1267 4026 1592 4090 Lovanio
1617 4025 1904 4104 missus,
1931 4041 2263 4104 magnas,
2291 4024 2483 4087 domi
2506 4031 2875 4103 exceptuS,
2896 4033 3034 4086 tra·

567 4132 865 4210 goedias
888 4132 1253 4213 excitavit,
1282 4141 1349 4197 et
1374 4151 1462 4196 ex
1488 4131 2079 4210 adolescentibus,
2108 4132 2226 4213 qui
2249 4131 2322 4194 in
2344 4132 2555 4194 domo
2576 4129 2824 4193 eadem
2846 4129 3034 4193 insti-

570 4239 969 4320 tuebantur,
999 4241 1272 4320 aliquos
1295 4240 1629 4304 seditiose
1652 4239 2060 4317 commovit,
2088 4248 2157 4301 et
2179 4256 2223 4300 a
2245 4238 2567 4318 profectu
2589 4237 2943 4317 spirituali
2969 4251 3038 4300 et

564 4343 970 4436 ‚obedientia
1001 4347 1077 4411 P.
1113 4348 1471 4412 Leonardi
1500 4347 1810 4410 alienare
1841 4346 2246 4427 incipiebat.
2283 4345 2461 4409 Cum
2492 4353 2727 4408 autem
2755 4363 2884 4426 pro
2908 4363 3036 4409 sua

571 4453 918 4517 charitate
947 4472 1072 4518 eos
1095 4454 1351 4535 juvare
1379 4461 1752 4532 tentasset,
1786 4462 1858 4515 et
1895 4453 1994 4515 illi
2038 4453 2320 4517 sinistre
2359 4453 2594 4517 omnia
2626 4453 3034 4533 interpreta-

570 4568 837 4640 rentur,
873 4562 1081 4624 simul
1112 4563 1344 4643 ipsum
1372 4560 1771 4632 Gerardum
1801 4577 1961 4623 cum
1990 4561 2153 4650 aliis·
2178 4569 2364 4637 oct0,
2408 4561 2527 4641 qui
2556 4561 2619 4623 ei
2650 4559 3037 4648 adhaerere

570 4668 1026 4749 videbantur,
1061 4688 1153 4733 ex
1177 4668 1534 4733 societate
1563 4677 1633 4730 et
1670 4667 1885 4731 domo
1919 4685 2049 4732 sua
2076 4669 2365 4751 expulit.
2402 4668 2794 4749 Quemdam
2821 4668 3037 4731 etiam
