3679 5414
1497 449 1619 507 AN.
1668 449 1807 507 1550
2086 470 2087 475 ¹
2812 452 2883 509 73
2969 534 2977 542 ι

536 593 668 656 158.
757 592 832 655 P.
877 595 1096 656 etiam
1139 593 1385 656 Petrus
1426 594 1758 657 Canisius
1797 595 2271 657 miserrimum
2312 604 2575 657 statum
2604 596 2879 674 religio·

417 703 524 764 nis
553 702 624 763 in
654 700 1049 763 Germania
1078 710 1147 763 et
1172 701 1671 779 experiebatur
1694 710 1762 762 et
1789 702 2226 782 deplorabat,
2252 718 2416 764 cum
2438 702 2652 764 etiarn
2676 703 2747 764 in
2770 720 2883 765 ca-

420 808 692 871 tholicis
730 808 965 870 cultus
1008 807 1295 869 divinus
1334 806 1423 869 ad
1473 805 1811 887 frigidam
1859 809 2240 889 quamdam
2279 809 2883 887 praedicationem

421 914 664 977 diebus
683 914 884 976 festis
907 915 1239 977 redactus
1262 923 1438 992 erat3
1463 915 2053 994 quadragesimae
2072 922 2346 979 tantum
2363 934 2616 978 nomen
2633 916 2882 978 retine·

423 1023 610 1099 bant;
629 1020 972 1101 jejunium
993 1022 1183 1084 nullo
1211 1021 1442 1099 modo;
1468 1022 1818 1085 sacrificio
1849 1022 2109 1085 Missae
2141 1023 2351 1102 pauci
2382 1024 2791 1102 intererant;
2817 1032 2884 1086 et

425 1146 579 1191 cum
603 1129 677 1190 in
706 1128 1378 1207 sacellum'Collegii
1410 1129 1476 1191 id
1518 1129 2027 1209 celebraretur,
2075 1130 2202 1193 vix
2244 1131 2544 1210 pecunia
2584 1130 2889 1207 conduci

424 1236 814 1315 potuissent
845 1252 934 1297 ex
965 1234 1358 1312 catholiciS,
1392 1235 1509 1315 qui
1541 1235 1610 1298 id
1641 1236 1991 1313 audirent;
2018 1237 2422 1299 haereticos
2444 1237 2662 1300 libros
2682 1227 2884 1299 relin-

426 1359 637 1421 quere
658 1343 838 1405 viris
861 1342 1230 1405 catholicis
1254 1342 1508 1405 durum
1531 1343 1911 1406 admodum
1933 1342 2329 1423 videbatur,
2361 1362 2446 1406 ac
2468 1344 2889 1423 praesertim

430 1450 741 1527 eruditiS,
768 1450 1030 1530 partim
1060 1449 1244 1529 quod
1267 1467 1479 1512 casus
1501 1452 1850 1513 reservati
1872 1451 1943 1513 in
1965 1451 2154 1539 bulla
2177 1450 2457 1514 Coenae
2481 1449 2770 1514 Domini
2793 1450 2891 1512 ibi

431 1575 567 1620 non
617 1565 855 1620 essent
894 1557 1358 1637 promulgati,
1402 1557 1661 1636 partim
1691 1557 1880 1638 quod
1909 1575 2051 1620 non
2071 1575 2226 1620 esse
2252 1576 2408 1621 eam
2433 1559 2891 1621 intentionem

435 1662 789 1727 Pontificis
819 1664 1142 1727 dicerent·
1156 1673 1233 1726 ut
1254 1665 1392 1727 viri
1416 1665 1606 1727 docti
1635 1665 2419 1728 excommunicarentur
2442 1665 2629 1745 quod
2649 1667 2891 1728 haere·

437 1773 606 1833 ticos
637 1772 858 1834 libros
900 1770 988 1833 ad
1019 1789 1142 1833 eos
1172 1771 1640 1833 confutandos
1671 1771 2035 1834 haberent.
2070 1772 2249 1836 Cum
2279 1773 2492 1835 etiam
2522 1791 2564 1834 a
2594 1773 2780 1834 votis
2823 1781 2890 1834 et

387 1894 388 1901 ¹
439 1878 749 1941 consiliis
786 1878 1223 1956 evangelicis
1269 1877 1589 1948 homines
1619 1878 2105 1957 abhorrerent,
2140 1880 2322 1943 male
2353 1879 2657 1941 habebat
2685 1878 2894 1941 Cani-

441 1986 615 2047 sium
659 1984 849 2064 quod
878 1984 1196 2047 homines
1226 1985 1316 2048 ad
1347 1985 1743 2048 institutum
1770 1995 2059 2048 nostrae
2088 1984 2463 2049 Societatis
2494 2003 2633 2048 non
2658 2003 2894 2048 move-

441 2102 707 2168 rentur;
737 2092 1065 2171 quamvis
1108 2093 1514 2155 consolatus
1544 2102 1652 2155 est
1682 2110 1803 2155 eos
1834 2093 1904 2155 id
1934 2095 2272 2171 temporis
2309 2094 2650 2171 magister
2692 2092 2894 2155 Lam-

440 2200 672 2260 bertus
708 2198 928 2275 Auer,
957 2200 1077 2278 qui
1111 2196 1448 2262 Societati
1479 2216 1555 2261 se
1589 2198 1946 2279 adjunxit..
1968 2197 2218 2279 Coepit
2242 2198 2425 2262 idem
2449 2200 2523 2262 in
2544 2199 2898 2262 dominica

444 2305 743 2367 Laetare
779 2306 1189 2383 germanice
1234 2306 1306 2369 in
1341 2306 1683 2386 parochia
1715 2306 2023 2386 quadam
2055 2308 2143 2369 ab
2175 2308 2327 2387 ipso
2365 2307 2683 2386 parocho
2724 2307 2902 2368 invi-

447 2422 628 2474 tatus
681 2413 1122 2491 concionari,
1166 2421 1234 2474 et
1272 2413 1501 2492 prima
1544 2413 1662 2475 illa
1699 2414 1952 2476 concio
1982 2414 2394 2492 germanica
2423 2413 2698 2476 felicem
2728 2414 2902 2476 satis

442 2519 678 2581 habuit
717 2534 1128 2582 successum
1170 2529 1238 2581 et
1281 2528 1566 2598 praeter
1607 2519 1972 2583 hominum
2019 2520 2423 2601 opinionem
2456 2539 2498 2583 a
2524 2519 2907 2609 Germanis

444 2638 628 2688 recte
660 2627 1018 2689 intellecta
1041 2636 1147 2689 est
1181 2624 1221 2687 ¹.

564 2734 698 2797 159.
787 2732 1079 2796 Praeter
1121 2734 1611 2797 confirmatam
1654 2735 2021 2798 doctrinae
2061 2736 2690 2814 existimationem,
2726 2753 2905 2815 quae

451 2841 630 2919 apud
660 2827 1061 2904 Gerinanos
1093 2841 1164 2902 in
1193 2841 1440 2920 primis
1469 2842 1682 2918 valet,
1721 2842 2259 2905 admirabantur
2298 2842 2398 2905 illi
2427 2851 2496 2904 et
2524 2840 2908 2904 laudabant

448 2957 852 3010 nostrorum
904 2948 975 3009 in
1024 2948 1221 3010 victu
1269 2947 1790 3026 frugalitatem3
1835 2966 2186 3028 nusquam
2226 2951 2415 3012 enim
2455 2949 2803 3011 sobrietas
2841 2958 2911 3011 et

449 3054 871 3117 abstinentia
901 3054 1134 3133 magis
1161 3056 1448 3118 exulare
1478 3072 1690 3135 quam
1721 3054 1791 3117 in
1813 3054 2201 3118 Germania
2225 3065 2294 3118 et
2319 3057 2476 3119 aliis
2497 3055 2910 3135 septentrio·

450 3162 726 3224 nalibus
754 3161 935 3223 locis
963 3161 1358 3224 videbatur.
1395 3161 1952 3241 Magnificabant
1981 3163 2194 3225 etiam
2226 3164 2414 3242 quod
2454 3163 2680 3242 gratis
2709 3162 2910 3223 doce-

447 3279 624 3347 rent,
659 3285 823 3330 cum
852 3277 1091 3330 tamen
1121 3268 1561 3347 diligentiam
1592 3269 1665 3330 in
1692 3268 2089 3348 profitendo
2122 3286 2282 3331 cum
2322 3269 2547 3331 solida
2587 3267 2913 3332 doctrina

449 3374 897 3456 conjunctam
945 3374 1288 3438 viderent.
1333 3374 1534 3439 Unde
1572 3392 1714 3437 non
1751 3393 2097 3456 aequasse
2128 3377 2355 3462 solum
2387 3376 2509 3437 sed
2540 3392 2915 3455 superasse

450 3482 813 3544 hominum
842 3482 1474 3561 exspectationem,
1516 3482 1682 3544 licet
1721 3500 1804 3544 ea
1836 3483 2152 3546 maxima
2183 3482 2433 3561 suerat,
2467 3481 2913 3565 videbantur.

451 3587 718 3651 Rarum
748 3598 816 3651 et
849 3588 1015 3651 illud
1047 3600 1200 3651 erat
1231 3589 1302 3651 in
1332 3588 1718 3653 Germania
1751 3598 1825 3651 ut
1858 3607 2117 3652 novem
2148 3591 2263 3652 vel
2291 3590 2537 3652 decem
2562 3589 2633 3651 in
2656 3590 2918 3666 templo

450 3705 696 3758 nostro
727 3712 1010 3757 sacram
1040 3697 1606 3758 communionem
1629 3697 1956 3775 accipere
1981 3696 2332 3772 viderent,
2362 3697 2544 3759 inter
2567 3713 2745 3777 quos
2770 3696 2923 3775 ipse

455 3801 960 3865 Universitatis
1000 3810 1154 3864 erat
1196 3799 1238 3863 ⁸.
1282 3778 1829 3882 'Frequentiores
1873 3804 2083 3865 etiam
2126 3803 2465 3866 accedere
2509 3803 2599 3865 ad
2637 3819 2921 3885 sacrum

457 3908 886 3971 audiendum
918 3918 1325 3989 coeperunt;
1354 3909 1514 3971 talis
1544 3910 1734 3972 enim
1765 3920 1923 3973 erat
1961 3910 2307 3972 bonorum
2345 3919 2710 3989 pastorum
2747 3909 2919 3971 rari-

455 4027 588 4094 taS,
624 4025 702 4079 ut
732 4016 962 4078 minus
993 4015 1247 4078 mirum
1276 4026 1461 4078 esset
1492 4017 1553 4078 si
1583 4034 1755 4079 oves
1784 4017 1858 4078 in
1888 4017 2209 4080 ecclesiis
2232 4016 2581 4080 contineri
2601 4034 2744 4079 non
2766 4032 2921 4096 pos-

456 4132 637 4200 sent3
690 4131 759 4184 et
810 4139 971 4185 cum
1020 4123 1295 4201 passim·
1340 4124 1549 4186 lectio
1599 4123 1943 4186 librorum
1992 4125 2513 4187 haereticorum
2558 4123 2929 4185 catholicis

540 4401 554 4431 ¹
617 4398 887 4451 Polaticus,
912 4409 977 4442 ex
996 4399 1391 4451 commissione,
1411 4400 1564 4443 sociis
1582 4389 1849 4442 Messanae
1871 4399 2195 4453 degentibus,
2236 4400 2357 4454 quid
2392 4400 2454 4443 de
2490 4400 2771 4466 Germania
2805 4400 2926 4442 scri·

455 4473 547 4515 bat
575 4469 816 4514 Caninius
835 4475 886 4512 et
907 4480 1062 4523 quam
1076 4469 1225 4513 enixe
1246 4469 1432 4513 iterum
1451 4470 1735 4524 iterumque
1756 4475 2003 4523 exposcat
2025 4471 2090 4513 ab
2112 4471 2345 4515 omnibus
2366 4472 2518 4515 sociis
2539 4477 2594 4513 ut
2614 4482 2707 4525 pro
2727 4470 2817 4514 illa
2850 4482 2931 4513 re·

457 4543 610 4596 none
629 4552 815 4595 preces
834 4541 1067 4592 fundant,
1089 4540 1142 4583 18
1160 4539 1609 4592 januaria-Petri
1631 4539 1824 4585 canisii
1845 4541 2055 4584 litterae
2076 4542 2142 4585 ad
2162 4541 2440 4586 Polancum
2460 4547 2512 4584 et
2528 4540 2626 4593 Jaii
2649 4543 2715 4585 ad
2751 4541 2923 4586 Consi-

457 4615 668 4657 narium
685 4612 1049 4656 Stoekhamer.

540 4686 564 4715 ²
620 4682 706 4728 Sic
727 4683 780 4727 in
800 4682 948 4752 Mss.;
970 4683 1060 4727 sed
1082 4684 1258 4728 deesse
1285 4684 1492 4727 videtur
1514 4684 1727 4728 verbum
1751 4683 2134 4729 cancellarius.
