3679 5414
639 460 748 518 ⁴244
1506 459 1797 550 'Canon
1841 459 1993 519 Soc.
2035 459 2176 532 Jsss.

634 606 867 669 culam
899 606 969 668 in
998 606 1354 668 actionem
1381 599 1779 685 gratiarum
1806 603 2305 685 pronunciavit
2333 613 2409 668 ut
2438 622 2742 685 magnus
2787 606 3096 670 omnium

636 712 1040 775 auditorum
1063 720 1485 775 consecutus
1515 712 1605 775 sit
1629 713 2034 793 applausus.
2052 712 2186 776 Die
2210 728 2383 774 vero
2408 707 2566 791 post
2590 712 2844 775 festum
2860 713 3100 776 Lucae

636 815 962 899 proxima
994 836 1159 882 suas
1181 818 1519 882 lectiones
1537 819 1797 898 singuli
1818 827 2358 899 praeceptorum
2369 828 2533 883 sunt
2555 820 2904 899 aggressi.
2921 821 3096 884 Cum

636 936 870 991 autem
903 926 1444 990 Carmelitarum
1470 927 1949 990 celebraretur
1972 926 2438 1007 congregatio
2461 928 2838 1006 generaliS,
2865 928 3098 1009 dispu-

635 1034 938 1097 tationes
970 1034 1058 1097 ab
1088 1033 1224 1095 illis
1253 1033 1610 1114 religiosis
1639 1050 1770 1113 per
1800 1041 1961 1097 octo
1993 1033 2146 1096 dies
2184 1042 2345 1096 sunt
2382 1033 2689 1113 habitae,
2733 1035 2804 1097 in
2846 1034 3094 1114 quibus

636 1142 709 1204 Ρ.
745 1141 1006 1204 Paulus
1035 1140 1120 1202 de
1153 1140 1450 1203 Achillis
1489 1149 1636 1203 tarn
1666 1141 1751 1203 de
1790 1140 2209 1219 theologicis
2238 1158 2451 1220 quam
2481 1139 2568 1203 de
2592 1141 3096 1222 philosophicis

635 1248 1099 1329 positionibus
1150 1247 1252 1310 sic
1295 1247 1686 1327 disputavit
1706 1296 1720 1325 ,
1772 1256 1851 1311 ut
1902 1246 2233 1326 eruditi0,
2282 1244 2494 1327 quam
2542 1246 2692 1328 ejus
2739 1249 3114 1312 humilitas

635 1355 948 1435 tegebat,
993 1372 1135 1417 non
1176 1355 1473 1433 vulgare
1513 1354 1874 1434 specimen
1925 1347 2088 1416 cum
2124 1351 2557 1417 audientium
2606 1354 3090 1418 aedificatione

632 1463 1025 1544 praeberet.
1056 1462 1234 1526 Cum
1265 1463 1478 1524 etiam
1500 1461 1812 1543 Joannes
1836 1480 1879 1523 a
1902 1461 2243 1539 Bononia,
2271 1462 2384 1524 vir
2403 1462 2679 1541 nobiliS,
2702 1462 2908 1542 paulo
2931 1472 3095 1542 post

634 1571 703 1632 in
734 1579 1036 1649 utraque
1065 1569 1404 1632 facultate
1445 1568 1833 1649 positiones
1872 1566 2329 1646 defendisset,
2375 1568 2465 1631 ad
2504 1586 2681 1648 quas
2720 1569 3090 1648 magistra-

633 1687 854 1756 tuum,
889 1676 1246 1755 nobilium,
1282 1675 1796 1739 monachorum
1835 1682 1906 1738 et
1945 1675 2246 1738 aliorum
2284 1676 2662 1739 multorum
2705 1694 3093 1739 concursus

633 1795 743 1847 est
774 1784 1030 1862 factuS,
1066 1783 1250 1846 idem
1283 1781 1359 1845 P.
1391 1780 1655 1845 Paulus
1695 1781 2037 1863 perdocte
2077 1782 2503 1863 disputantis
2544 1781 2771 1845 officio
2812 1782 3095 1846 functus

632 1911 787 1957 esse
830 1893 1030 1954 visus
1082 1902 1220 1969 est,
1274 1907 1404 1952 nec
1446 1890 1679 1952 minus
1719 1888 1870 1969 ejus
1910 1889 2257 1952 modestia
2295 1906 2506 1968 quarn
2545 1888 2867 1951 doctrina
2908 1907 3095 1952 com·
3143 1953 3150 1960 ,

631 1999 953 2064 mendari
983 1999 1237 2061 merito
1266 1996 1512 2077 potuit.
1549 1996 1680 2060 Cui
1712 2013 1876 2058 curn
1906 1996 2203 2075 diceret,
2237 1996 2355 2075 qui
2395 1997 2854 2076 disputationi
2896 2015 3093 2077 prae·
3141 2045 3148 2052 .

630 2117 805 2185 erat,
843 2116 1088 2187 optare
1120 2120 1195 2167 se
1227 2103 1507 2183 quidem
1534 2104 1843 2183 primum
1873 2102 2276 2183 disputandi
2305 2103 2538 2165 locum
2560 2104 2625 2166 ei
2646 2103 2942 2182 deferre,
2969 2105 3089 2167 sed

630 2209 807 2278 alios
836 2214 1165 2277 doctores
1196 2211 1519 2274 dubitare
1545 2227 1713 2272 num
1745 2209 1996 2272 doctor
2025 2220 2233 2288 esset,
2267 2218 2434 2272 tunc
2464 2210 2600 2273 ille:
2626 2228 2760 2290 ego
2786 2211 3094 2292 quidem,

624 2323 788 2384 licet
822 2319 1176 2398 indignuS‚
1206 2318 1297 2381 ad
1320 2319 1507 2381 hunc
1532 2317 1838 2396 gradum
1868 2325 2233 2397 promotus
2255 2333 2434 2395 sum;
2469 2318 2592 2380 sed
2624 2317 2811 2398 quod
2842 2318 3091 2382 attinet

628 2429 716 2492 ad
775 2427 1005 2508 prima
1054 2427 1212 2488 loca
1263 2424 1691 2508 disputandi,
1751 2423 1961 2488 facile
2011 2424 2168 2488 aliis
2216 2425 2571 2504 religiosis
2627 2425 2823 2488 cedo.
2888 2423 3089 2490 Unde

628 2545 1004 2615 postquam
1034 2534 1153 2596 alii
1184 2527 1507 2595 ordinum
1550 2532 2100 2618 mendicantium
2138 2531 2613 2611 disputassent
2639 2581 2653 2610 ,
2687 2550 2875 2594 nono
2905 2533 3087 2611 loco,

626 2644 748 2705 sed
779 2651 924 2703 non
942 2641 1102 2704 ideo
1125 2641 1357 2703 minus
1386 2639 1682 2702 feliciter
1705 2649 1827 2702 aut
1853 2640 2109 2703 minori
2130 2656 2293 2702 cum
2314 2638 2826 2717 aedificatione,
2854 2639 3086 2719 dispu—

628 2751 805 2813 tavit
840 2748 880 2811 ¹.
2901 2824 2908 2827 ‚

753 2856 884 2919 177.
977 2856 1179 2935 Quod
1205 2857 1296 2918 ad
1317 2855 1884 2935 praedicationes
1907 2855 2178 2933 attinet,
2206 2855 2532 2935 quamvis
2562 2857 2773 2917 classi
2797 2854 3086 2918 rhetori-

626 2983 744 3027 ces
775 2947 1113 3043 magister
1143 2961 1392 3026 Petrus
1422 2963 1511 3026 de
1538 2961 2017 3025 Rivadeneira
2047 2970 2438 3041 praeesset,
2475 2980 2764 3025 munere
2808 2963 3084 3026 concio-

622 3072 837 3134 nandi
878 3072 950 3134 in
997 3071 1260 3150 templo
1314 3069 1481 3133 Divi
1522 3070 1834 3145 Antonii,
1891 3069 2081 3150 quod
2130 3086 2316 3131 anno
2370 3069 2691 3149 proximo
2743 3068 3082 3132 Societati

624 3178 837 3241 fuisse
882 3178 1325 3257 assignatum
1363 3177 1698 3256 diximuS,
1743 3176 2030 3240 functus
2074 3186 2180 3238 est
2219 3185 2288 3238 et
2326 3176 2733 3256 concioneS,
2788 3194 2965 3256 quas
3013 3178 3080 3239 in

624 3286 953 3348 Adventu
993 3295 1356 3365 coeperat,
1396 3292 1548 3346 toto
1579 3284 1713 3346 hoc
1745 3300 1933 3345 anno
1963 3291 2071 3345 est
2100 3292 2588 3363 prosequutus.
2625 3282 2968 3362 Quamvis
3013 3284 3082 3346 in

619 3392 1167 3473 quadragesima
1196 3410 1339 3454 non
1368 3391 1681 3472 quotidie
1720 3391 1791 3454 id
1819 3399 2245 3471 praestaret,
2289 3407 2453 3453 cum
2490 3408 2620 3453 nec
2661 3392 2947 3454 scholae
2986 3392 3078 3452 la-

616 3502 766 3577 bor,
802 3518 932 3562 nec
956 3499 1290 3562 valetudo
1316 3515 1569 3579 parum
1589 3498 1795 3561 firma
1818 3498 1890 3561 id
1913 3498 2369 3578 permitteret,
2397 3498 2522 3568 sed
2545 3498 2916 3560 dominicis
2943 3498 3078 3560 die-

616 3608 747 3669 bus
777 3625 862 3670 ac
891 3606 1091 3668 festis
1123 3606 1192 3668 id
1220 3605 1597 3685 praestitit,
1632 3613 1702 3667 et
1734 3623 1896 3667 cum
1925 3613 2111 3683 esset
2141 3605 2480 3684 templum
2519 3605 2591 3667 in
2619 3604 2946 3667 umbilico
2991 3605 3080 3665 ci-

620 3715 879 3791 vitatiS,
916 3713 1116 3775 multi
1142 3722 1291 3775 tam
1322 3731 1411 3774 ex
1440 3711 1805 3775 nobilitate
1839 3728 2054 3790 quam
2083 3728 2173 3774 ex
2196 3712 2607 3792 plebe,inter
2637 3729 2814 3790 quos
2844 3713 3082 3792 plures

620 3821 753 3883 viri
784 3820 1038 3883 eruditi
1068 3829 1137 3882 et
1168 3836 1538 3882 sacrarum
1565 3819 1965 3882 litterarum
1993 3818 2290 3881 studiosi
2325 3827 2558 3895 erant,
2608 3819 3075 3893 confluebant;

614 3937 683 3989 et
713 3926 1148 4006 frequentius
1179 3926 1331 4005 ipso
1364 3925 1708 4006 temporis
1737 3942 2122 4005 progressu
2162 3925 2589 3988 auditorium
2625 3926 3074 3998 reddebatur,

615 4043 680 4096 et
713 4033 1120 4096 auditorum
1152 4033 1528 4096 admiratio
1559 4041 1629 4095 et
1660 4032 2081 4113 approbatio
2111 4050 2255 4095 non
2283 4019 2544 4111 exigua
2585 4041 2771 4111 erat,
2807 4051 2969 4111 nee,
3007 4042 3079 4094 ut

614 4142 1056 4220 sperabatur,
1085 4140 1312 4202 minor
1334 4132 1628 4202 fructus.
1656 4138 1800 4203 Alii
1823 4139 2037 4203 etiam
2067 4140 2224 4203 aliis
2254 4140 2325 4203 in
2353 4140 2529 4204 locis
2559 4139 3078 4203 concionaban-

615 4256 748 4322 tur;
784 4247 910 4310 sed
939 4247 1088 4327 ipse
1119 4245 1616 4322 Rivadeneira,
1649 4255 1725 4309 ut
1756 4246 1827 4308 in
1858 4247 2014 4310 aliis
2036 4248 2352 4310 ecclesiis
2375 4247 2842 4327 praedicaret,
2870 4263 3074 4325 roga-

615 4356 842 4433 batur,
871 4363 948 4418 ut
970 4355 1043 4417 in
1060 4354 1240 4416 festo
1265 4353 1433 4416 Divi
1456 4353 1645 4416 Petri
1672 4354 1744 4417 in
1766 4353 2082 4434 ejusdem
2103 4355 2362 4435 templo
2387 4353 2674 4432 accidit,
2705 4362 3078 4434 praesente

661 4686 665 4692 Δ
697 4626 711 4660 ¹
769 4629 1041 4683 Polancus,
1077 4641 1142 4672 ex
1175 4630 1569 4679 commissione,
1587 4629 1746 4672 Paulo
1766 4629 2062 4683 d'Achillis,
2093 4600 2351 4681 Ignatium
2383 4631 2670 4684 approbare
2703 4638 2758 4673 ut
2787 4630 2851 4672 ad
2876 4635 3080 4694 tempus

613 4690 807 4752 logices
824 4701 1070 4744 lectiones
1092 4702 1416 4753 omittantur,
1442 4702 1491 4742 16
1509 4699 1648 4755 Mam
1671 4707 1722 4744 et
1745 4701 1945 4745 nonnisi
1962 4702 2193 4755 proximo
2211 4699 2499 4754 Septembri
2516 4707 2861 4752 resumantur,
2877 4701 2905 4742 6
2923 4698 3078 4750 Junn.
