3679 5414
1586 483 1720 541 An.
1760 481 1899 542 1550
2894 482 2968 541 37

477 628 677 707 quod
716 629 1013 708 egregie
1063 628 1138 691 hi
1184 628 1596 692 scholastici
1643 628 1716 690 in
1765 628 2018 690 litteris
2058 627 2543 707 proficiebant.
2585 630 2807 691 Erant
2846 631 2965 708 qui

483 745 635 798 tres
661 745 729 797 et
759 744 1075 815 quatuor
1094 752 1322 798 annos
1345 735 1627 797 scholas
1649 735 2022 813 triverant,
2050 734 2216 815 quin
2243 743 2481 797 tamen
2502 733 2963 799 fundamenta

475 842 998 921 grammatices
1029 842 1254 905 solida
1278 839 1635 920 jecissent;
1678 858 1868 903 nunc
1909 850 2146 904 autem
2183 840 2584 904 fatebantur
2612 842 2746 922 ipsi
2776 843 2963 922 quod

481 948 598 1011 his
646 949 897 1029 paucis
949 950 1331 1028 mensibuS,
1387 949 1641 1029 quibus
1690 947 1781 1011 ad
1828 965 2097 1011 novum
2148 947 2542 1027 Collegium
2592 958 2958 1027 venerant,

483 1057 646 1136 plus
675 1073 891 1135 quam
920 1064 1072 1119 toto
1101 1056 1372 1136 reliquo
1401 1065 1721 1134 tempore
1750 1054 2249 1134 profecissent,
2292 1055 2521 1118 ordini
2565 1055 2863 1119 docendi
2892 1066 2960 1119 et

471 1163 898 1242 diligentiae
944 1173 1490 1241 praeceptorum
1527 1171 1596 1225 et
1634 1163 1708 1225 in
1743 1162 1992 1242 primis
2037 1162 2300 1224 auxilio
2324 1160 2460 1224 Dei
2488 1173 2861 1243 acceptum
2889 1164 2958 1227 id

475 1269 820 1332 ferentes,
855 1270 934 1332 In
962 1270 1278 1332 moribus
1305 1266 1545 1332 autem
1573 1286 1700 1331 eos
1727 1285 2153 1349 progressus
2180 1267 2499 1332 fecerunt
2529 1277 2605 1332 ut
2643 1279 2790 1332 tam
2820 1287 2960 1333 ma·

475 1377 693 1455 gistri
745 1394 959 1456 quam
1010 1375 1427 1440 confessarii
1475 1394 1619 1438 non
1667 1393 1920 1456 parum
1969 1374 2103 1438 Dei
2153 1376 2539 1439 bonitatem
2589 1394 2760 1456 erga
2803 1378 2962 1441 illos

475 1484 1047 1563 admirarentur,
1080 1483 1200 1563 qui
1239 1483 1665 1547 videbantur
1694 1482 1854 1546 ideo
1886 1482 2264 1561 praecipue
2304 1481 2395 1544 ad
2428 1482 2818 1563 Collegium
2847 1502 2957 1547 ac·

477 1590 746 1653 cedere
771 1599 851 1653 ut
881 1590 967 1653 de
996 1591 1147 1653 vita
1179 1590 1519 1654 mutanda
1561 1590 1747 1653 serio
1789 1590 2187 1669 cogitarent
2220 1598 2321 1667 et,
2363 1588 2517 1652 Deo
2546 1591 2883 1670 propiti0,
2916 1610 2958 1654 a

477 1698 640 1760 suis
676 1698 995 1760 moribus
1034 1698 1240 1760 malis
1278 1715 1363 1760 ac
1407 1698 1722 1778 peccatis
1762 1697 2124 1760 consuetis
2174 1698 2605 1760 recederent.
2649 1697 2961 1778 Singulis

477 1805 852 1867 mensibus
882 1822 1127 1868 omnes
1154 1803 1691 1884 confitebantur,
1720 1805 1936 1884 aliqui
1966 1804 2487 1884 decimoquinto
2517 1823 2795 1886 quoque
2823 1806 2957 1885 die;

478 1912 805 1992 quotidie
836 1912 1097 1975 Missae
1124 1912 1476 1975 sacrificio
1508 1913 1918 1990 intererant,
1953 1920 2024 1973 et
2054 1911 2298 1973 diebus
2340 1912 2711 1976 dominicis
2749 1914 2962 1976 etiam

473 2019 858 2097 concioni3
892 2036 936 2080 a
964 2019 1264 2099 prandio
1295 2036 1468 2082 vero
1499 2019 1698 2082 multi
1727 2034 1971 2081 eorum
2003 2018 2094 2080 ad
2123 2034 2293 2079 suos
2320 2027 2821 2098 praeceptores
2851 2038 2960 2082 ac·

480 2125 861 2204 cedebant,
887 2126 1008 2205 qui
1036 2126 1123 2189 de
1151 2127 1362 2189 rebus
1384 2126 1866 2207 spiritualibus
1888 2134 1957 2188 et
1980 2123 2069 2187 ad
2093 2124 2431 2187 virtutem
2451 2126 2963 2205 pertinentibus

475 2250 656 2296 cum
704 2232 809 2295 eis
859 2233 1188 2312 agebant.
1241 2231 1380 2296 Sed
1421 2251 1594 2314 prae
1643 2232 1946 2295 caeteris
1994 2231 2203 2294 lectio
2253 2230 2328 2292 P.
2379 2232 2696 2313 Laynez,
2754 2251 2964 2314 quam

470 2339 739 2403 diebus
768 2340 1054 2402 veneris
1084 2340 1156 2402 in
1186 2340 1451 2403 scholis
1483 2340 1584 2403 eis
1611 2338 2071 2419 praelegebat
2101 2337 2187 2399 de
2218 2338 2428 2400 rebus
2467 2337 2556 2399 ad
2596 2357 2720 2401 eos
2756 2340 2961 2419 perti·

475 2447 845 2523 nentibuS,
880 2447 970 2509 ad
1000 2463 1246 2510 eorum
1273 2446 1675 2526 profectum
1704 2446 1774 2508 in
1806 2445 2120 2508 moribus
2144 2453 2215 2507 et
2247 2444 2462 2507 etiam
2490 2445 2563 2506 in
2594 2445 2844 2509 litteris
2866 2446 2962 2509 fa-

475 2555 724 2618 ciebat
771 2553 811 2617 ¹.

602 2660 708 2725 76.
798 2661 1370 2726 Concionabatur
1398 2670 1769 2742 praeterea
1799 2659 1874 2724 P.
1908 2662 2196 2743 Laynez
2227 2661 2469 2726 diebus
2499 2660 2871 2725 dominicis
2892 2661 2964 2724 in

476 2771 755 2850 templo
785 2770 1092 2850 quodam
1122 2787 1213 2832 ex
1239 2770 1642 2850 praecipuis
1670 2768 1820 2849 ejus
1849 2769 2074 2847 urbiS‚
2116 2780 2187 2834 et
2224 2779 2372 2833 tam
2410 2769 2707 2832 Pro-rex
2752 2785 2963 2850 quam

475 2877 605 2940 alii
643 2877 919 2940 nobiles
957 2877 1093 2940 viri
1132 2885 1202 2940 et
1239 2876 1618 2957 populares
1655 2877 1938 2957 plurimi
1976 2895 2139 2939 cum
2175 2893 2438 2956 magna
2477 2876 2963 2939 satisfactione

473 2993 546 3047 et
581 2983 1060 3047 admiratione
1090 3001 1251 3047 eum
1280 2984 1693 3062 audiebant3
1727 2992 1795 3046 et
1824 2983 2251 3063 expetebant
2280 2982 2562 3063 quidem
2600 2984 2964 3046 auditores

478 3101 554 3155 ut
578 3090 846 3153 ibidem
870 3090 941 3152 in
966 3091 1514 3171 quadragesima
1537 3091 1752 3154 etiam
1776 3090 2348 3168 concionaretur;
2380 3089 2503 3152 sed
2529 3091 2692 3171 quia
2714 3092 2962 3170 procul

475 3209 644 3261 erat
680 3198 1021 3277 templum
1061 3215 1105 3259 a
1142 3198 1407 3278 palatio
1449 3196 1808 3276 Pro-regis
1848 3215 1934 3259 ac
1977 3198 2195 3261 totius
2239 3197 2509 3275 curiae,
2566 3197 2752 3260 idem
2792 3205 2959 3261 tem-

480 3307 706 3384 plum,
741 3304 814 3366 in
837 3322 974 3385 quo
1005 3306 1475 3385 praecedente
1497 3305 2050 3385 quadragesima
2074 3304 2208 3367 hoc
2231 3321 2486 3367 munus
2508 3304 2963 3382 praestiterat

475 3414 793 3475 electum
826 3421 959 3475 est.

608 3518 710 3581 77.
802 3518 879 3581 In
910 3518 1252 3581 custodiis
1278 3519 1599 3598 publiciS‚
1633 3528 1918 3598 praeter
1958 3517 2437 3580 confessiones
2458 3517 2955 3597 plurimorum,

477 3635 817 3688 curatum
844 3635 953 3688 est
985 3633 1059 3688 ut
1092 3625 1348 3705 viginti
1375 3643 1467 3689 ex
1495 3626 1620 3705 eiS,
1670 3627 1790 3707 qui
1829 3634 2118 3707 propter
2159 3625 2394 3687 debita
2440 3624 2956 3704 detinebantur,

479 3732 911 3812 conquisitis
940 3750 983 3794 a
1015 3730 1354 3812 Pro-rege
1384 3742 1453 3795 et
1485 3735 1572 3796 ab
1617 3734 1773 3796 aliis
1813 3732 2307 3812 eleemosyni5‚
2351 3732 2848 3808 liberarentur;
2891 3742 2959 3796 et

478 3839 655 3918 quia
694 3839 898 3902 multi
936 3855 1028 3902 ex
1068 3838 1172 3901 eis
1215 3839 1684 3919 aegrotabant
1721 3849 1790 3902 et
1830 3840 2045 3919 aliqui
2085 3839 2300 3901 etiam
2334 3839 2838 3918 moriebantur,
2891 3849 2960 3901 et

484 3946 881 4025 periculum
912 3955 1066 4008 erat
1097 3963 1186 4008 ne
1215 3946 1395 4009 alios
1425 3946 1738 4026 maligna
1768 3963 2014 4009 eorum
2050 3946 2266 4009 febris
2304 3945 2652 4021 inficeret,
2696 3961 2959 4024 magno

483 4053 731 4115 labore
759 4052 988 4116 nostri
1018 4052 1470 4116 obtinuerunt
1499 4063 1576 4117 ut
1598 4053 1689 4116 ad
1717 4053 2238 4117 xenodochium
2262 4052 2559 4116 curandi
2582 4051 2956 4115 educeren-

485 4170 626 4235 tur,
658 4160 782 4239 qui
812 4159 946 4222 hac
976 4160 1252 4223 ratione
1283 4161 1510 4224 vitam
1538 4178 1614 4223 se
1651 4161 1959 4224 retinere
1998 4160 2422 4223 fatebantur.
2468 4160 2646 4239 Quia
2691 4169 2952 4236 tamen,

484 4266 653 4330 licet
707 4267 1072 4329 custodiae
1117 4267 1654 4345 adhiberentur,
1700 4268 2095 4348 periculum
2137 4276 2290 4330 erat
2329 4285 2417 4330 ne
2456 4267 2700 4346 fugam
2743 4267 2957 4346 aliqui

485 4373 886 4453 arriperent
914 4374 1007 4436 ad
1036 4374 1478 4437 xenodochia
1507 4373 1772 4452 educti,
1806 4383 1877 4437 et
1908 4374 1966 4436 si
1997 4374 2067 4436 in
2109 4374 2262 4453 ipso
2293 4391 2582 4436 carcere
2611 4373 2953 4454 relinque-

568 4577 587 4608 ¹
643 4575 879 4630 Ignatius
899 4577 1165 4630 joannide
1186 4578 1362 4633 Vega,
1387 4578 1594 4622 Siciliae
1617 4579 1878 4632 Pro-regi,
1906 4579 1968 4622 de
2004 4578 2263 4622 pontificis
2294 4578 2456 4623 Bullis
2486 4579 2536 4622 in
2566 4580 2800 4623 favorem
2831 4579 2955 4624 Uni·

487 4648 756 4692 versitatis
776 4648 1017 4692 Panormi
1041 4649 1340 4703 erigendae,
1362 4650 1415 4692 29
1434 4649 1626 4693 Martii.
1641 4650 1941 4694 -Panormi
1971 4651 2161 4693 civitas
2192 4649 2505 4706 Hieronymo
2540 4650 2732 4703 Natali,
2755 4651 2817 4693 de
2840 4649 2954 4695 Col-

489 4717 625 4772 legio
643 4718 886 4763 Panormi
906 4720 1150 4774 erigendo
1169 4728 1221 4764 et
1241 4721 1360 4775 qnid
1385 4721 1435 4763 in
1458 4733 1517 4764 eo
1536 4733 1568 4764 a
1590 4721 1852 4765 Societate
1873 4721 2132 4775 praestari
2156 4721 2356 4772 debeat,
2380 4722 2431 4764 14
2453 4722 2664 4775 Aprilis.
