<?xml version="1.0" encoding="UTF-8"?>
<!DOCTYPE html PUBLIC "-//W3C//DTD XHTML 1.0 Transitional//EN"
    "http://www.w3.org/TR/xhtml1/DTD/xhtml1-transitional.dtd">
<html xmlns="http://www.w3.org/1999/xhtml" xml:lang="en" lang="en">
 <head>
  <title>
</title>
<meta http-equiv="Content-Type" content="text/html;charset=utf-8" />
  <meta name='ocr-system' content='tesseract 3.04.00' />
  <meta name='ocr-capabilities' content='ocr_page ocr_carea ocr_par ocr_line ocrx_word'/>
</head>
<body>
  <div class='ocr_page' id='page_1' title='image "./vitaignatiiloio03polagoog_0637.png"; bbox 0 0 3679 5414; ppageno 0'>
   <div class='ocr_carea' id='block_1_1' title="bbox 1588 471 2961 537">
    <p class='ocr_par' dir='ltr' id='par_1_1' title="bbox 1588 471 2961 537">
     <span class='ocr_line' id='line_1_1' title="bbox 1588 471 2961 537; baseline -0.004 -2"><span class='ocrx_word' id='word_1_1' title='bbox 1588 477 1715 536; x_wconf 75' lang='grc' dir='ltr'>ΑΝ.</span> <span class='ocrx_word' id='word_1_2' title='bbox 1760 477 1900 537; x_wconf 82' lang='grc'>1552</span> <span class='ocrx_word' id='word_1_3' title='bbox 2852 471 2961 530; x_wconf 81' lang='grc'>631</span> 
     </span>
    </p>
   </div>
   <div class='ocr_carea' id='block_1_2' title="bbox 498 617 2969 1662">
    <p class='ocr_par' dir='ltr' id='par_1_2' title="bbox 498 617 2968 1115">
     <span class='ocr_line' id='line_1_2' title="bbox 499 617 2968 704; baseline -0.003 -18"><span class='ocrx_word' id='word_1_4' title='bbox 499 623 771 704; x_wconf 86' lang='lat' dir='ltr'>spitali,</span> <span class='ocrx_word' id='word_1_5' title='bbox 813 622 1004 703; x_wconf 93' lang='lat' dir='ltr'>quod</span> <span class='ocrx_word' id='word_1_6' title='bbox 1047 621 1441 684; x_wconf 76' lang='lat' dir='ltr'>micheletzs</span> <span class='ocrx_word' id='word_1_7' title='bbox 1486 622 1877 700; x_wconf 84' lang='lat' dir='ltr'>dicebatur,</span> <span class='ocrx_word' id='word_1_8' title='bbox 1923 621 1994 683; x_wconf 89' lang='lat' dir='ltr'>in</span> <span class='ocrx_word' id='word_1_9' title='bbox 2033 620 2298 701; x_wconf 88' lang='lat' dir='ltr'>optimo</span> <span class='ocrx_word' id='word_1_10' title='bbox 2337 618 2552 681; x_wconf 91' lang='lat' dir='ltr'>totius</span> <span class='ocrx_word' id='word_1_11' title='bbox 2592 617 2786 679; x_wconf 91' lang='lat' dir='ltr'>urbis</span> <span class='ocrx_word' id='word_1_12' title='bbox 2825 617 2968 679; x_wconf 90' lang='lat' dir='ltr'>situ</span> 
     </span>
     <span class='ocr_line' id='line_1_3' title="bbox 501 725 2963 811; baseline -0.003 -18"><span class='ocrx_word' id='word_1_13' title='bbox 501 731 757 811; x_wconf 91' lang='lat' dir='ltr'>posit0,</span> <span class='ocrx_word' id='word_1_14' title='bbox 792 738 860 792; x_wconf 91' lang='lat' dir='ltr'>et</span> <span class='ocrx_word' id='word_1_15' title='bbox 882 728 1049 809; x_wconf 87' lang='lat' dir='ltr'>quia</span> <span class='ocrx_word' id='word_1_16' title='bbox 1076 745 1296 808; x_wconf 90' lang='lat' dir='ltr'>penes</span> <span class='ocrx_word' id='word_1_17' title='bbox 1318 728 1973 791; x_wconf 82' lang='lat' dir='ltr'>confraternitatem</span> <span class='ocrx_word' id='word_1_18' title='bbox 1996 726 2377 806; x_wconf 90' lang='lat' dir='ltr'>quamdam</span> <span class='ocrx_word' id='word_1_19' title='bbox 2401 733 2577 802; x_wconf 87' lang='lat' dir='ltr'>erat,</span> <span class='ocrx_word' id='word_1_20' title='bbox 2612 741 2773 797; x_wconf 82' lang='lat' dir='ltr'>cum</span> <span class='ocrx_word' id='word_1_21' title='bbox 2795 725 2963 786; x_wconf 88' lang='lat' dir='ltr'>mul·</span> 
     </span>
     <span class='ocr_line' id='line_1_4' title="bbox 500 830 2966 915; baseline -0.002 -15"><span class='ocrx_word' id='word_1_22' title='bbox 500 837 589 900; x_wconf 89' lang='lat' dir='ltr'>tis</span> <span class='ocrx_word' id='word_1_23' title='bbox 620 837 977 915; x_wconf 85' lang='lat' dir='ltr'>agendum</span> <span class='ocrx_word' id='word_1_24' title='bbox 1005 834 1157 911; x_wconf 89' lang='lat' dir='ltr'>fuit,</span> <span class='ocrx_word' id='word_1_25' title='bbox 1199 844 1271 897; x_wconf 89' lang='lat' dir='ltr'>et</span> <span class='ocrx_word' id='word_1_26' title='bbox 1313 835 1471 899; x_wconf 90' lang='lat' dir='ltr'>ideo</span> <span class='ocrx_word' id='word_1_27' title='bbox 1511 834 1684 897; x_wconf 88' lang='lat' dir='ltr'>nihil</span> <span class='ocrx_word' id='word_1_28' title='bbox 1720 834 1859 897; x_wconf 92' lang='lat' dir='ltr'>hoc</span> <span class='ocrx_word' id='word_1_29' title='bbox 1902 850 2089 897; x_wconf 92' lang='lat' dir='ltr'>anno</span> <span class='ocrx_word' id='word_1_30' title='bbox 2132 832 2564 910; x_wconf 82' lang='lat' dir='ltr'>confectum3</span> <span class='ocrx_word' id='word_1_31' title='bbox 2608 830 2733 893; x_wconf 92' lang='lat' dir='ltr'>sed</span> <span class='ocrx_word' id='word_1_32' title='bbox 2776 831 2966 910; x_wconf 92' lang='lat' dir='ltr'>apud</span> 
     </span>
     <span class='ocr_line' id='line_1_5' title="bbox 498 938 2966 1022; baseline -0.003 -14"><span class='ocrx_word' id='word_1_33' title='bbox 498 944 624 1008; x_wconf 88' lang='lat' dir='ltr'>Sti.</span> <span class='ocrx_word' id='word_1_34' title='bbox 656 943 943 1022; x_wconf 91' lang='lat' dir='ltr'>Aegidii</span> <span class='ocrx_word' id='word_1_35' title='bbox 980 942 1204 1006; x_wconf 86' lang='lat' dir='ltr'>nostri</span> <span class='ocrx_word' id='word_1_36' title='bbox 1249 942 1745 1020; x_wconf 81' lang='lat' dir='ltr'>versabantur,</span> <span class='ocrx_word' id='word_1_37' title='bbox 1792 941 1978 1022; x_wconf 92' lang='lat' dir='ltr'>quod</span> <span class='ocrx_word' id='word_1_38' title='bbox 2020 940 2327 1021; x_wconf 90' lang='lat' dir='ltr'>primum</span> <span class='ocrx_word' id='word_1_39' title='bbox 2371 940 2683 1019; x_wconf 90' lang='lat' dir='ltr'>ipsorum</span> <span class='ocrx_word' id='word_1_40' title='bbox 2733 938 2966 1018; x_wconf 88' lang='lat' dir='ltr'>hospi.-</span> 
     </span>
     <span class='ocr_line' id='line_1_6' title="bbox 500 1048 1887 1115; baseline -0.005 0"><span class='ocrx_word' id='word_1_41' title='bbox 500 1053 678 1115; x_wconf 88' lang='lat' dir='ltr'>tium</span> <span class='ocrx_word' id='word_1_42' title='bbox 704 1051 934 1113; x_wconf 88' lang='lat' dir='ltr'>fuerat</span> <span class='ocrx_word' id='word_1_43' title='bbox 969 1048 1011 1109; x_wconf 87' lang='lat'>¹.</span> <span class='ocrx_word' id='word_1_44' title='bbox 1882 1054 1887 1057; x_wconf 88' lang='grc'><em>’</em></span> 
     </span>
    </p>

    <p class='ocr_par' dir='ltr' id='par_1_3' title="bbox 499 1153 2969 1662">
     <span class='ocr_line' id='line_1_7' title="bbox 622 1153 2969 1236; baseline -0.003 -15"><span class='ocrx_word' id='word_1_45' title='bbox 622 1156 761 1221; x_wconf 90' lang='grc'><strong>488.</strong></span> <span class='ocrx_word' id='word_1_46' title='bbox 850 1157 1232 1221; x_wconf 89' lang='lat' dir='ltr'>Comitissa</span> <span class='ocrx_word' id='word_1_47' title='bbox 1264 1156 1524 1220; x_wconf 91' lang='lat' dir='ltr'>Osorni</span> <span class='ocrx_word' id='word_1_48' title='bbox 1553 1166 1953 1236; x_wconf 91' lang='lat' dir='ltr'>optaverat,</span> <span class='ocrx_word' id='word_1_49' title='bbox 1987 1166 2063 1219; x_wconf 93' lang='lat' dir='ltr'>ut</span> <span class='ocrx_word' id='word_1_50' title='bbox 2094 1156 2443 1236; x_wconf 84' lang='lat' dir='ltr'>superiori</span> <span class='ocrx_word' id='word_1_51' title='bbox 2473 1171 2659 1217; x_wconf 90' lang='lat' dir='ltr'>anno</span> <span class='ocrx_word' id='word_1_52' title='bbox 2703 1153 2969 1216; x_wconf 89' lang='lat' dir='ltr'>dictum</span> 
     </span>
     <span class='ocr_line' id='line_1_8' title="bbox 499 1259 2968 1345; baseline -0.003 -16"><span class='ocrx_word' id='word_1_53' title='bbox 499 1278 632 1345; x_wconf 83' lang='lat' dir='ltr'>est,</span> <span class='ocrx_word' id='word_1_54' title='bbox 665 1275 743 1329; x_wconf 92' lang='lat' dir='ltr'>ut</span> <span class='ocrx_word' id='word_1_55' title='bbox 772 1265 1073 1345; x_wconf 88' lang='lat' dir='ltr'>singulis</span> <span class='ocrx_word' id='word_1_56' title='bbox 1102 1265 1460 1328; x_wconf 90' lang='lat' dir='ltr'>mensibus</span> <span class='ocrx_word' id='word_1_57' title='bbox 1499 1264 1590 1327; x_wconf 92' lang='lat' dir='ltr'>ad</span> <span class='ocrx_word' id='word_1_58' title='bbox 1621 1262 1771 1343; x_wconf 90' lang='lat' dir='ltr'>ejus</span> <span class='ocrx_word' id='word_1_59' title='bbox 1813 1264 2334 1327; x_wconf 89' lang='lat' dir='ltr'>confessionem</span> <span class='ocrx_word' id='word_1_60' title='bbox 2377 1261 2801 1325; x_wconf 88' lang='lat' dir='ltr'>audiendam</span> <span class='ocrx_word' id='word_1_61' title='bbox 2839 1259 2968 1323; x_wconf 91' lang='lat' dir='ltr'>Pa-</span> 
     </span>
     <span class='ocr_line' id='line_1_9' title="bbox 504 1367 2968 1450; baseline -0.002 -15"><span class='ocrx_word' id='word_1_62' title='bbox 504 1383 685 1435; x_wconf 90' lang='lat' dir='ltr'>trem</span> <span class='ocrx_word' id='word_1_63' title='bbox 708 1370 966 1435; x_wconf 86' lang='lat' dir='ltr'>Strada</span> <span class='ocrx_word' id='word_1_64' title='bbox 991 1371 1240 1450; x_wconf 87' lang='lat' dir='ltr'>adiret;</span> <span class='ocrx_word' id='word_1_65' title='bbox 1266 1372 1392 1434; x_wconf 91' lang='lat' dir='ltr'>sed</span> <span class='ocrx_word' id='word_1_66' title='bbox 1415 1389 1574 1434; x_wconf 90' lang='lat' dir='ltr'>cum</span> <span class='ocrx_word' id='word_1_67' title='bbox 1599 1371 1713 1433; x_wconf 90' lang='lat' dir='ltr'>ille</span> <span class='ocrx_word' id='word_1_68' title='bbox 1736 1388 1813 1433; x_wconf 87' lang='lat' dir='ltr'>se</span> <span class='ocrx_word' id='word_1_69' title='bbox 1839 1380 2276 1447; x_wconf 82' lang='lat' dir='ltr'>excusasset,</span> <span class='ocrx_word' id='word_1_70' title='bbox 2311 1379 2379 1432; x_wconf 94' lang='lat' dir='ltr'>et</span> <span class='ocrx_word' id='word_1_71' title='bbox 2410 1369 2680 1431; x_wconf 89' lang='lat' dir='ltr'>socium</span> <span class='ocrx_word' id='word_1_72' title='bbox 2709 1385 2786 1430; x_wconf 96' lang='lat' dir='ltr'>se</span> <span class='ocrx_word' id='word_1_73' title='bbox 2811 1367 2968 1430; x_wconf 87' lang='lat' dir='ltr'>mis-</span> 
     </span>
     <span class='ocr_line' id='line_1_10' title="bbox 507 1473 2969 1560; baseline -0.002 -19"><span class='ocrx_word' id='word_1_74' title='bbox 507 1497 751 1542; x_wconf 83' lang='lat' dir='ltr'>surum</span> <span class='ocrx_word' id='word_1_75' title='bbox 779 1478 1223 1559; x_wconf 90' lang='lat' dir='ltr'>promisisset</span> <span class='ocrx_word' id='word_1_76' title='bbox 1241 1528 1255 1557; x_wconf 95' lang='lat'>,</span> <span class='ocrx_word' id='word_1_77' title='bbox 1290 1478 1478 1541; x_wconf 91' lang='lat' dir='ltr'>misit</span> <span class='ocrx_word' id='word_1_78' title='bbox 1508 1496 1750 1541; x_wconf 90' lang='lat' dir='ltr'>mense</span> <span class='ocrx_word' id='word_1_79' title='bbox 1778 1478 2119 1560; x_wconf 90' lang='lat' dir='ltr'>Januario</span> <span class='ocrx_word' id='word_1_80' title='bbox 2150 1485 2312 1558; x_wconf 89' lang='lat' dir='ltr'>post</span> <span class='ocrx_word' id='word_1_81' title='bbox 2340 1475 2813 1555; x_wconf 89' lang='lat' dir='ltr'>Epiphaniam</span> <span class='ocrx_word' id='word_1_82' title='bbox 2842 1473 2969 1537; x_wconf 89' lang='lat' dir='ltr'>Pa-</span> 
     </span>
     <span class='ocr_line' id='line_1_11' title="bbox 506 1580 2969 1662; baseline -0.002 -13"><span class='ocrx_word' id='word_1_83' title='bbox 506 1597 687 1649; x_wconf 90' lang='lat' dir='ltr'>trem</span> <span class='ocrx_word' id='word_1_84' title='bbox 713 1586 773 1648; x_wconf 92' lang='lat' dir='ltr'><strong>F</strong></span> <span class='ocrx_word' id='word_1_85' title='bbox 774 1586 1246 1649; x_wconf 88' lang='lat' dir='ltr'>erdinandum</span> <span class='ocrx_word' id='word_1_86' title='bbox 1274 1586 1586 1648; x_wconf 89' lang='lat' dir='ltr'>Alvarez</span> <span class='ocrx_word' id='word_1_87' title='bbox 1610 1585 1701 1648; x_wconf 86' lang='lat' dir='ltr'>ad</span> <span class='ocrx_word' id='word_1_88' title='bbox 1731 1586 2019 1648; x_wconf 91' lang='lat' dir='ltr'>domum</span> <span class='ocrx_word' id='word_1_89' title='bbox 2043 1583 2382 1662; x_wconf 86' lang='lat' dir='ltr'>Reginae,</span> <span class='ocrx_word' id='word_1_90' title='bbox 2413 1583 2530 1645; x_wconf 90' lang='lat' dir='ltr'>ubi</span> <span class='ocrx_word' id='word_1_91' title='bbox 2555 1592 2708 1644; x_wconf 90' lang='lat' dir='ltr'>erat</span> <span class='ocrx_word' id='word_1_92' title='bbox 2732 1600 2817 1644; x_wconf 91' lang='lat' dir='ltr'>ea</span> <span class='ocrx_word' id='word_1_93' title='bbox 2842 1580 2969 1645; x_wconf 92' lang='lat' dir='ltr'>Co-</span> 
     </span>
    </p>
   </div>
   <div class='ocr_carea' id='block_1_3' title="bbox 507 1690 3073 1759">
    <p class='ocr_par' dir='ltr' id='par_1_4' title="bbox 507 1690 3073 1759">
     <span class='ocr_line' id='line_1_12' title="bbox 507 1690 3073 1759; baseline -0.003 -3"><span class='ocrx_word' id='word_1_94' title='bbox 507 1694 784 1756; x_wconf 90' lang='lat' dir='ltr'>mitissa</span> <span class='ocrx_word' id='word_1_95' title='bbox 829 1710 989 1755; x_wconf 90' lang='lat' dir='ltr'>cum</span> <span class='ocrx_word' id='word_1_96' title='bbox 1039 1690 1345 1755; x_wconf 88' lang='lat' dir='ltr'>Ducissa</span> <span class='ocrx_word' id='word_1_97' title='bbox 1386 1692 1473 1754; x_wconf 91' lang='lat' dir='ltr'>de</span> <span class='ocrx_word' id='word_1_98' title='bbox 1513 1692 1741 1755; x_wconf 89' lang='lat' dir='ltr'>Frias.</span> <span class='ocrx_word' id='word_1_99' title='bbox 1786 1690 1965 1754; x_wconf 93' lang='lat' dir='ltr'>Octo</span> <span class='ocrx_word' id='word_1_100' title='bbox 2005 1691 2155 1753; x_wconf 92' lang='lat' dir='ltr'>dies</span> <span class='ocrx_word' id='word_1_101' title='bbox 2193 1690 2450 1753; x_wconf 89' lang='lat' dir='ltr'>ibidem</span> <span class='ocrx_word' id='word_1_102' title='bbox 2490 1697 2974 1751; x_wconf 87' lang='lat' dir='ltr'>commoratus</span> <span class='ocrx_word' id='word_1_103' title='bbox 3065 1749 3073 1759; x_wconf 76' lang='grc'><em>,</em></span> 
     </span>
    </p>
   </div>
   <div class='ocr_carea' id='block_1_4' title="bbox 503 1796 3028 4233">
    <p class='ocr_par' dir='ltr' id='par_1_5' title="bbox 503 1796 3028 4003">
     <span class='ocr_line' id='line_1_13' title="bbox 507 1796 2971 1880; baseline -0.002 -18"><span class='ocrx_word' id='word_1_104' title='bbox 507 1810 636 1879; x_wconf 82' lang='lat' dir='ltr'>est,</span> <span class='ocrx_word' id='word_1_105' title='bbox 673 1818 812 1880; x_wconf 90' lang='lat' dir='ltr'>quo</span> <span class='ocrx_word' id='word_1_106' title='bbox 835 1808 1151 1880; x_wconf 91' lang='lat' dir='ltr'>tempore</span> <span class='ocrx_word' id='word_1_107' title='bbox 1181 1798 1602 1863; x_wconf 87' lang='lat' dir='ltr'>Comitissae</span> <span class='ocrx_word' id='word_1_108' title='bbox 1627 1799 2145 1862; x_wconf 90' lang='lat' dir='ltr'>confessionem</span> <span class='ocrx_word' id='word_1_109' title='bbox 2169 1797 2439 1860; x_wconf 89' lang='lat' dir='ltr'>audivit</span> <span class='ocrx_word' id='word_1_110' title='bbox 2469 1806 2537 1858; x_wconf 92' lang='lat' dir='ltr'>et</span> <span class='ocrx_word' id='word_1_111' title='bbox 2559 1796 2862 1858; x_wconf 88' lang='lat' dir='ltr'>filiorum</span> <span class='ocrx_word' id='word_1_112' title='bbox 2886 1813 2971 1857; x_wconf 92' lang='lat' dir='ltr'>ac</span> 
     </span>
     <span class='ocr_line' id='line_1_14' title="bbox 507 1902 2965 1986; baseline -0.002 -17"><span class='ocrx_word' id='word_1_113' title='bbox 507 1907 809 1970; x_wconf 87' lang='lat' dir='ltr'>filiarum</span> <span class='ocrx_word' id='word_1_114' title='bbox 839 1904 991 1986; x_wconf 89' lang='lat' dir='ltr'>ejus</span> <span class='ocrx_word' id='word_1_115' title='bbox 1028 1916 1098 1969; x_wconf 95' lang='lat' dir='ltr'>et</span> <span class='ocrx_word' id='word_1_116' title='bbox 1137 1907 1450 1969; x_wconf 90' lang='lat' dir='ltr'>omnium</span> <span class='ocrx_word' id='word_1_117' title='bbox 1491 1906 1638 1969; x_wconf 87' lang='lat' dir='ltr'>fere</span> <span class='ocrx_word' id='word_1_118' title='bbox 1680 1906 2045 1986; x_wconf 89' lang='lat' dir='ltr'>utriusque</span> <span class='ocrx_word' id='word_1_119' title='bbox 2086 1921 2323 1983; x_wconf 81' lang='lat' dir='ltr'>sexuS,</span> <span class='ocrx_word' id='word_1_120' title='bbox 2368 1904 2489 1984; x_wconf 91' lang='lat' dir='ltr'>qui</span> <span class='ocrx_word' id='word_1_121' title='bbox 2527 1904 2591 1965; x_wconf 93' lang='lat' dir='ltr'>ei</span> <span class='ocrx_word' id='word_1_122' title='bbox 2633 1902 2965 1965; x_wconf 88' lang='lat' dir='ltr'>inservie-</span> 
     </span>
     <span class='ocr_line' id='line_1_15' title="bbox 503 2008 2972 2093; baseline -0.002 -18"><span class='ocrx_word' id='word_1_123' title='bbox 503 2014 707 2093; x_wconf 81' lang='lat' dir='ltr'>bant3</span> <span class='ocrx_word' id='word_1_124' title='bbox 752 2014 1023 2078; x_wconf 88' lang='lat' dir='ltr'>audivit</span> <span class='ocrx_word' id='word_1_125' title='bbox 1062 2013 1277 2076; x_wconf 88' lang='lat' dir='ltr'>etiam</span> <span class='ocrx_word' id='word_1_126' title='bbox 1317 2030 1563 2076; x_wconf 91' lang='lat' dir='ltr'>omnes</span> <span class='ocrx_word' id='word_1_127' title='bbox 1600 2013 1963 2091; x_wconf 79' lang='lat' dir='ltr'>muliereS,</span> <span class='ocrx_word' id='word_1_128' title='bbox 1997 2030 2179 2092; x_wconf 91' lang='lat' dir='ltr'>quae</span> <span class='ocrx_word' id='word_1_129' title='bbox 2217 2011 2288 2074; x_wconf 91' lang='lat' dir='ltr'>in</span> <span class='ocrx_word' id='word_1_130' title='bbox 2325 2010 2591 2073; x_wconf 88' lang='lat' dir='ltr'>familia</span> <span class='ocrx_word' id='word_1_131' title='bbox 2622 2008 2972 2072; x_wconf 90' lang='lat' dir='ltr'>Ducissae</span> 
     </span>
     <span class='ocr_line' id='line_1_16' title="bbox 507 2116 2972 2199; baseline -0.002 -17"><span class='ocrx_word' id='word_1_132' title='bbox 507 2130 735 2198; x_wconf 80' lang='lat' dir='ltr'>crant,</span> <span class='ocrx_word' id='word_1_133' title='bbox 770 2128 838 2183; x_wconf 92' lang='lat' dir='ltr'>et</span> <span class='ocrx_word' id='word_1_134' title='bbox 868 2120 1127 2184; x_wconf 91' lang='lat' dir='ltr'>bonam</span> <span class='ocrx_word' id='word_1_135' title='bbox 1157 2120 1478 2184; x_wconf 89' lang='lat' dir='ltr'>virorum</span> <span class='ocrx_word' id='word_1_136' title='bbox 1506 2129 1804 2199; x_wconf 87' lang='lat' dir='ltr'>partem,</span> <span class='ocrx_word' id='word_1_137' title='bbox 1850 2120 2033 2181; x_wconf 88' lang='lat' dir='ltr'>inter</span> <span class='ocrx_word' id='word_1_138' title='bbox 2060 2136 2238 2199; x_wconf 90' lang='lat' dir='ltr'>quos</span> <span class='ocrx_word' id='word_1_139' title='bbox 2273 2117 2675 2197; x_wconf 87' lang='lat' dir='ltr'>praefectus</span> <span class='ocrx_word' id='word_1_140' title='bbox 2718 2116 2972 2178; x_wconf 90' lang='lat' dir='ltr'>domus</span> 
     </span>
     <span class='ocr_line' id='line_1_17' title="bbox 510 2224 3028 2308; baseline -0.002 -19"><span class='ocrx_word' id='word_1_141' title='bbox 510 2228 662 2290; x_wconf 86' lang='lat' dir='ltr'>fuit.</span> <span class='ocrx_word' id='word_1_142' title='bbox 696 2228 917 2290; x_wconf 92' lang='lat' dir='ltr'>Totos</span> <span class='ocrx_word' id='word_1_143' title='bbox 948 2229 1185 2308; x_wconf 91' lang='lat' dir='ltr'>itaque</span> <span class='ocrx_word' id='word_1_144' title='bbox 1215 2228 1365 2291; x_wconf 91' lang='lat' dir='ltr'>dies</span> <span class='ocrx_word' id='word_1_145' title='bbox 1397 2236 1466 2290; x_wconf 92' lang='lat' dir='ltr'>et</span> <span class='ocrx_word' id='word_1_146' title='bbox 1495 2227 1810 2289; x_wconf 89' lang='lat' dir='ltr'>noctium</span> <span class='ocrx_word' id='word_1_147' title='bbox 1838 2234 2115 2306; x_wconf 91' lang='lat' dir='ltr'>partem</span> <span class='ocrx_word' id='word_1_148' title='bbox 2145 2226 2217 2287; x_wconf 92' lang='lat' dir='ltr'>in</span> <span class='ocrx_word' id='word_1_149' title='bbox 2239 2225 2376 2287; x_wconf 92' lang='lat' dir='ltr'>hoc</span> <span class='ocrx_word' id='word_1_150' title='bbox 2406 2224 2522 2303; x_wconf 94' lang='lat' dir='ltr'>pio</span> <span class='ocrx_word' id='word_1_151' title='bbox 2546 2224 2789 2286; x_wconf 91' lang='lat' dir='ltr'>labore</span> <span class='ocrx_word' id='word_1_152' title='bbox 2812 2239 2971 2286; x_wconf 93' lang='lat' dir='ltr'>con·</span> <span class='ocrx_word' id='word_1_153' title='bbox 3021 2232 3028 2241; x_wconf 85' lang='grc'><strong><em>’</em></strong></span> 
     </span>
     <span class='ocr_line' id='line_1_18' title="bbox 511 2317 2971 2413; baseline -0.002 -17"><span class='ocrx_word' id='word_1_154' title='bbox 511 2334 856 2413; x_wconf 88' lang='lat' dir='ltr'>sumebat,</span> <span class='ocrx_word' id='word_1_155' title='bbox 903 2344 972 2397; x_wconf 91' lang='lat' dir='ltr'>et</span> <span class='ocrx_word' id='word_1_156' title='bbox 1014 2336 1086 2397; x_wconf 90' lang='lat' dir='ltr'>in</span> <span class='ocrx_word' id='word_1_157' title='bbox 1135 2334 1743 2398; x_wconf 86' lang='lat' dir='ltr'>exhortationibus</span> <span class='ocrx_word' id='word_1_158' title='bbox 1794 2333 1885 2396; x_wconf 91' lang='lat' dir='ltr'>ad</span> <span class='ocrx_word' id='word_1_159' title='bbox 1925 2333 2212 2396; x_wconf 90' lang='lat' dir='ltr'>eosdem</span> <span class='ocrx_word' id='word_1_160' title='bbox 2236 2317 2511 2394; x_wconf 57' lang='lat' dir='ltr'>‘habitis</span> <span class='ocrx_word' id='word_1_161' title='bbox 2547 2331 2729 2393; x_wconf 89' lang='lat' dir='ltr'>inter</span> <span class='ocrx_word' id='word_1_162' title='bbox 2767 2347 2971 2409; x_wconf 88' lang='lat' dir='ltr'>pran-</span> 
     </span>
     <span class='ocr_line' id='line_1_19' title="bbox 510 2438 2975 2521; baseline -0.003 -16"><span class='ocrx_word' id='word_1_163' title='bbox 510 2442 818 2505; x_wconf 90' lang='lat' dir='ltr'>dendum</span> <span class='ocrx_word' id='word_1_164' title='bbox 846 2451 914 2504; x_wconf 90' lang='lat' dir='ltr'>et</span> <span class='ocrx_word' id='word_1_165' title='bbox 943 2442 1410 2519; x_wconf 89' lang='lat' dir='ltr'>coenandum,</span> <span class='ocrx_word' id='word_1_166' title='bbox 1445 2441 1694 2521; x_wconf 92' lang='lat' dir='ltr'>quibus</span> <span class='ocrx_word' id='word_1_167' title='bbox 1718 2441 1810 2503; x_wconf 85' lang='lat' dir='ltr'>ad</span> <span class='ocrx_word' id='word_1_168' title='bbox 1841 2440 2359 2503; x_wconf 88' lang='lat' dir='ltr'>confessionem</span> <span class='ocrx_word' id='word_1_169' title='bbox 2384 2438 2873 2514; x_wconf 85' lang='lat' dir='ltr'>movebantur,</span> <span class='ocrx_word' id='word_1_170' title='bbox 2908 2446 2975 2498; x_wconf 92' lang='lat' dir='ltr'>et</span> 
     </span>
     <span class='ocr_line' id='line_1_20' title="bbox 512 2542 2975 2628; baseline -0.002 -18"><span class='ocrx_word' id='word_1_171' title='bbox 512 2550 632 2612; x_wconf 89' lang='lat' dir='ltr'>alii</span> <span class='ocrx_word' id='word_1_172' title='bbox 681 2549 864 2611; x_wconf 89' lang='lat' dir='ltr'>alios</span> <span class='ocrx_word' id='word_1_173' title='bbox 901 2549 1330 2628; x_wconf 87' lang='lat' dir='ltr'>invitabant;</span> <span class='ocrx_word' id='word_1_174' title='bbox 1383 2548 1507 2612; x_wconf 91' lang='lat' dir='ltr'>sed</span> <span class='ocrx_word' id='word_1_175' title='bbox 1546 2558 1927 2628; x_wconf 86' lang='lat' dir='ltr'>antequam</span> <span class='ocrx_word' id='word_1_176' title='bbox 1977 2560 2221 2609; x_wconf 91' lang='lat' dir='ltr'>eorum</span> <span class='ocrx_word' id='word_1_177' title='bbox 2260 2544 2744 2608; x_wconf 86' lang='lat' dir='ltr'>confessiones</span> <span class='ocrx_word' id='word_1_178' title='bbox 2785 2542 2975 2605; x_wconf 91' lang='lat' dir='ltr'>audi-</span> 
     </span>
     <span class='ocr_line' id='line_1_21' title="bbox 514 2650 2980 2736; baseline -0.003 -17"><span class='ocrx_word' id='word_1_179' title='bbox 514 2666 643 2736; x_wconf 91' lang='lat' dir='ltr'>ret,</span> <span class='ocrx_word' id='word_1_180' title='bbox 679 2656 1094 2721; x_wconf 92' lang='lat' dir='ltr'>concionem</span> <span class='ocrx_word' id='word_1_181' title='bbox 1124 2657 1215 2721; x_wconf 89' lang='lat' dir='ltr'>ad</span> <span class='ocrx_word' id='word_1_182' title='bbox 1245 2674 1368 2720; x_wconf 92' lang='lat' dir='ltr'>eos</span> <span class='ocrx_word' id='word_1_183' title='bbox 1407 2656 1860 2720; x_wconf 87' lang='lat' dir='ltr'>instruendos</span> <span class='ocrx_word' id='word_1_184' title='bbox 1903 2654 2171 2718; x_wconf 86' lang='lat' dir='ltr'>habuit.</span> <span class='ocrx_word' id='word_1_185' title='bbox 2204 2654 2294 2717; x_wconf 93' lang='lat' dir='ltr'>Et</span> <span class='ocrx_word' id='word_1_186' title='bbox 2332 2670 2475 2716; x_wconf 93' lang='lat' dir='ltr'>non</span> <span class='ocrx_word' id='word_1_187' title='bbox 2519 2653 2748 2715; x_wconf 90' lang='lat' dir='ltr'>solum</span> <span class='ocrx_word' id='word_1_188' title='bbox 2785 2650 2980 2714; x_wconf 86' lang='lat' dir='ltr'>vires</span> 
     </span>
     <span class='ocr_line' id='line_1_22' title="bbox 516 2760 2973 2844; baseline -0.003 -18"><span class='ocrx_word' id='word_1_189' title='bbox 516 2766 838 2844; x_wconf 88' lang='lat' dir='ltr'>corporis</span> <span class='ocrx_word' id='word_1_190' title='bbox 869 2766 993 2828; x_wconf 89' lang='lat' dir='ltr'>sed</span> <span class='ocrx_word' id='word_1_191' title='bbox 1022 2765 1237 2827; x_wconf 90' lang='lat' dir='ltr'>etiam</span> <span class='ocrx_word' id='word_1_192' title='bbox 1276 2765 1568 2844; x_wconf 90' lang='lat' dir='ltr'>spiritus</span> <span class='ocrx_word' id='word_1_193' title='bbox 1606 2764 1797 2827; x_wconf 92' lang='lat' dir='ltr'>dedit</span> <span class='ocrx_word' id='word_1_194' title='bbox 1836 2763 2185 2825; x_wconf 90' lang='lat' dir='ltr'>Dominus</span> <span class='ocrx_word' id='word_1_195' title='bbox 2224 2762 2387 2824; x_wconf 92' lang='lat' dir='ltr'>huic</span> <span class='ocrx_word' id='word_1_196' title='bbox 2429 2760 2647 2838; x_wconf 90' lang='lat' dir='ltr'>Patri,</span> <span class='ocrx_word' id='word_1_197' title='bbox 2691 2760 2869 2822; x_wconf 90' lang='lat' dir='ltr'>adeo</span> <span class='ocrx_word' id='word_1_198' title='bbox 2902 2767 2973 2820; x_wconf 91' lang='lat' dir='ltr'>ut</span> 
     </span>
     <span class='ocr_line' id='line_1_23' title="bbox 513 2867 2981 2952; baseline -0.002 -19"><span class='ocrx_word' id='word_1_199' title='bbox 513 2872 662 2933; x_wconf 86' lang='lat' dir='ltr'>fere</span> <span class='ocrx_word' id='word_1_200' title='bbox 701 2889 968 2950; x_wconf 81' lang='lat' dir='ltr'>omneS,</span> <span class='ocrx_word' id='word_1_201' title='bbox 1018 2873 1135 2952; x_wconf 92' lang='lat' dir='ltr'>qui</span> <span class='ocrx_word' id='word_1_202' title='bbox 1174 2872 1239 2934; x_wconf 91' lang='lat' dir='ltr'>ei</span> <span class='ocrx_word' id='word_1_203' title='bbox 1289 2871 1595 2934; x_wconf 87' lang='lat' dir='ltr'>confessi</span> <span class='ocrx_word' id='word_1_204' title='bbox 1640 2881 1825 2948; x_wconf 92' lang='lat' dir='ltr'>sunt,</span> <span class='ocrx_word' id='word_1_205' title='bbox 1872 2887 2036 2933; x_wconf 92' lang='lat' dir='ltr'>cum</span> <span class='ocrx_word' id='word_1_206' title='bbox 2081 2886 2344 2948; x_wconf 89' lang='lat' dir='ltr'>magna</span> <span class='ocrx_word' id='word_1_207' title='bbox 2389 2867 2858 2929; x_wconf 89' lang='lat' dir='ltr'>commotione</span> <span class='ocrx_word' id='word_1_208' title='bbox 2909 2875 2981 2927; x_wconf 93' lang='lat' dir='ltr'>et</span> 
     </span>
     <span class='ocr_line' id='line_1_24' title="bbox 514 2972 2974 3058; baseline -0.002 -19"><span class='ocrx_word' id='word_1_209' title='bbox 514 2978 853 3058; x_wconf 89' lang='lat' dir='ltr'>lacrymis</span> <span class='ocrx_word' id='word_1_210' title='bbox 880 2996 966 3041; x_wconf 89' lang='lat' dir='ltr'>ac</span> <span class='ocrx_word' id='word_1_211' title='bbox 1006 2979 1369 3058; x_wconf 90' lang='lat' dir='ltr'>proposito</span> <span class='ocrx_word' id='word_1_212' title='bbox 1399 2979 1591 3041; x_wconf 85' lang='lat' dir='ltr'>vitae</span> <span class='ocrx_word' id='word_1_213' title='bbox 1631 2977 2128 3040; x_wconf 87' lang='lat' dir='ltr'>reformandae</span> <span class='ocrx_word' id='word_1_214' title='bbox 2170 2993 2254 3038; x_wconf 91' lang='lat' dir='ltr'>eo</span> <span class='ocrx_word' id='word_1_215' title='bbox 2287 2975 2427 3037; x_wconf 90' lang='lat' dir='ltr'>sint</span> <span class='ocrx_word' id='word_1_216' title='bbox 2466 2973 2692 3036; x_wconf 87' lang='lat' dir='ltr'>officio</span> <span class='ocrx_word' id='word_1_217' title='bbox 2730 2972 2974 3035; x_wconf 90' lang='lat' dir='ltr'>functi.</span> 
     </span>
     <span class='ocr_line' id='line_1_25' title="bbox 515 3080 2977 3158; baseline -0.002 -11"><span class='ocrx_word' id='word_1_218' title='bbox 515 3084 804 3147; x_wconf 87' lang='lat' dir='ltr'>Praeter</span> <span class='ocrx_word' id='word_1_219' title='bbox 834 3084 1220 3147; x_wconf 88' lang='lat' dir='ltr'>familiares</span> <span class='ocrx_word' id='word_1_220' title='bbox 1251 3085 1408 3147; x_wconf 92' lang='lat' dir='ltr'>illas</span> <span class='ocrx_word' id='word_1_221' title='bbox 1438 3085 1970 3147; x_wconf 86' lang='lat' dir='ltr'>exhortationes</span> <span class='ocrx_word' id='word_1_222' title='bbox 1993 3083 2195 3145; x_wconf 86' lang='lat' dir='ltr'>binas</span> <span class='ocrx_word' id='word_1_223' title='bbox 2219 3090 2456 3144; x_wconf 87' lang='lat' dir='ltr'>autem</span> <span class='ocrx_word' id='word_1_224' title='bbox 2481 3084 2721 3143; x_wconf 84' lang='lat' dir='ltr'>ternas</span> <span class='ocrx_word' id='word_1_225' title='bbox 2743 3080 2977 3158; x_wconf 86' lang='lat' dir='ltr'>singu—</span> 
     </span>
     <span class='ocr_line' id='line_1_26' title="bbox 514 3187 2977 3271; baseline -0.002 -18"><span class='ocrx_word' id='word_1_226' title='bbox 514 3191 601 3254; x_wconf 92' lang='lat' dir='ltr'>lis</span> <span class='ocrx_word' id='word_1_227' title='bbox 632 3191 901 3269; x_wconf 81' lang='lat' dir='ltr'>diebuS,</span> <span class='ocrx_word' id='word_1_228' title='bbox 934 3192 1041 3254; x_wconf 91' lang='lat' dir='ltr'>bis</span> <span class='ocrx_word' id='word_1_229' title='bbox 1071 3192 1347 3271; x_wconf 89' lang='lat' dir='ltr'>publice</span> <span class='ocrx_word' id='word_1_230' title='bbox 1387 3191 1850 3254; x_wconf 88' lang='lat' dir='ltr'>concionatus</span> <span class='ocrx_word' id='word_1_231' title='bbox 1880 3201 2010 3268; x_wconf 92' lang='lat' dir='ltr'>est,</span> <span class='ocrx_word' id='word_1_232' title='bbox 2053 3189 2282 3269; x_wconf 93' lang='lat' dir='ltr'>primo</span> <span class='ocrx_word' id='word_1_233' title='bbox 2316 3189 2388 3251; x_wconf 94' lang='lat' dir='ltr'>in</span> <span class='ocrx_word' id='word_1_234' title='bbox 2427 3187 2729 3250; x_wconf 88' lang='lat' dir='ltr'>ecclesia</span> <span class='ocrx_word' id='word_1_235' title='bbox 2771 3203 2977 3266; x_wconf 86' lang='lat' dir='ltr'>paro-</span> 
     </span>
     <span class='ocr_line' id='line_1_27' title="bbox 514 3293 2977 3377; baseline -0.003 -16"><span class='ocrx_word' id='word_1_236' title='bbox 514 3298 748 3377; x_wconf 91' lang='lat' dir='ltr'>chiali,</span> <span class='ocrx_word' id='word_1_237' title='bbox 784 3299 1095 3363; x_wconf 87' lang='lat' dir='ltr'>secundo</span> <span class='ocrx_word' id='word_1_238' title='bbox 1126 3298 1198 3360; x_wconf 93' lang='lat' dir='ltr'>in</span> <span class='ocrx_word' id='word_1_239' title='bbox 1229 3299 1529 3362; x_wconf 90' lang='lat' dir='ltr'>ecclesia</span> <span class='ocrx_word' id='word_1_240' title='bbox 1576 3298 1958 3376; x_wconf 91' lang='lat' dir='ltr'>Ducissae;</span> <span class='ocrx_word' id='word_1_241' title='bbox 1992 3306 2061 3359; x_wconf 94' lang='lat' dir='ltr'>et</span> <span class='ocrx_word' id='word_1_242' title='bbox 2089 3296 2365 3359; x_wconf 87' lang='lat' dir='ltr'>induxit</span> <span class='ocrx_word' id='word_1_243' title='bbox 2406 3293 2776 3373; x_wconf 91' lang='lat' dir='ltr'>utrobique</span> <span class='ocrx_word' id='word_1_244' title='bbox 2818 3311 2977 3356; x_wconf 90' lang='lat' dir='ltr'>con·</span> 
     </span>
     <span class='ocr_line' id='line_1_28' title="bbox 516 3399 2985 3483; baseline -0.002 -16"><span class='ocrx_word' id='word_1_245' title='bbox 516 3405 1034 3468; x_wconf 88' lang='lat' dir='ltr'>fraternitatem</span> <span class='ocrx_word' id='word_1_246' title='bbox 1064 3406 1369 3468; x_wconf 92' lang='lat' dir='ltr'>nominis</span> <span class='ocrx_word' id='word_1_247' title='bbox 1398 3405 1533 3468; x_wconf 93' lang='lat' dir='ltr'>Dei</span> <span class='ocrx_word' id='word_1_248' title='bbox 1562 3414 1813 3467; x_wconf 88' lang='lat' dir='ltr'>contra</span> <span class='ocrx_word' id='word_1_249' title='bbox 1855 3403 2418 3483; x_wconf 88' lang='lat' dir='ltr'>juramentorum</span> <span class='ocrx_word' id='word_1_250' title='bbox 2463 3402 2785 3463; x_wconf 90' lang='lat' dir='ltr'>abusum.</span> <span class='ocrx_word' id='word_1_251' title='bbox 2837 3399 2985 3462; x_wconf 83' lang='lat' dir='ltr'>Ali--</span> 
     </span>
     <span class='ocr_line' id='line_1_29' title="bbox 516 3509 2981 3593; baseline -0.002 -19"><span class='ocrx_word' id='word_1_252' title='bbox 516 3529 729 3591; x_wconf 90' lang='lat' dir='ltr'>quam</span> <span class='ocrx_word' id='word_1_253' title='bbox 745 3514 960 3576; x_wconf 91' lang='lat' dir='ltr'>etiam</span> <span class='ocrx_word' id='word_1_254' title='bbox 974 3514 1438 3593; x_wconf 88' lang='lat' dir='ltr'>pecuniarum</span> <span class='ocrx_word' id='word_1_255' title='bbox 1461 3531 1811 3576; x_wconf 87' lang='lat' dir='ltr'>summam</span> <span class='ocrx_word' id='word_1_256' title='bbox 1825 3512 2068 3589; x_wconf 87' lang='lat' dir='ltr'>colligi</span> <span class='ocrx_word' id='word_1_257' title='bbox 2091 3511 2161 3574; x_wconf 91' lang='lat' dir='ltr'>in</span> <span class='ocrx_word' id='word_1_258' title='bbox 2179 3509 2572 3573; x_wconf 90' lang='lat' dir='ltr'>subsidium</span> <span class='ocrx_word' id='word_1_259' title='bbox 2587 3525 2981 3589; x_wconf 86' lang='lat' dir='ltr'>pauperum</span> 
     </span>
     <span class='ocr_line' id='line_1_30' title="bbox 516 3614 2982 3696; baseline -0.002 -15"><span class='ocrx_word' id='word_1_260' title='bbox 516 3621 819 3683; x_wconf 87' lang='lat' dir='ltr'>curavit.</span> <span class='ocrx_word' id='word_1_261' title='bbox 855 3621 1159 3683; x_wconf 91' lang='lat' dir='ltr'>Demum</span> <span class='ocrx_word' id='word_1_262' title='bbox 1190 3638 1331 3682; x_wconf 91' lang='lat' dir='ltr'>non</span> <span class='ocrx_word' id='word_1_263' title='bbox 1361 3621 1512 3682; x_wconf 89' lang='lat' dir='ltr'>sine</span> <span class='ocrx_word' id='word_1_264' title='bbox 1538 3620 2021 3682; x_wconf 90' lang='lat' dir='ltr'>consolatione</span> <span class='ocrx_word' id='word_1_265' title='bbox 2046 3635 2309 3696; x_wconf 87' lang='lat' dir='ltr'>magna</span> <span class='ocrx_word' id='word_1_266' title='bbox 2332 3625 2402 3679; x_wconf 90' lang='lat' dir='ltr'>et</span> <span class='ocrx_word' id='word_1_267' title='bbox 2430 3616 2665 3678; x_wconf 84' lang='lat' dir='ltr'>fructu</span> <span class='ocrx_word' id='word_1_268' title='bbox 2694 3614 2982 3678; x_wconf 92' lang='lat' dir='ltr'>domum</span> 
     </span>
     <span class='ocr_line' id='line_1_31' title="bbox 519 3723 2981 3806; baseline -0.002 -18"><span class='ocrx_word' id='word_1_269' title='bbox 519 3724 836 3804; x_wconf 86' lang='lat' dir='ltr'>Reginae</span> <span class='ocrx_word' id='word_1_270' title='bbox 867 3727 1292 3806; x_wconf 79' lang='lat' dir='ltr'>relinquenS‚</span> <span class='ocrx_word' id='word_1_271' title='bbox 1327 3727 1605 3805; x_wconf 89' lang='lat' dir='ltr'>Burgos</span> <span class='ocrx_word' id='word_1_272' title='bbox 1629 3725 1856 3803; x_wconf 91' lang='lat' dir='ltr'>rediit,</span> <span class='ocrx_word' id='word_1_273' title='bbox 1895 3725 2013 3787; x_wconf 94' lang='lat' dir='ltr'>ubi</span> <span class='ocrx_word' id='word_1_274' title='bbox 2042 3725 2119 3787; x_wconf 91' lang='lat' dir='ltr'>P.</span> <span class='ocrx_word' id='word_1_275' title='bbox 2152 3723 2484 3787; x_wconf 87' lang='lat' dir='ltr'>Stradam</span> <span class='ocrx_word' id='word_1_276' title='bbox 2513 3723 2784 3785; x_wconf 88' lang='lat' dir='ltr'>invenit</span> <span class='ocrx_word' id='word_1_277' title='bbox 2817 3739 2981 3801; x_wconf 93' lang='lat' dir='ltr'>quo-</span> 
     </span>
     <span class='ocr_line' id='line_1_32' title="bbox 519 3830 2983 3913; baseline -0 -20"><span class='ocrx_word' id='word_1_278' title='bbox 519 3832 690 3894; x_wconf 90' lang='lat' dir='ltr'>tidie</span> <span class='ocrx_word' id='word_1_279' title='bbox 712 3834 941 3912; x_wconf 86' lang='lat' dir='ltr'>magis</span> <span class='ocrx_word' id='word_1_280' title='bbox 965 3834 1394 3896; x_wconf 83' lang='lat' dir='ltr'>excitantem</span> <span class='ocrx_word' id='word_1_281' title='bbox 1421 3833 1572 3913; x_wconf 89' lang='lat' dir='ltr'>ejus</span> <span class='ocrx_word' id='word_1_282' title='bbox 1602 3833 1796 3895; x_wconf 91' lang='lat' dir='ltr'>urbis</span> <span class='ocrx_word' id='word_1_283' title='bbox 1818 3832 2096 3894; x_wconf 82' lang='lat' dir='ltr'>animos</span> <span class='ocrx_word' id='word_1_284' title='bbox 2127 3832 2217 3893; x_wconf 92' lang='lat' dir='ltr'>ad</span> <span class='ocrx_word' id='word_1_285' title='bbox 2249 3830 2748 3909; x_wconf 89' lang='lat' dir='ltr'>cognitionem,</span> <span class='ocrx_word' id='word_1_286' title='bbox 2783 3830 2983 3892; x_wconf 84' lang='lat' dir='ltr'>timo—</span> 
     </span>
     <span class='ocr_line' id='line_1_33' title="bbox 519 3940 1454 4003; baseline -0.003 -2"><span class='ocrx_word' id='word_1_287' title='bbox 519 3956 669 4002; x_wconf 91' lang='lat' dir='ltr'>rem</span> <span class='ocrx_word' id='word_1_288' title='bbox 698 3949 766 4002; x_wconf 94' lang='lat' dir='ltr'>et</span> <span class='ocrx_word' id='word_1_289' title='bbox 798 3957 1114 4003; x_wconf 90' lang='lat' dir='ltr'>amorem</span> <span class='ocrx_word' id='word_1_290' title='bbox 1143 3940 1454 4003; x_wconf 91' lang='lat' dir='ltr'>Domini.</span> 
     </span>
    </p>

    <p class='ocr_par' dir='ltr' id='par_1_6' title="bbox 517 4041 2990 4233">
     <span class='ocr_line' id='line_1_34' title="bbox 637 4041 2981 4126; baseline -0.002 -17"><span class='ocrx_word' id='word_1_291' title='bbox 637 4046 780 4110; x_wconf 89' lang='grc'>489.</span> <span class='ocrx_word' id='word_1_292' title='bbox 869 4046 1256 4126; x_wconf 85' lang='lat' dir='ltr'>Quinquies</span> <span class='ocrx_word' id='word_1_293' title='bbox 1288 4064 1412 4126; x_wconf 91' lang='lat' dir='ltr'>per</span> <span class='ocrx_word' id='word_1_294' title='bbox 1450 4045 2071 4126; x_wconf 87' lang='lat' dir='ltr'>quadragesimam</span> <span class='ocrx_word' id='word_1_295' title='bbox 2111 4044 2184 4106; x_wconf 91' lang='lat' dir='ltr'>in</span> <span class='ocrx_word' id='word_1_296' title='bbox 2222 4041 2666 4105; x_wconf 89' lang='lat' dir='ltr'>hebdomada</span> <span class='ocrx_word' id='word_1_297' title='bbox 2708 4043 2981 4105; x_wconf 91' lang='lat' dir='ltr'>concio-</span> 
     </span>
     <span class='ocr_line' id='line_1_35' title="bbox 517 4148 2990 4233; baseline -0.003 -17"><span class='ocrx_word' id='word_1_298' title='bbox 517 4165 729 4217; x_wconf 85' lang='lat' dir='ltr'>natus</span> <span class='ocrx_word' id='word_1_299' title='bbox 758 4163 864 4216; x_wconf 91' lang='lat' dir='ltr'>est</span> <span class='ocrx_word' id='word_1_300' title='bbox 893 4153 1098 4216; x_wconf 90' lang='lat' dir='ltr'>statis</span> <span class='ocrx_word' id='word_1_301' title='bbox 1141 4153 1318 4215; x_wconf 93' lang='lat' dir='ltr'>locis</span> <span class='ocrx_word' id='word_1_302' title='bbox 1350 4171 1434 4215; x_wconf 88' lang='lat' dir='ltr'>ac</span> <span class='ocrx_word' id='word_1_303' title='bbox 1475 4152 1940 4233; x_wconf 89' lang='lat' dir='ltr'>temporibus;</span> <span class='ocrx_word' id='word_1_304' title='bbox 1987 4151 2290 4229; x_wconf 93' lang='lat' dir='ltr'>scilicet,</span> <span class='ocrx_word' id='word_1_305' title='bbox 2328 4148 2700 4212; x_wconf 90' lang='lat' dir='ltr'>dominicis</span> <span class='ocrx_word' id='word_1_306' title='bbox 2738 4149 2990 4211; x_wconf 80' lang='lat' dir='ltr'>diebus</span> 
     </span>
    </p>
   </div>
   <div class='ocr_carea' id='block_1_5' title="bbox 515 4413 2988 4768">
    <p class='ocr_par' dir='ltr' id='par_1_7' title="bbox 515 4413 2988 4768">
     <span class='ocr_line' id='line_1_36' title="bbox 599 4413 2988 4482; baseline -0.001 -12"><span class='ocrx_word' id='word_1_307' title='bbox 599 4427 617 4460; x_wconf 84' lang='lat'>¹</span> <span class='ocrx_word' id='word_1_308' title='bbox 675 4427 909 4482; x_wconf 83' lang='lat' dir='ltr'>Ignatius</span> <span class='ocrx_word' id='word_1_309' title='bbox 943 4427 1087 4471; x_wconf 85' lang='lat' dir='ltr'>Patri</span> <span class='ocrx_word' id='word_1_310' title='bbox 1123 4413 1351 4472; x_wconf 75' lang='lat' dir='ltr'>Antonio</span> <span class='ocrx_word' id='word_1_311' title='bbox 1386 4430 1447 4472; x_wconf 90' lang='lat' dir='ltr'>de</span> <span class='ocrx_word' id='word_1_312' title='bbox 1482 4430 1669 4480; x_wconf 81' lang='lat' dir='ltr'>Araoz,</span> <span class='ocrx_word' id='word_1_313' title='bbox 1704 4435 1761 4471; x_wconf 81' lang='lat' dir='ltr'>ut</span> <span class='ocrx_word' id='word_1_314' title='bbox 1795 4427 1947 4481; x_wconf 90' lang='lat' dir='ltr'>omni,</span> <span class='ocrx_word' id='word_1_315' title='bbox 1982 4438 2083 4481; x_wconf 79' lang='lat' dir='ltr'>qua</span> <span class='ocrx_word' id='word_1_316' title='bbox 2113 4426 2292 4480; x_wconf 82' lang='lat' dir='ltr'>possit,</span> <span class='ocrx_word' id='word_1_317' title='bbox 2324 4422 2596 4478; x_wconf 81' lang='lat' dir='ltr'>diligentia</span> <span class='ocrx_word' id='word_1_318' title='bbox 2617 4430 2763 4467; x_wconf 80' lang='lat' dir='ltr'>curet</span> <span class='ocrx_word' id='word_1_319' title='bbox 2784 4424 2988 4478; x_wconf 87' lang='lat' dir='ltr'>aliquos</span> 
     </span>
     <span class='ocr_line' id='line_1_37' title="bbox 517 4495 2984 4554; baseline -0.002 -13"><span class='ocrx_word' id='word_1_320' title='bbox 517 4496 720 4552; x_wconf 68' lang='lat' dir='ltr'>Burgos</span> <span class='ocrx_word' id='word_1_321' title='bbox 738 4498 946 4542; x_wconf 84' lang='lat' dir='ltr'>mittere</span> <span class='ocrx_word' id='word_1_322' title='bbox 968 4500 1053 4553; x_wconf 85' lang='lat' dir='ltr'>qui</span> <span class='ocrx_word' id='word_1_323' title='bbox 1074 4500 1307 4554; x_wconf 81' lang='lat' dir='ltr'>latinam,</span> <span class='ocrx_word' id='word_1_324' title='bbox 1327 4512 1574 4554; x_wconf 76' lang='lat' dir='ltr'>graecam</span> <span class='ocrx_word' id='word_1_325' title='bbox 1595 4507 1647 4544; x_wconf 86' lang='lat' dir='ltr'>et</span> <span class='ocrx_word' id='word_1_326' title='bbox 1667 4498 1970 4543; x_wconf 74' lang='lat' dir='ltr'>hebraicam</span> <span class='ocrx_word' id='word_1_327' title='bbox 1989 4498 2218 4552; x_wconf 78' lang='lat' dir='ltr'>linguam</span> <span class='ocrx_word' id='word_1_328' title='bbox 2238 4498 2307 4541; x_wconf 88' lang='lat' dir='ltr'>ibi</span> <span class='ocrx_word' id='word_1_329' title='bbox 2328 4495 2561 4551; x_wconf 78' lang='lat' dir='ltr'>profiteri</span> <span class='ocrx_word' id='word_1_330' title='bbox 2582 4496 2822 4550; x_wconf 82' lang='lat' dir='ltr'>valeant,</span> <span class='ocrx_word' id='word_1_331' title='bbox 2843 4496 2871 4538; x_wconf 87' lang='grc'><strong>2</strong></span> <span class='ocrx_word' id='word_1_332' title='bbox 2890 4495 2984 4538; x_wconf 86' lang='lat' dir='ltr'>Fe-</span> 
     </span>
     <span class='ocr_line' id='line_1_38' title="bbox 515 4565 2981 4624; baseline -0 -13"><span class='ocrx_word' id='word_1_333' title='bbox 515 4570 740 4624; x_wconf 81' lang='lat' dir='ltr'>bruarii;</span> <span class='ocrx_word' id='word_1_334' title='bbox 764 4570 1038 4620; x_wconf 72' lang='lat' dir='ltr'>Polaticus,</span> <span class='ocrx_word' id='word_1_335' title='bbox 1060 4582 1125 4614; x_wconf 82' lang='lat' dir='ltr'>ex</span> <span class='ocrx_word' id='word_1_336' title='bbox 1145 4583 1302 4621; x_wconf 72' lang='lat' dir='ltr'>com..</span> <span class='ocrx_word' id='word_1_337' title='bbox 1335 4572 1482 4616; x_wconf 87' lang='lat' dir='ltr'>Patri</span> <span class='ocrx_word' id='word_1_338' title='bbox 1516 4571 1794 4614; x_wconf 83' lang='lat' dir='ltr'>Francisco</span> <span class='ocrx_word' id='word_1_339' title='bbox 1829 4570 1892 4612; x_wconf 90' lang='lat' dir='ltr'>de</span> <span class='ocrx_word' id='word_1_340' title='bbox 1927 4569 2181 4622; x_wconf 82' lang='lat' dir='ltr'>Estrada,</span> <span class='ocrx_word' id='word_1_341' title='bbox 2213 4570 2273 4611; x_wconf 91' lang='lat' dir='ltr'>de</span> <span class='ocrx_word' id='word_1_342' title='bbox 2310 4567 2560 4611; x_wconf 83' lang='lat' dir='ltr'>reditibus</span> <span class='ocrx_word' id='word_1_343' title='bbox 2597 4566 2661 4609; x_wconf 86' lang='lat' dir='ltr'>ad</span> <span class='ocrx_word' id='word_1_344' title='bbox 2699 4565 2981 4621; x_wconf 82' lang='lat' dir='ltr'>Collegium</span> 
     </span>
     <span class='ocr_line' id='line_1_39' title="bbox 519 4638 2985 4697; baseline -0.001 -14"><span class='ocrx_word' id='word_1_345' title='bbox 519 4641 707 4696; x_wconf 75' lang='lat' dir='ltr'>But-gis</span> <span class='ocrx_word' id='word_1_346' title='bbox 728 4641 1026 4697; x_wconf 85' lang='lat' dir='ltr'>erigendum</span> <span class='ocrx_word' id='word_1_347' title='bbox 1048 4644 1254 4696; x_wconf 70' lang='lat' dir='ltr'>oblatlS,</span> <span class='ocrx_word' id='word_1_348' title='bbox 1276 4644 1337 4687; x_wconf 89' lang='lat' dir='ltr'>de</span> <span class='ocrx_word' id='word_1_349' title='bbox 1361 4643 1581 4687; x_wconf 81' lang='lat' dir='ltr'>ecclesia</span> <span class='ocrx_word' id='word_1_350' title='bbox 1600 4653 1691 4685; x_wconf 83' lang='lat' dir='ltr'>seu</span> <span class='ocrx_word' id='word_1_351' title='bbox 1712 4642 1884 4696; x_wconf 84' lang='lat' dir='ltr'>potius</span> <span class='ocrx_word' id='word_1_352' title='bbox 1903 4642 2098 4684; x_wconf 83' lang='lat' dir='ltr'>sacello</span> <span class='ocrx_word' id='word_1_353' title='bbox 2120 4640 2308 4684; x_wconf 88' lang='lat' dir='ltr'>ibidem</span> <span class='ocrx_word' id='word_1_354' title='bbox 2330 4638 2667 4691; x_wconf 83' lang='lat' dir='ltr'>exstruendo,</span> <span class='ocrx_word' id='word_1_355' title='bbox 2690 4638 2752 4681; x_wconf 89' lang='lat' dir='ltr'>de</span> <span class='ocrx_word' id='word_1_356' title='bbox 2776 4639 2985 4683; x_wconf 83' lang='lat' dir='ltr'>Abbate</span> 
     </span>
     <span class='ocr_line' id='line_1_40' title="bbox 516 4711 2048 4768; baseline 0.001 -13"><span class='ocrx_word' id='word_1_357' title='bbox 516 4711 580 4755; x_wconf 62' lang='lat' dir='ltr'>de</span> <span class='ocrx_word' id='word_1_358' title='bbox 604 4711 756 4757; x_wconf 72' lang='lat' dir='ltr'>Salas</span> <span class='ocrx_word' id='word_1_359' title='bbox 776 4724 909 4767; x_wconf 78' lang='lat' dir='ltr'>quae</span> <span class='ocrx_word' id='word_1_360' title='bbox 930 4724 1045 4757; x_wconf 85' lang='lat' dir='ltr'>cum</span> <span class='ocrx_word' id='word_1_361' title='bbox 1066 4725 1126 4758; x_wconf 90' lang='lat' dir='ltr'>eo</span> <span class='ocrx_word' id='word_1_362' title='bbox 1149 4713 1342 4759; x_wconf 86' lang='lat' dir='ltr'>Romae</span> <span class='ocrx_word' id='word_1_363' title='bbox 1365 4722 1485 4759; x_wconf 79' lang='lat' dir='ltr'>acta</span> <span class='ocrx_word' id='word_1_364' title='bbox 1506 4720 1641 4766; x_wconf 81' lang='lat' dir='ltr'>sunt.</span> <span class='ocrx_word' id='word_1_365' title='bbox 1667 4715 1686 4757; x_wconf 88' lang='lat' dir='ltr'>l</span> <span class='ocrx_word' id='word_1_366' title='bbox 1711 4712 2048 4768; x_wconf 71' lang='lat' dir='ltr'>Septembris.</span> 
     </span>
    </p>
   </div>
  </div>
 </body>
</html>
