3679 5414
700 464 813 524 184
1615 464 1872 525 Canon.
1913 465 2070 525 Soc.
2108 467 2248 540 Jsss.

693 630 815 675 ces
840 611 1139 689 faceret,
1182 628 1275 673 an
1312 611 1680 691 expediret
1714 629 1841 674 eas
1888 612 1986 675 illi
2036 612 2336 676 auferre.
2375 611 2579 675 Pium
2618 628 2799 692 opus
2832 611 3016 690 fore,
3055 612 3156 674 ait

689 718 1264 800 christophorus,
1284 735 1469 795 cum,
1490 718 1875 781 habitando
1899 719 2086 801 apud
2100 728 2400 782 matrem
2411 717 2836 798 hujusmodi,
2854 719 3154 782 alterum

684 824 833 905 jam
861 825 1112 906 pedem
1144 826 1216 888 in
1246 824 1520 888 inferno
1549 825 1810 888 habere
1837 826 2270 889 viderentur.
2312 825 2586 888 Placuit
2625 825 2976 888 Ducissae
3004 825 3157 905 eJ'us

689 932 1040 995 sententia
1069 940 1140 994 et
1169 933 1408 994 statim
1436 932 1627 995 misit
1655 932 1775 1012 qui
1804 933 2079 1012 puellas
2107 950 2150 994 a
2180 942 2407 996 matre
2436 933 2768 996 auferret.

808 1038 909 1102 38.
997 1038 1362 1102 Dederunt
1388 1048 1759 1119 praeterea
1797 1040 1870 1102 in
1899 1041 2184 1122 scriptis
2219 1040 2570 1103 Ducissae
2611 1041 2927 1104 rationes
2952 1059 3155 1121 quas-

692 1146 859 1210 dam
895 1146 1121 1210 Roma
1159 1148 1417 1210 missas
1460 1165 1504 1209 a
1554 1145 1631 1210 P.
1673 1147 1982 1226 IgnatiO,
2026 1157 2316 1228 propter
2353 1165 2534 1228 quas
2568 1147 2963 1227 Collegium
2999 1148 3152 1210 Flo-

690 1254 963 1318 rentiae
990 1254 1229 1334 potius
1258 1272 1470 1335 quam
1498 1253 1681 1317 Pisis
1718 1264 1907 1318 esset
1947 1254 2483 1333 instituendum,
2523 1273 2702 1335 quas
2728 1255 2848 1318 illa
2879 1256 3154 1334 accepit

687 1361 896 1440 Duci,
922 1370 999 1424 ut
1020 1361 1351 1439 creditur,
1382 1370 1776 1424 ostensura.
1810 1361 2099 1425 Interim
2119 1362 2435 1426 remissis
2457 1362 2673 1425 sociis
2692 1361 3149 1440 Florentiam,

690 1477 975 1534 nostros
1003 1468 1553 1547 admonuerunt,
1595 1485 1735 1548 quo
1779 1469 1852 1531 in
1890 1478 2081 1532 statu
2119 1487 2235 1531 res
2262 1480 2498 1532 essent
2533 1486 2619 1531 ac
2658 1469 2792 1531 sibi
2818 1469 3046 1532 videri
3082 1469 3154 1531 in

691 1576 1199 1639 conductitiam
1228 1575 1515 1638 domum
1557 1576 2038 1655 migrandum,
2079 1585 2159 1639 ut
2196 1576 2339 1639 dici
2379 1557 2620 1657 posset
2648 1575 2838 1656 quod
2859 1575 3007 1656 jam
3034 1593 3152 1638 no-

690 1683 818 1745 stri
860 1683 1145 1745 domum
1186 1682 1588 1745 Florentiae
1619 1679 2117 1745 inhabitarent.
2163 1682 2467 1758 Demum
2505 1700 2669 1745 cum
2696 1682 3006 1746 Ducissa
3033 1683 3153 1745 diu

688 1805 1088 1853 sermonem
1137 1807 1297 1852 cum
1349 1789 1861 1869 Christophoro
1910 1791 2409 1869 protraxisset,
2470 1791 2647 1853 haec
2703 1788 2853 1868 eJ'us
2905 1791 3154 1853 ultima

689 1897 1037 1959 sententia
1075 1896 1237 1960 fuit:
1278 1897 1846 1978 quandoquidem
1883 1896 2107 1960 nostri
2140 1895 2288 1976 jam
2325 1898 2560 1960 locum
2606 1897 2950 1960 haberent
2995 1897 3152 1960 Flo·

688 2005 988 2083 rentiae,
1034 2004 1219 2066 intra
1251 2005 1701 2083 quatriduum
1735 2023 1813 2068 se
1843 2022 1966 2068 eos
2004 2005 2524 2084 expedituram3
2567 2013 2637 2068 et
2675 2005 2958 2068 demum
2992 2022 3149 2084 pro·

684 2113 880 2176 bavit
907 2121 984 2174 ut
1004 2111 1405 2175 Florentiae
1428 2121 1817 2190 manerent,
1852 2122 1920 2175 et
1941 2122 2224 2193 praeter
2244 2114 2607 2188 viaticum,
2635 2112 3149 2193 quinquaginta
3255 2099 3268 2112 ’

685 2236 942 2282 aureos
972 2218 1186 2297 dedit,
1220 2228 1298 2281 ut
1326 2219 1725 2299 expendere
1754 2220 1827 2282 in
1857 2211 2070 2282 'rebus
2093 2221 2516 2284 necessariis
2545 2222 2959 2300 inciperent.

803 2325 904 2388 39.
993 2325 1271 2389 Interea
1321 2329 1552 2390 nostri
1597 2326 2001 2390 Florentiae
2049 2329 2272 2391 lectos
2321 2336 2392 2390 et
2437 2329 2897 2407 supellectilia
2947 2345 3147 2409 para-

690 2433 892 2512 bant;
926 2442 997 2496 et
1024 2444 1441 2514 pergratum
1472 2435 1609 2497 illis
1635 2434 1766 2497 fuit
1794 2436 2132 2497 nuncium
2169 2444 2239 2498 et
2276 2435 2490 2497 etiam
2533 2437 2772 2498 multis
2811 2435 3144 2511 externiS,

683 2557 846 2603 cum
904 2539 1298 2620 Collegium
1342 2541 1757 2605 Florentiae
1814 2543 2163 2605 maturius
2218 2553 2424 2605 esset.
2485 2542 2573 2604 Et
2624 2543 2727 2605 sic
2778 2543 3149 2605 consilium

683 2646 760 2710 Ρ.
797 2647 1059 2726 Ignatii
1088 2664 1504 2730 prosperum
1534 2649 1795 2713 habere
1825 2667 2232 2714 successum
2264 2650 2498 2713 visum
2526 2658 2657 2713 est.
2688 2649 2777 2713 Et
2805 2650 2970 2730 quia
3005 2666 3151 2712 non

680 2756 987 2834 exiguae
1028 2774 1385 2836 expensae
1425 2757 1497 2819 in
1534 2758 1748 2820 rebus
1789 2759 2214 2820 necessariis
2253 2758 2756 2837 comparandis
2801 2766 3004 2820 erant
3050 2755 3150 2819 fa-

683 2862 1000 2942 ciendae,
1034 2863 1549 2943 quinquaginta
1580 2881 1858 2944 aureOS,
1893 2865 1984 2926 ad
2013 2882 2191 2945 quos
2217 2865 2619 2928 Florentiae
2650 2863 3054 2946 capiendOS,
3090 2864 3149 2925 si

686 2985 865 3048 opus
893 2979 1115 3048 esset,
1150 2970 1422 3033 litteras
1450 2969 1528 3032 Ρ.
1560 2972 1879 3050 Ignatius
1908 2971 2229 3050 dederat,
2264 2980 2722 3051 acceperunt;
2757 2983 2826 3034 et
2855 2988 3146 3034 scamna

687 3094 771 3138 ac
801 3094 916 3139 res
945 3079 1391 3140 necessarias
1420 3078 1512 3140 ad
1540 3078 1829 3140 scholae
1868 3077 2475 3158 commoditatem,
2523 3078 2772 3142 eodem
2815 3078 3146 3141 transcri-

688 3183 926 3262 bente,
959 3194 1497 3264 compararunt;
1539 3186 1868 3265 quamvis
1906 3203 2128 3266 usque
2167 3186 2259 3248 ad
2297 3185 2478 3249 festa
2515 3185 2836 3248 natalitia
2873 3195 3145 3246 transa-

685 3300 797 3352 cta
838 3300 907 3353 et
948 3292 1116 3353 anni
1158 3290 1517 3372 sequentis
1556 3292 1830 3355 initium
1871 3293 2212 3355 lectiones
2249 3311 2393 3356 non
2430 3302 2632 3355 erant
2675 3291 3136 3356 inchoandae.

684 3396 1076 3473 Audiendis
1132 3398 1690 3461 confessionibus
1749 3399 2157 3463 sacerdotes
2187 3410 2587 3480 vacarunt,
2650 3417 2812 3462 cum
2867 3408 3144 3478 tempus

685 3504 917 3582 ipsum
957 3504 1047 3567 ad
1086 3502 1486 3585 hujusmodi
1537 3524 1834 3569 messem
1874 3506 2209 3570 idoneum
2247 3515 2463 3585 esset,
2506 3516 2576 3569 et
2605 3507 2687 3569 in
2736 3505 3142 3569 carceribus

685 3611 820 3673 hoc
849 3611 1134 3691 pietatis
1164 3612 1392 3675 officio
1422 3622 1585 3676 sunt
1622 3613 1845 3676 functi
1884 3623 1954 3676 et
1994 3614 2130 3693 piis
2173 3613 2782 3677 exhortationibus
2823 3631 2976 3687 eos,
3023 3611 3140 3690 qui

685 3718 781 3780 ibi
811 3717 1325 3800 detinebantur,
1348 3719 1703 3800 juverunt;
1737 3729 1805 3782 et
1834 3738 1998 3783 cum
2026 3738 2169 3784 non
2194 3729 2484 3801 possent
2514 3721 2837 3784 omnibus
2866 3718 3140 3782 satisfa-

683 3843 878 3905 cere,
912 3827 1031 3905 qui
1061 3827 1150 3889 ab
1181 3827 1285 3889 eis
1306 3826 1545 3906 juvari
1575 3828 1981 3908 cupiebant,
2018 3828 2232 3891 alium
2262 3828 2706 3891 sacerdotem
2732 3826 2996 3890 Rector
3023 3843 3141 3905 po·

684 3932 1013 3995 stulabat.
1059 3932 1308 4013 Coepit
1349 3932 1534 3996 idem
1578 3942 1740 3996 ante
1780 3932 1962 3996 festa
2012 3935 2337 3998 natalitia
2378 3934 2838 3998 christianam
2889 3932 3140 3995 doctri·

685 4057 853 4102 nam
901 4040 973 4101 in
1009 4042 1268 4120 templo
1308 4038 1550 4103 Sancti
1594 4039 1795 4104 Pauli
1833 4041 2307 4123 interpretari,
2350 4051 2420 4105 et
2461 4043 2636 4105 satis
2673 4041 2871 4104 multi
2911 4047 3140 4102 aetate

684 4147 1038 4226 provecti,
1073 4148 1305 4227 potius
1334 4163 1548 4227 quam
1573 4149 1803 4227 pueri,
1849 4149 1941 4211 ad
1968 4166 2130 4213 eum
2158 4148 2586 4212 audiendum
2614 4148 3063 4211 confluebant
3094 4143 3135 4208 ¹.

806 4252 906 4318 40.
996 4254 1261 4317 Eodem
1289 4253 1435 4317 fere
1465 4264 1785 4335 tempore
1814 4256 2114 4319 ecclesia
2157 4254 2282 4319 Sti.
2328 4256 2654 4339 Josephi,
2697 4271 2878 4334 quae
2917 4250 3141 4331 cujus·

686 4360 851 4423 dam
880 4370 987 4423 est
1016 4360 1646 4442 confraternitatis,
1680 4362 1753 4424 in
1783 4379 1989 4426 usum
2020 4362 2318 4442 Collegii
2359 4363 2594 4426 oblata
2633 4372 2769 4436 est;
2816 4361 2939 4423 sed
2978 4359 3141 4439 quia

768 4633 786 4665 Ι
844 4634 1097 4678 Polaticus
1128 4635 1396 4680 Ludovico
1424 4637 1578 4681 fratri
1612 4639 1812 4691 gratian
1843 4649 2003 4689 agens
2031 4649 2124 4692 pro
2159 4639 2247 4689 ils,
2278 4649 2409 4691 quae
2444 4637 2740 4681 Florentiae
2773 4636 2824 4679 in
2864 4634 3145 4679 Societatis

688 4705 919 4750 favorem
942 4713 1090 4750 curat
1106 4741 1117 4762 ,
1139 4709 1190 4751 17
1209 4707 1462 4752 Octobris.
