3679 5414
730 477 835 535 134
1639 477 1893 536 Cimon.
1935 474 2088 536 Soc.
2130 477 2270 550 Jsss.

729 622 1119 702 profutura.
1156 622 1281 685 Est
1312 623 1819 685 monasterium
1854 623 2021 685 illud
2050 622 2121 684 in
2144 621 2450 685 confinio
2481 621 2686 700 regni
2708 620 3195 701 portugalliae

731 741 942 808 atque
973 729 1363 808 Galleciae,
1391 747 1572 809 quae
1607 746 1833 808 regna
1867 729 2285 792 intermedio
2318 727 2536 790 Minio
2564 728 2846 791 flumine
2869 729 3185 791 dividun-

733 846 866 898 tur.
895 835 1142 915 Populi
1172 848 1406 899 autem
1437 836 1682 898 inculti
1710 834 2094 898 admodum
2133 845 2202 898 et
2238 836 2482 913 rudeS,
2522 853 2655 898 nec
2685 834 3027 914 exemplis
3055 853 3187 898 nec

732 943 1056 1006 doctrina
1084 943 1560 1022 parochorum
1584 942 1885 1005 aliorum
1910 942 2151 1022 adjuti,
2179 951 2548 1022 tantopere
2572 943 3053 1021 spiritualibus
3076 960 3191 1004 au·

735 1050 922 1113 xiliis
960 1050 1398 1129 indigebant,
1433 1058 1508 1112 ut
1550 1050 1900 1113 creditum
1932 1050 2021 1112 sit
2052 1048 2187 1112 Dei
2214 1049 2661 1128 providentia
2683 1049 3009 1112 effectum
3036 1065 3193 1111 esse

735 1168 809 1221 ut
853 1158 924 1220 hi
975 1157 1242 1221 reditus
1292 1156 1607 1236 Collegio
1658 1155 2224 1219 Conimbricensi
2267 1157 2824 1236 applicarentur3
2877 1166 2977 1235 ut,
3029 1156 3196 1219 dum

737 1264 905 1327 illud
944 1264 1362 1343 temporalia
1399 1263 1627 1340 metit,
1672 1263 2068 1342 spiritualia
2106 1261 2531 1326 documenta
2571 1263 2848 1326 serendi
2886 1263 3192 1325 occasio·

734 1389 896 1435 nem
945 1380 1016 1434 et
1064 1371 1435 1435 charitatis
1483 1370 1865 1450 quamdam
1914 1370 2439 1458 obligationem·
2465 1371 2776 1433 haberet.
2838 1370 2927 1433 Et
2982 1378 3059 1433 ut
3107 1387 3198 1432 ex

734 1478 1100 1558 principiis
1148 1478 1387 1556 colligi
1437 1486 1738 1556 poterat,
1791 1477 2189 1540 uberrimus
2230 1476 2501 1540 fructus
2543 1495 2634 1540 ex
2672 1477 2806 1540 hoc
2845 1477 3087 1541 labore
3125 1477 3197 1538 in

737 1585 1051 1659 futurum
1079 1585 1471 1664 sperandus
1499 1583 1893 1647 videbatur.
1924 1582 2245 1664 Quinque
2276 1584 2656 1663 parochiae
2686 1583 3036 1647 Abbatiae
3053 1581 3201 1662 jam

738 1693 826 1755 ab
858 1692 1145 1772 antiquo
1176 1708 1497 1754 annexae
1526 1690 1841 1768 fuerant;
1876 1690 2000 1753 sed
2029 1691 2268 1770 populi
2307 1708 2392 1753 ac
2433 1691 2690 1771 oppida
2731 1691 2871 1754 alia
2899 1691 3201 1769 plurima

740 1787 904 1862 sunt
935 1807 1214 1878 praeter
1248 1799 1366 1860 illa
1406 1798 1477 1860 in
1516 1798 1769 1878 quibus
1796 1799 2096 1860 verbum
2134 1797 2268 1861 Dei
2317 1806 2386 1860 et
2432 1796 2894 1860 Sacramenta
2932 1796 3199 1860 confes-

740 1906 959 1969 sionis
1015 1924 1101 1968 ac
1155 1904 1669 1967 communionis
1726 1904 2117 1983 perutiliter
2173 1904 2492 1967 exerceri
2549 1912 2964 1985 coeperunt.
3025 1904 3202 1967 Cum

742 2014 958 2091 igitur
988 2012 1278 2091 triginta
1309 2012 1616 2091 quinque
1647 2029 1735 2074 ex
1764 2011 2026 2074 nostris
2055 2010 2149 2073 ibi
2180 2011 2549 2089 degerent,
2584 2012 2807 2074 voluit
2843 2010 2920 2074 P.
2962 2009 3200 2074 Simon

747 2137 832 2182 eo
864 2137 939 2183 se
971 2119 1293 2182 conferre
1335 2127 1409 2181 ut
1447 2136 1709 2181 novam
1751 2118 1942 2180 illam
1984 2117 2301 2196 domum,
2350 2127 2559 2196 prout
2602 2119 2999 2198 oportebat,
3045 2135 3208 2180 con-

747 2227 1090 2289 stitueret.
1126 2226 1472 2304 Quamvis
1502 2233 1739 2288 autem
1776 2225 1848 2287 in
1885 2233 2158 2287 aestate
2197 2233 2469 2287 tantum
2505 2234 2652 2287 tam
2692 2226 2892 2287 multi
2920 2224 3201 2301 fuerint,

747 2334 912 2413 quia
968 2334 1098 2395 sub
1157 2342 1570 2395 autumnum
1628 2332 2037 2394 scholastici
2093 2331 2614 2395 Conimbricam
2663 2332 3052 2411 redierunt,
3112 2330 3206 2393 ibi

745 2440 1199 2502 nihilominus
1230 2439 1443 2519 aliqui
1471 2438 1565 2501 ad
1593 2440 2053 2519 temporalem
2093 2438 2391 2518 Collegii
2418 2446 2488 2501 et
2516 2439 2954 2517 spiritualem
2996 2456 3208 2518 popu·

743 2548 973 2610 lorum
1006 2547 1283 2609 illorum
1313 2546 1687 2609 utilitatem
1715 2563 1992 2624 semper
2023 2555 2468 2622 manserunt;
2504 2546 2623 2625 qui
2652 2547 2851 2609 locus
2883 2557 2951 2608 et
2981 2563 3207 2608 amoe-

749 2653 968 2717 nitate
999 2662 1065 2717 et
1098 2653 1512 2716 salubritate
1542 2670 1714 2717 sane
1744 2652 2045 2716 eximius
2067 2669 2222 2716 esse
2252 2652 2732 2732 deprehensus
2755 2662 2883 2717 est.

866 2761 1006 2824 321.
1097 2760 1251 2823 Hoc
1292 2762 1443 2840 ipso
1482 2777 1668 2824 anno
1719 2760 2073 2823 secundus
2123 2760 2607 2840 philosophiae
2656 2778 2906 2824 cursus
2943 2760 3015 2822 in
3055 2759 3206 2823 Col-

748 2868 937 2946 legio
969 2877 1210 2930 nostro
1241 2876 1348 2930 est
1379 2868 1772 2945 inchoatuS,
1791 2876 1877 2929 et
1905 2884 1993 2929 ex
2024 2866 2155 2943 his,
2191 2867 2307 2945 qui
2340 2867 2420 2951 in⁸
2441 2867 2678 2930 latinis
2700 2876 2768 2930 et
2790 2868 3074 2945 graecis
3104 2868 3209 2930 lit·

749 2975 919 3037 teris
949 2974 1218 3036 versati
1247 2973 1549 3050 fuerant,
1583 2973 2119 3052 quatuordecim
2148 2991 2238 3035 ex
2271 2974 2536 3035 nostris
2569 2974 2638 3035 in
2670 2991 2753 3035 eo
2778 2974 2991 3052 positi
3021 2983 3204 3036 sunt.

752 3080 1171 3157 ConcioneS,
1212 3097 1394 3159 quae
1423 3098 1466 3142 a
1495 3079 1997 3157 Collegialibus
2026 3078 2178 3142 fieri
2206 3080 2547 3156 solebant,
2595 3080 2729 3141 hoc
2761 3097 2948 3143 anno
2979 3081 3206 3143 mode·

753 3196 951 3250 ratae
980 3186 1293 3264 fuerunt,
1336 3203 1425 3248 ne
1465 3186 1857 3249 studiorum
1897 3202 2354 3264 progressum
2395 3186 2833 3265 impedirent.
2866 3186 3209 3266 Theologi

750 3294 1234 3374 frequentibus
1283 3291 1877 3373 disputationibus
1926 3290 2460 3355 exercebantur.
2521 3292 2764 3356 Lectio
2825 3294 3069 3357 itidem
3122 3312 3212 3356 ex

753 3401 1231 3465 conscientiae
1280 3401 1565 3463 casibus
1613 3398 1954 3462 tredecim
1993 3397 2495 3462 Sacerdotibus
2534 3400 2725 3462 domi
2762 3401 3211 3479 praelegeba-

739 3518 889 3585 ‚tur‚
942 3508 1060 3587 qui
1110 3525 1251 3570 non
1289 3507 1710 3570 videbantur
1760 3506 1831 3568 in
1876 3521 2086 3568 cursu
2137 3506 2538 3584 theologico
2576 3507 2690 3569 vel
2727 3507 3221 3586 philosophico

757 3614 1263 3691 constituendi;
1297 3614 1448 3694 qui,
1481 3614 1743 3693 partim
1786 3613 1898 3676 his
1940 3611 2386 3690 lectionibuS,
2429 3614 2685 3692 partim
2724 3615 3222 3677 collationibus

758 3718 1084 3797 assiduiS,
1124 3721 1383 3800 partim
1431 3728 1720 3799 propter
1768 3718 2203 3781 decissiones
2253 3718 2648 3782 Doctorum
2687 3720 3217 3797 UniversitatiS,

760 3844 936 3905 quas
964 3844 1136 3906 prae
1166 3826 1491 3889 manibus
1519 3826 1905 3903 habebant,
1941 3825 2149 3904 periti
2187 3825 2566 3891 admodum
2605 3826 2696 3889 ad
2739 3826 3219 3890 confessiones

760 3932 1149 3996 audiendas
1179 3933 1682 4009 reddebantur;
1717 3941 1785 3994 et
1814 3931 2123 3994 fructum
2161 3949 2252 3993 ex
2282 3930 2681 4011 hujusmodi
2718 3931 3223 3997 Sacerdotibus

760 4051 1237 4104 maturescere
1264 4041 1486 4103 multo
1516 4039 1725 4102 citius
1755 4055 1966 4118 quam
2004 4055 2095 4100 ex
2135 4037 2293 4100 aliis
2331 4038 2777 4102 scholasticis
2818 4040 3215 4108 videbatur:

761 4157 829 4210 et
858 4165 948 4211 ex
977 4147 1085 4210 his
1127 4146 1197 4208 in
1235 4145 1540 4223 Indiam,
1588 4155 1657 4208 et
1700 4144 2105 4222 Brasiliam,
2158 4152 2227 4206 et
2265 4145 2406 4206 alia
2444 4146 2602 4209 loca
2652 4146 2804 4209 fieri
2845 4148 3223 4210 missiones

765 4254 1025 4317 utiliter
1054 4260 1576 4315 consueverunt
1609 4249 1650 4313 ¹.

881 4359 1021 4422 322.
1111 4358 1245 4438 Qui
1275 4358 1822 4422 admittebantur
1855 4357 1944 4420 ad
1972 4356 2426 4437 Societatem,
2460 4358 2531 4420 in
2559 4359 2782 4421 variis
2813 4358 3219 4438 abnegatio·

845 4561 859 4592 ¹
921 4561 1190 4615 Polancus,
1211 4572 1278 4605 ex
1297 4563 1689 4613 commissione,
1711 4560 1905 4604 Simoni
1928 4561 2217 4614 Rodericio,
2249 4562 2311 4604 de
2344 4562 2591 4616 gradibus
2618 4574 2650 4605 a
2679 4563 2869 4606 nostris
2890 4563 2942 4605 in
2962 4562 3229 4605 Universi-

763 4632 959 4677 tatibus
979 4632 1331 4686 Portugauiae
1365 4631 1703 4685 suscipiendis
1740 4632 1892 4677 titulo
1921 4633 2265 4687 paupertatis,
2290 4631 2409 4686 quid
2445 4632 2553 4676 fieri
2588 4634 2766 4687 possit,
2802 4634 2922 4687 quid
2954 4634 3227 4688 promittat

764 4703 1045 4747 Balthasar
1066 4705 1126 4746 de
1150 4703 1325 4756 Faria.
1349 4706 1397 4747 15
1415 4704 1662 4756 januarii.
