3679 5414
634 406 743 462 576
1566 404 1820 465 Cimon.
1864 405 2018 464 Soc.
2074 407 2214 479 JES.

636 553 872 614 siones
914 551 1302 615 audiendas
1344 569 1429 614 ac
1468 553 1888 632 praesertim
1927 551 2003 614 P.
2060 552 2208 632 ipse
2249 551 2621 633 Lanoyus;
2667 555 2864 616 multi
2913 556 3105 618 enim

637 660 709 721 in
746 659 1059 740 peccatis
1098 658 1570 722 decessissent
1610 660 1876 740 absque
1906 660 2048 723 ullo
2081 659 2561 740 poenitentiae
2588 662 2930 741 remedi0,
2967 664 3104 726 nisi

637 766 1009 829 solicitudo
1040 765 1190 846 ejus
1220 775 1290 830 et
1321 767 1636 830 charitas
1666 767 1804 829 illis
1834 767 2195 830 adfuisset.
2232 767 2340 831 Ex
2384 768 2496 830 his
2533 768 2747 832 etiam
2785 762 3104 833 nonnulli

635 874 830 937 clara
860 890 1040 937 voce
1070 874 1517 937 testabantur
1547 875 1886 938 divinitus
1907 875 2095 937 hunc
2118 875 2403 938 Patrem
2421 876 2511 938 ad
2534 893 2610 938 se
2633 877 2950 955 missum,
2976 896 3105 957 per

633 997 844 1060 quem
883 998 925 1042 a
967 989 1192 1043 morte
1235 981 1557 1060 corporis
1596 991 1664 1044 et
1702 982 1984 1045 animae
2026 982 2519 1045 liberarentur.
2582 983 2938 1046 Collectae
2979 1002 3096 1047 au-

632 1098 774 1151 tem
803 1091 1295 1168 eleemosynae
1325 1087 1607 1152 fuerunt
1638 1090 1727 1150 ab
1757 1089 2101 1169 hispaniS,
2125 1089 2244 1169 qui
2277 1090 2348 1151 in
2377 1090 2577 1153 curia
2602 1091 3092 1167 versabantur3

630 1215 721 1259 ex
749 1214 910 1275 qua,
944 1207 1230 1275 praeter
1266 1213 1546 1276 pannos
1586 1198 1830 1259 laneos
1871 1206 1940 1258 et
1985 1198 2208 1260 lineos
2248 1198 2622 1275 egentibus
2660 1197 3097 1276 distributos,

628 1303 927 1382 pecunia
959 1304 1174 1366 etiam
1203 1303 1470 1366 eisdem
1492 1302 1902 1383 dispensata
1927 1302 2082 1382 suit,
2106 1313 2183 1367 ut
2201 1304 2412 1367 rebus
2436 1305 2586 1367 suis
2615 1299 3090 1370 consulerent.

746 1409 887 1471 376.
974 1409 1187 1490 Apud
1212 1427 1597 1489 germanos
1628 1411 1718 1473 ad
1748 1410 1884 1473 hoc
1928 1428 2151 1490 usque
2192 1420 2471 1491 tempus
2513 1412 2867 1474 insuetum
2905 1430 3098 1492 pror·

629 1534 749 1580 sus
778 1525 931 1580 erat
961 1517 1245 1597 saepius
1274 1517 1364 1580 ad
1395 1516 1916 1580 confessionem
1948 1518 2311 1597 accedere,
2347 1518 2472 1581 sed
2501 1519 2844 1599 paulatim
2891 1520 3098 1581 aude-

627 1624 798 1688 bant
853 1634 1259 1687 nostrorum
1313 1642 1531 1687 suasu
1579 1624 1765 1687 hanc
1822 1624 2401 1688 consuetudinem
2452 1625 2777 1688 Viennae
2835 1643 3095 1688 novam

628 1731 992 1808 inducere;
1028 1732 1212 1795 inter
1242 1749 1417 1812 quos
1448 1731 1662 1812 aliqui
1694 1750 1783 1794 ex
1812 1732 2043 1812 primo
2074 1731 2558 1812 professorum
2603 1733 2849 1796 ordine
2886 1735 3095 1796 exsti-

627 1847 884 1903 terunt.
918 1837 1061 1902 Sub
1091 1839 1347 1901 festum
1392 1849 1626 1902 autem
1668 1838 2196 1919 Assumptionis
2235 1840 2313 1903 B.
2363 1839 2687 1919 Virginis
2726 1840 3096 1904 mulierum

627 1947 839 2009 etiam
869 1962 1372 2025 germanarum
1395 1963 1698 2009 messem
1727 1947 1937 2009 valde
1967 1947 2328 2027 copiosam
2358 1946 2432 2009 Ρ·.
2471 1947 2801 2010 Canisius
2832 1948 3097 2010 habere

626 2054 891 2133 coepit,
925 2062 993 2115 et
1023 2055 1302 2134 aliquae
1334 2071 1422 2116 ex
1452 2055 1557 2116 eis
1588 2054 1658 2116 in
1689 2054 1952 2134 templo
1982 2061 2227 2116 nostro
2274 2052 2782 2117 Sanctissimae
2823 2055 3092 2118 Eucha-

626 2160 868 2223 ristiae
926 2170 1449 2223 sacramentum
1506 2168 1962 2242 receperunt,
2026 2161 2206 2223 inter
2264 2160 2443 2241 qua's
2499 2161 2766 2241 aliquot
2822 2163 3098 2224 nobiles

623 2276 848 2329 erant.
892 2267 1413 2330 Accersebatur
1459 2267 1645 2331 idem
1694 2268 1907 2330 Pater
1958 2267 2048 2329 ad
2099 2268 2415 2331 infirmos
2465 2285 2969 2349 nonnunquam
3018 2280 3095 2332 ut

622 2374 1011 2454 spiritualis
1068 2374 1380 2437 medicus
1437 2375 1528 2437 ad
1586 2375 2026 2455 spiritualem
2100 2375 2524 2438 medicinam
2593 2375 3090 2438 adhibendam.

627 2479 856 2545 Semel
903 2483 994 2546 ad
1046 2480 1428 2562 quamdam
1469 2482 1832 2544 mulierem
1874 2500 1916 2544 a
1965 2481 2309 2544 daemone
2348 2482 2712 2545 obsessam
2753 2495 3094 2546 evocatus

625 2597 765 2666 est,
810 2597 918 2666 ut,
963 2588 1024 2651 si
1064 2589 1228 2668 quid
1268 2598 1539 2668 posset,
1596 2589 1667 2651 in
1707 2587 1858 2667 ejus
1897 2589 2241 2651 auxilium
2285 2596 2716 2668 praestaret;
2768 2591 3095 2669 quamvis

625 2705 861 2760 autem
908 2695 1025 2760 alii
1070 2705 1389 2759 extrema
1429 2713 1748 2776 quaeque
1790 2695 1880 2758 ad
1925 2714 2084 2759 eum
2140 2696 2555 2759 daemonem
2602 2697 3093 2777 expellendum

622 2804 885 2867 frustra
914 2812 1325 2881 tentassent,
1356 2804 1426 2866 in
1450 2802 1713 2866 Christi
1743 2804 2026 2866 nomine
2056 2803 2242 2867 bono
2273 2803 2510 2866 animo
2541 2803 2633 2866 ad
2662 2821 2820 2866 eam
2854 2821 3087 2868 acces-

623 2912 716 2973 sit
744 2920 813 2974 et
835 2920 995 2991 post
1024 2911 1452 2991 colloquium
1479 2928 1620 2973 non
1651 2910 2060 2974 diuturnum
2086 2927 2246 2973 curn
2272 2911 2547 2973 mulieri
2572 2910 3088 2974 confessionem

621 3018 1121 3099 persuasisset,
1155 3018 1616 3098 eamdemque
1647 3018 2071 3096 audivisset,
2105 3035 2247 3080 non
2293 3019 2523 3081 solum
2561 3034 2651 3080 ex
2691 3017 2809 3080 illa
2852 3018 3086 3081 confli-

620 3126 933 3190 ctatione
972 3126 1299 3189 diuturna
1341 3142 1502 3188 cum
1541 3125 1883 3188 daemone
1922 3125 2220 3187 liberata
2271 3133 2408 3203 est,
2452 3124 2578 3187 sed
2617 3142 2794 3187 sana
2835 3125 2925 3187 ad
2963 3143 3084 3187 no-

621 3241 846 3295 strum
884 3234 1220 3311 templum
1272 3232 1622 3295 accedens
1673 3231 1767 3293 ibi
1817 3232 2269 3294 sanctissimo
2320 3229 2785 3294 Sacramento
2826 3230 3088 3293 Christi

621 3338 959 3419 Corporis
1009 3340 1581 3403 communicavit.
1636 3338 1918 3417 Peperit
1962 3348 2200 3400 autern
2251 3337 2348 3400 illi
2394 3338 2704 3401 familiae
2747 3338 3090 3401 laetitiam

619 3446 1086 3526 singularem,
1122 3463 1284 3509 cum
1307 3444 1453 3525 jam
1485 3447 1743 3509 multos
1772 3444 1923 3507 dies
1953 3463 1996 3507 a
2036 3445 2420 3508 vexatione
2460 3445 2752 3524 maligni
2799 3446 3088 3526 spiritus

619 3554 1003 3617 immunem
1031 3571 1190 3616 eam
1216 3570 1680 3633 perseverare
1725 3553 2072 3615 viderent.
2110 3551 2517 3615 Accedebat
2548 3552 2763 3615 etiam
2794 3551 3085 3631 diligen·

616 3668 724 3722 ter
753 3661 843 3723 ad
874 3660 1254 3723 conciones
1297 3660 1373 3723 P.
1424 3659 1693 3723 Canisii
1732 3659 1939 3721 simul
1982 3675 2142 3721 cum
2183 3658 2441 3721 marito
2485 3668 2554 3721 et
2600 3652 2859 3736 matre,
2907 3676 3086 3739 quae

616 3768 834 3829 etiam
882 3767 1208 3829 consessa
1249 3775 1355 3829 est
1394 3775 1463 3829 et
1511 3765 2099 3843 communicavit;
2140 3764 2358 3828 filium
2395 3764 2637 3828 itidem
2687 3766 3088 3844 elegantem

616 3871 953 3937 Societati
984 3873 1355 3952 offerebat;
1389 3874 1552 3952 quia
1583 3882 1822 3935 tamen
1868 3872 2121 3935 aetatis
2165 3881 2319 3935 erat
2364 3881 2686 3951 tenerae,
2731 3872 3084 3936 admissus

612 3998 756 4043 non
786 3992 913 4045 est.
939 3980 1099 4043 Non
1120 3980 1414 4044 deerant
1443 3980 1658 4043 etiam
1687 3980 1805 4060 qui
1830 3978 2277 4043 consessione
2299 3979 2619 4059 generali
2648 3980 2867 4042 totius
2889 3980 3080 4042 vitae

613 4106 815 4151 suam
843 4091 1104 4151 vellent
1134 4087 1642 4151 conscientiam
1668 4104 2083 4167 repurgare;
2114 4086 2431 4150 nonnulli
2461 4104 2552 4149 ex
2581 4084 2789 4149 foedo
2822 4103 3081 4149 concu-

611 4196 857 4259 binatu
917 4195 1006 4259 ad
1056 4196 1430 4258 honestum
1480 4194 2011 4258 matrimonium
2061 4212 2217 4257 sese
2268 4202 2805 4272 converterunt;
2861 4194 3080 4274 aliqui

609 4303 892 4382 publica
915 4303 1254 4366 scandala
1277 4311 1763 4380 correxerunt,
1791 4312 1859 4365 et
1894 4300 2150 4380 injuste
2174 4310 2382 4381 parta
2404 4300 2881 4364 restituerunt.
2919 4301 3078 4364 Non

608 4410 740 4474 fuit
770 4422 1006 4475 autem
1036 4410 1373 4489 exiguum
1404 4409 1687 4472 divinae
1725 4409 2186 4487 benignitatis
2216 4402 2633 4471 beneficium
2665 4408 2884 4488 quod,
2918 4424 3079 4469 cum

610 4519 809 4581 multi
840 4518 1108 4598 passim
1136 4525 1334 4596 peste
1365 4525 1433 4579 et
1467 4516 1623 4578 aliis
1652 4516 1918 4579 morbis
1949 4516 2339 4592 interirent,
2371 4513 2628 4592 nostri,
2662 4512 2817 4577 Deo
2849 4524 3074 4593 prote·

609 4611 853 4704 gente,
889 4624 1044 4689 sani
1076 4634 1144 4687 et
1173 4623 1341 4686 laeti
1379 4622 1747 4700 vivebant,
1789 4640 1951 4685 cum
2001 4631 2236 4685 tamen
2279 4619 2688 4685 sacerdotes
2729 4620 3075 4700 intrepide
