3679 5414
1625 457 1756 521 Ἀκ.
1802 463 1941 521 1550
2899 463 3008 529 159

536 613 660 693 qui
697 611 1033 676 conversis
1062 619 1267 675 erant
1308 610 1399 673 ad
1438 609 1832 686 Christum,
1878 626 2138 671 uxores
2174 608 2463 683 ducere;
2506 607 2709 673 undae*
2731 608 3003 671 fructus

539 736 684 783 non
713 718 1052 796 exiguum
1073 725 1534 796 augmentum
1559 715 2000 797 sperabatur,
2028 714 2414 785 accedente
2429 714 2852 795 praesertim
2872 714 3000 779 Re-

538 825 653 904 gis
702 841 877 904 erga
926 824 1332 904 hujusmodi
1381 822 1782 902 neophytos
1830 821 2100 884 favore.
2157 820 2430 889 offensi
2467 822 2754 901 quidam
2801 832 3003 886 erant

538 932 839 1010 gentiles
877 930 1334 995 vehementer
1383 946 1473 993 ex
1524 928 2078 994 christianorum·
2118 938 2442 992 veterum
2487 926 2780 1007 injuriis,
2823 946 3003 1008 quae

534 1039 711 1118 ipsis
738 1038 1022 1101 fuerant
1050 1038 1318 1115 illatae3
1349 1037 1783 1118 baptismum
1810 1035 2262 1100 nihilominus
2300 1054 2392 1099 ex
2427 1054 2554 1100 sex
2582 1044 2705 1099 aut
2733 1044 3004 1116 septem

539 1146 768 1225 pagis,
800 1144 923 1207 ubi
950 1143 1023 1208 P.
1053 1144 1370 1225 Joannes·
1391 1143 1971 1225 concionabatur,
2005 1143 2357 1222 petebant.
2386 1143 2586 1207 Licet
2616 1152 2854 1206 autem
2884 1143 3001 1206 do·

536 1268 697 1316 mos
718 1269 887 1315 suas
911 1253 982 1314 in
1005 1251 1415 1332 praecipuis
1427 1250 1949 1314 brasiliensium
1968 1250 2248 1330 populis
2267 1250 2677 1329 designatas
2699 1250 2790 1313 ad
2824 1250 3002 1313 chri-

539 1358 847 1422 stianam
873 1358 1274 1421 doctrinam
1303 1356 1724 1420 tradendam
1763 1356 2088 1435 haberet,
2132 1356 2404 1421 duabus
2441 1366 2680 1420 tamen
2719 1357 3004 1420 rationi-

535 1467 669 1531 bus
694 1465 1075 1545 praecipue
1105 1464 1239 1529 sibi
1263 1464 2201 1544 persuadebatbaptismum
2240 1482 2384 1528 non
2420 1481 2576 1528 esse
2615 1464 2750 1527 illis
2787 1463 2998 1528 faciie

543 1571 1197 1635 administrandum.
1233 1569 1473 1634 Prima
1509 1580 1646 1647 est,
1690 1571 1879 1651 quod
1921 1587 2166 1650 regem
2203 1588 2329 1634 seu
2367 1571 2651 1648 ducem,
2694 1571 2816 1633 cui
2847 1570 3001 1651 obe-

539 1678 766 1756 diant,
810 1696 954 1743 non
991 1678 1273 1756 habent,
1314 1696 1446 1742 nec
1489 1677 1672 1747 fixas
1715 1678 2207 1757 habitationeS,
2253 1695 2414 1741 cum
2462 1696 2584 1741 eas
2635 1678 3001 1741 destruant

536 1785 684 1849 sere
716 1785 1016 1864 singulis
1046 1785 1283 1861 anniS,
1319 1785 1487 1850 dum
1516 1785 1651 1865 ipsi
1680 1793 2064 1863 mutantur,
2107 1793 2176 1847 et
2216 1783 2595 1865 aliquando
2631 1785 2856 1868 prius,
2902 1795 2999 1861 ut,

536 1892 599 1955 si
627 1892 782 1971 quis
812 1893 927 1956 vel
957 1892 1296 1955 ebrietate
1325 1892 1440 1954 vel
1468 1891 1577 1955 ira
1607 1901 2004 1955 commotus
2018 1894 2036 1969 ,'
2064 1891 2301 1970 ignem
2329 1890 2645 1971 injecerit
2673 1892 3004 1972 propriae

539 2000 775 2063 domui
807 1999 1017 2080 (quod
1046 2016 1192 2062 non
1218 2017 1386 2062 raro
1415 1999 1543 2077 fit);
1588 2017 1761 2063 nam.
1795 2017 1886 2062 ex
1929 1999 2049 2061 illa
2086 1998 2363 2078 prosilit
2401 1997 2688 2061 flamma
2722 1999 2797 2061 in»
2836 1998 3001 2061 viei-

540 2124 671 2168 nas
701 2105 968 2183 dom05,
1004 2123 1095 2168 ex
1126 2106 1381 2184 palmis
1410 2105 1796 2180 confectas
1831 2113 1902 2168 et
1941 2105 2040 2185 ita
2075 2104 2283 2168 facile
2320 2114 2510 2168 totus
2548 2121 2780 2185 pagus
2818 2123 3002 2169 com-

538 2213 829 2276 buritur.
865 2213 1065 2276 Unde
1106 2212 1474 2275 accidebat
1515 2213 1649 2275 hoc
1682 2211 1757 2275 P.
1791 2211 2049 2293 Joanni
2087 2229 2427 2292 persaepe
2467 2220 2541 2274 ut
2580 2212 2838 2291 pagos,
2887 2213 3004 2274 ubi

539 2319 1099 2382 concionabatur
1127 2328 1197 2382 et
1228 2319 1478 2399 quibus
1506 2319 1738 2394 magis
1761 2317 2179 2397 confidebat,
2203 2327 2364 2399 post
2393 2336 2661 2398 paucos
2682 2319 2833 2382 dies
2860 2336 3002 2381 non

538 2425 906 2490 inveniret.
936 2425 1141 2504 Quod
1170 2444 1262 2489 ex
1290 2433 1492 2507 parte
1522 2426 1741 2489 etiam
1768 2426 1858 2487 ab
1886 2443 2133 2488 eorum
2160 2425 2515 2505 sortilegis
2544 2423 2994 2505 procedebat,

537 2533 656 2613 qui
685 2533 1163 2612 suggerebant
1196 2534 1331 2597 illis
1360 2533 1640 2613 populis
1667 2532 1826 2596 ideo
1866 2549 1987 2594 eos
2029 2532 2268 2594 doceri
2309 2549 2351 2593 a
2390 2530 2464 2593 P:
2507 2530 2780 2612 joanne
2818 2544 2896 2594 un
2932 2532 3000 2595 in

536 2640 952 2703 servitutem
982 2658 1104 2703 eos
1135 2640 1513 2719 redigeret;
1556 2656 1722 2703 nam
1763 2657 1924 2702 cum
1964 2638 2035 2701 in
2073 2639 2486 2702 servitutem
2523 2648 2758 2702 essent
2799 2638 2997 2702 reda·

538 2748 662 2825 cti,
698 2747 794 2809 ibi
824 2747 1055 2815 minus
1087 2748 1380 2811 haberet
1411 2748 1483 2810 in
1513 2748 1616 2810 eis
1646 2747 1984 2811 docendis
2011 2747 2311 2826 negotii;
2344 2756 2413 2810 et
2452 2746 2717 2810 fossam
2756 2747 2998 2810 civita·

534 2855 628 2917 tis
647 2853 952 2933 Spiritus
980 2854 1222 2918 Sancti
1253 2865 1321 2918 et
1347 2864 1637 2935 puteum
1665 2855 1738 2917 in
1767 2872 1851 2916 ea
1874 2854 2143 2917 factum
2161 2854 2488 2917 dicebant
2510 2854 2600 2916 ad
2630 2872 2762 2918 eos*
2783 2855 3000 2918 inclu-

537 2961 811 3024 dendos
847 2970 916 3024 et
954 2962 1406 3025 suffocandos
1444 2962 1637 3025 facta
1689 2979 1877 3040 esse,
1931 2971 1999 3025 et
2049 2961 2167 3042 qui
2215 2960 2522 3041 majores
2569 2970 2771 3024 erant
2821 2962 3003 3025 inter

538 3068 725 3147 iUOS,
763 3069 1033 3132 malitia
1061 3067 1328 3150 majore
1357 3067 1661 3149 praediti
1688 3077 1893 3132 erant
1921 3081 2183 3146 magna
2229 3086 2319 3131 ex
2349 3078 2584 3148 parte,
2628 3077 2695 3131 et
2736 3068 2807 3131 in
2849 3087 3001 3131 ara·

539 3192 833 3238 nearum
863 3192 1164 3252 morem,
1198 3174 1534 3255 quidquid
1563 3175 1727 3238 boni
1768 3175 1871 3237 eis
1912 3174 2298 3254 dicebatur,
2343 3174 2415 3236 in
2451 3191 2801 3237 venenum
2838 3192 2998 3237 con·

546 3283 937 3346 vertebant.
971 3283 1050 3345 In
1077 3283 1319 3363 pueris
1347 3301 1463 3345 res
1494 3283 1698 3345 aliter
1726 3301 1801 3345 se
1844 3282 2179 3360 habebat;
2223 3300 2399 3362 quos
2435 3281 2507 3344 in
2547 3282 2809 3345 bonum
2845 3299 3003 3361 pro-

540 3405 799 3468 pensos
828 3388 1254 3469 inveniebat,
1302 3390 1361 3452 si
1404 3399 1640 3452 tamen
1685 3408 1725 3452 a
1771 3398 2147 3469 parentum
2191 3389 2512 3452 domibus
2555 3389 2809 3452 abduci
2846 3407 3001 3470 pos-

536 3504 714 3573 sent,
749 3497 983 3575 aliquo
1015 3496 1333 3576 Collegio
1364 3497 1434 3560 in
1465 3515 1551 3560 ea
1580 3497 1867 3575 civitate
1899 3498 1967 3559 in
1997 3497 2310 3577 ipsorum
2342 3511 2546 3560 usum
2583 3505 2855 3574 erecto;
2900 3497 3002 3559 sic

540 3602 729 3664 enim
775 3601 923 3666 fieri
972 3603 1302 3683 sperabat
1355 3613 1431 3667 ut
1492 3603 1764 3667 fructus
1804 3622 1893 3666 ex
1938 3603 2374 3667 institutione
2419 3620 2800 3683 puerorum
2840 3621 3000 3684 pro·

536 3709 832 3772 veniens
860 3710 1218 3790 perversis
1246 3711 1563 3774 moribus
1594 3719 1663 3773 et
1701 3711 1968 3773 malitia
2007 3720 2381 3790 parentum
2419 3729 2557 3775 non
2599 3728 2999 3792 corrumpe·

541 3826 758 3879 retur.

499 3904 506 3911 ²
653 3921 794 3985 368.
883 3921 1130 3986 Altera
1162 3941 1379 3986 causa
1409 3924 1775 3988 differendi
1805 3925 2232 4006 baptismum
2263 3933 2417 3987 erat
2459 3922 2645 4004 quod
2676 3924 2748 3986 in
2777 3925 2999 4003 genti-

431 4082 442 4089 .
536 4029 715 4092 libus
743 4029 879 4092 illis
908 4033 1092 4093 altas
1126 4031 1506 4094 admodum
1537 4031 1683 4110 egit
1713 4032 1992 4095 radices
2013 4030 2348 4095 vescendi
2371 4048 2624 4094 carnes
2653 4032 3002 4094 humanas

532 4136 1001 4215 consuetudO,
1057 4155 1277 4217 usque
1331 4136 1509 4200 adeo
1560 4147 1634 4201 ut
1674 4138 2037 4202 decessuri
2075 4156 2166 4201 ex
2199 4140 2338 4201 *hac
2380 4137 2527 4200 vita
2566 4155 2721 4200 eam
2763 4146 3001 4218 petere

533 4242 719 4304 soliti
749 4252 986 4306 essent
1015 4262 1099 4306 ac
1134 4244 1368 4307 dicere
1400 4245 1617 4308 aliam
1655 4263 1731 4307 se
1772 4245 2330 4307 consolationem
2367 4262 2456 4307 ex
2495 4245 2630 4307 hac
2673 4244 2822 4308 vita
2860 4262 3003 4307 non

534 4359 902 4430 reportare
931 4359 1212 4430 praeter
1254 4351 1495 4429 istam,
1539 4350 1961 4432 vindictam,
2003 4352 2304 4430 scilicet,
2353 4369 2645 4415 suorum
2690 4351 3000 4415 inimico·

536 4445 723 4535 rum;
758 4466 826 4519 et
858 4456 1138 4536 quando
1170 4458 1477 4520 humana
1510 4476 1679 4521 caro
1708 4476 1854 4521 non
1885 4459 2264 4534 invenitur,
2298 4458 2539 4522 dicunt
2580 4477 2657 4521 se
2697 4457 3000 4522 afflictis·

535 4563 752 4626 simos
783 4581 874 4626 ex
900 4563 1037 4627 hoc
1069 4565 1329 4627 mundo
1361 4565 1719 4636 recedere;
1756 4574 1825 4628 et
1856 4583 2017 4629 cum
2053 4566 2597 4647 reprehenderet
2637 4583 2760 4629 eos
2789 4565 3004 4630 Pater

535 4670 879 4750 JoanneS,
939 4671 1059 4732 alii
1114 4672 1634 4751 respondebant
1691 4690 1858 4735 suos
1914 4691 2089 4737 avos
2147 4674 2339 4736 vesci
2397 4673 2642 4737 solitos
2692 4674 3000 4737 humana
