3679 5414
1655 481 1783 539 ΑΝ.
1829 481 1969 538 1552
2943 482 3052 542 473

575 618 1015 707 ‘adjungendi
1054 627 1403 689 desiderio
1442 626 1822 705 flagrabat,
1871 626 2197 705 quamvis
2240 626 2696 691 differendam
2737 627 2885 708 ejus
2929 629 3046 691 ad-

566 734 989 796 missionem
1038 733 1264 795 nostri
1318 740 1679 813 putarent,
1740 732 1860 811 pia
1919 730 2067 811 ejus
2124 732 2619 813 importunitas
2675 744 2751 797 ut
2805 736 3045 798 statim

564 857 869 921 compos
896 840 1048 903 voti
1079 840 1274 903 fieret
1304 840 1729 919 impetravit.

705 946 839 1010 134.
930 948 1309 1010 Invenerat
1337 947 1411 1010 P.
1448 946 1767 1027 Elpidius
1797 949 1977 1010 duos
2007 965 2099 1011 ex
2129 948 2412 1027 nostriS,
2449 966 2524 1011 se
2555 950 2867 1029 absente,
2896 952 3040 1014 dia·

576 1052 869 1116 lecticae
921 1054 1229 1117 studium
1281 1054 1439 1116 aliis
1488 1054 1970 1133 superioribus
2030 1055 2444 1118 inconsultis
2501 1056 2874 1121 inchoasse
2900 1106 2914 1135 ,
2970 1068 3039 1121 et

564 1169 953 1241 ‘utrumque
985 1179 1067 1222 ea
1100 1161 1185 1224 de
1218 1178 1439 1225 causa
1469 1162 1558 1223 ab
1588 1179 1672 1224 eo
1703 1162 1938 1224 studio
1969 1162 2293 1242 removit.

697 1268 829 1331 135.
920 1268 1203 1346 Eorum,
1234 1268 1352 1348 qui
1377 1268 1893 1331 confitebantur
1916 1277 1984 1331 et
2008 1270 2099 1333 ad
2115 1280 2434 1333 nostram
2452 1272 2828 1334 ecclesiam
2852 1289 3037 1335 com·

556 1374 926 1443 'munionis
943 1375 1175 1453 gratia
1200 1376 1655 1453 accedebant,
1681 1393 2020 1439 numerus
2045 1377 2460 1456 augebatur;
2488 1387 2556 1439 et
2580 1396 2666 1440 ex
2691 1378 2823 1456 his,
2854 1397 3037 1460 quae

556 1481 656 1542 ab
687 1480 878 1544 Urbe
909 1481 1135 1544 Roma
1166 1492 1235 1545 et
1267 1482 1353 1544 ab
1385 1483 1540 1545 aliis
1569 1480 1947 1546 Societatis
1979 1484 2184 1562 lociS,
2220 1484 2640 1565 praesertim
2680 1486 2768 1547 ab
2810 1484 3031 1563 India,

566 1587 658 1650 ad
689 1588 1248 1651 aedificationem
1278 1590 1702 1669 pertinentia
1732 1589 2163 1669 ferebantur,
2199 1593 2498 1654 multum
2527 1594 3036 1656 consolationis

540 1705 698 1757 ‘non
729 1697 957 1758 solum
987 1696 1211 1758 nostri
1242 1697 1365 1758 sed
1397 1706 1467 1765 et
1496 1698 1769 1760 externi
1802 1698 2269 1778 accipiebant.
2309 1698 2654 1762 Curatum
2683 1709 2790 1763 est
2822 1700 3034 1763 etiam

564 1808 641 1861 ut
668 1803 998 1864 mulieres
1031 1803 1400 1882 quaedam,
1437 1820 1617 1882 quae
1648 1822 1689 1866 a
1721 1805 1868 1866 suis
1897 1805 2173 1867 maritis
2204 1822 2364 1868 curn
2390 1822 2652 1884 magno
2675 1808 2914 1886 populi
2938 1809 3031 1870 of—

558 1906 916 1971 fendiculo
946 1909 1308 1989 seJunctae
1340 1919 1572 1986 erant,
1611 1928 1772 1972 cum
1802 1911 1904 1973 eis
1935 1912 2006 1974 in
2037 1929 2286 1990 pacem
2325 1922 2395 1975 et
2435 1912 3033 1979 cohabitationem

562 2015 898 2078 redirent.

688 2123 821 2185 136.
914 2123 1126 2187 Venit
1153 2125 1530 2188 Patavium
1560 2124 1634 2188 P.
1667 2125 1976 2207 Jacobus
2005 2126 2291 2205 Laynez
2321 2136 2486 2189 ante
2511 2129 2819 2191 medium
2844 2148 3029 2192 men·

546 2242 707 2291 sem
737 2230 1000 2310 MaJum
1031 2241 1099 2295 et
1129 2234 1360 2313 coepit
1384 2233 1474 2296 ad
1498 2234 1780 2297 scholas
1802 2233 2087 2296 Patavii
2111 2234 2548 2314 incipiendas
2572 2237 2884 2300 animum
2911 2238 3026 2300 ad—

548 2335 793 2417 jicere;
826 2348 894 2401 et
924 2337 1117 2402 Patri
1146 2340 1423 2419 Ignatio
1464 2342 1714 2421 quibus
1746 2342 2140 2404 rationibus
2179 2342 2512 2422 expedire
2554 2344 2625 2407 id
2667 2345 3029 2407 videretur

555 2444 1008 2523 significavit,
1036 2448 1222 2525 quod
1246 2464 1409 2510 cum
1431 2448 1855 2527 probaretur
1876 2447 2106 2510 eidem
2127 2447 2344 2527 Patri,
2372 2449 2603 2513 denuo
2627 2452 2880 2530 quibus
2905 2452 3024 2514 do-

551 2551 740 2614 tibus
769 2551 1073 2631 praediti
1104 2570 1259 2615 esse
1288 2553 1621 2616 deberent
1650 2564 2151 2635 praeceptores
2181 2557 2389 2635 paulo
2421 2556 2790 2620 delicatius
2815 2576 3028 2638 quam

543 2660 981 2738 oportuisset
1010 2660 1315 2741 scripsit;
1358 2678 1499 2724 non
1529 2661 1812 2742 quidem
1845 2681 1935 2725 ex
1963 2662 2252 2743 propria
2284 2665 2657 2743 sententia,
2689 2664 2812 2727 sed
2857 2665 3026 2728 scri·

549 2776 715 2846 'ptas
745 2768 834 2830 ab
865 2770 1004 2831 alio
1036 2769 1309 2831 litteras
1338 2769 1473 2831 hac
1506 2769 1591 2832 de
1620 2788 1698 2833 re
1730 2771 1880 2849 ipse
1919 2770 2369 2850 subscripsit,
2404 2781 2473 2833 et
2511 2781 2750 2834 tamen
2792 2789 3026 2851 repre-

550 2868 965 2937 hensionem
987 2894 1027 2937 a
1051 2875 1126 2938 Ρ.
1145 2876 1421 2954 Ignatio
1446 2878 1703 2956 retulit,
1736 2877 1923 2956 quod
1947 2878 2338 2957 exquisitas
2362 2880 2708 2958 quasdam
2733 2880 3024 2958 qualita-

547 2989 660 3043 tes
689 2983 1108 3062 requireret,
1145 3001 1326 3064 quae
1366 2985 1600 3063 potius
1640 2983 1732 3046 ad
1770 2984 2350 3048 mathematicum
2389 3003 2601 3064 quam
2641 2986 2730 3048 ad
2760 2987 3026 3065 practi-

545 3101 714 3151 cum
759 3090 1189 3170 procedendi
1239 3092 1525 3154 modum
1575 3092 2042 3172 pertinebant.
2099 3092 2245 3155 Nec
2296 3093 2546 3154 tacebo
2597 3092 2819 3171 quod,
2863 3110 3023 3155 cum

552 3198 902 3276 quaedam
924 3199 994 3260 in
1015 3198 1414 3279 juvenibuS,
1443 3201 1560 3280 qui
1584 3201 1655 3263 in
1680 3201 1998 3279 Collegio
2022 3200 2370 3263 Patavino
2395 3208 2561 3261 tunc
2586 3210 2812 3276 erant,
2841 3217 3023 3279 quae

548 3315 805 3381 parum
820 3305 955 3385 ipsi
978 3306 1378 3385 placebant,
1405 3307 1814 3385 invenisset,
1844 3324 2004 3369 cum
2029 3315 2379 3386 quartana
2400 3306 2658 3385 alioqui
2683 3306 2856 3368 liber
2880 3322 3023 3367 non

546 3420 769 3489 esset,
804 3412 991 3492 quod
1022 3414 1254 3476 morbi
1282 3431 1510 3493 genus
1540 3414 1714 3477 satis
1753 3412 2342 3476 melancholicum
2374 3421 2512 3490 est,
2556 3412 2821 3492 aliquid
2853 3411 3018 3474 affli-

544 3512 804 3580 ctionis
834 3520 1032 3582 initio
1061 3521 1485 3601 patiebatur3
1519 3521 1643 3583 sed
1675 3519 1927 3583 deinde
1959 3521 2256 3599 ipsemet
2283 3520 2529 3582 mirari
2553 3519 2758 3582 desiit
2783 3527 2872 3597 et,
2901 3518 3018 3581 ubi

544 3623 750 3686 multi
799 3635 994 3704 sunt,
1037 3627 1475 3706 experientia
1514 3626 1811 3689 docente
1853 3626 2245 3689 affirmabat
2286 3644 2448 3690 cum
2487 3644 2663 3689 auro
2709 3627 3017 3689 scoriam

548 3731 846 3794 mixtam
870 3749 1048 3810 esse,
1068 3735 1194 3796 sed
1217 3752 1430 3797 nosse
1455 3734 1835 3797 Dominum
1854 3735 1973 3813 qui
1989 3734 2129 3795 sint
2153 3732 2322 3813 eJus;
2353 3744 2421 3796 et
2443 3735 2575 3797 hos
2597 3742 2870 3796 tantum
2895 3731 3015 3796 So·

546 3837 882 3902 cietatem
909 3857 1080 3902 vere
1111 3841 1459 3904 conficere
1489 3839 1962 3903 existimabat.

673 3945 807 4008 137.
898 3945 1042 4010 Sub
1073 3947 1281 4010 finem
1311 3947 1574 4010 mensis
1602 3947 1790 4030 Junii
1821 3964 1982 4009 cum
2006 3946 2153 4027 jam
2186 3965 2228 4010 a
2258 3956 2638 4026 quartana,
2673 3947 2838 4010 licet
2869 3965 3011 4010 non

547 4045 636 4113 ab
666 4051 817 4133 ejus
845 4055 1183 4134 reliquiis,
1216 4055 1390 4117 liber
1421 4066 1627 4131 esset,
1663 4054 1940 4117 litteras
1964 4074 2005 4117 a
2027 4053 2102 4116 Ρ.
2132 4054 2407 4133 Ignatio
2432 4055 2730 4134 accepit,
2759 4054 3016 4134 quibus

535 4167 830 4238 gratum
861 4161 992 4224 sibi
1024 4162 1172 4224 fore
1203 4162 1590 4240 scribebat,
1634 4162 1693 4224 si
1724 4159 2192 4224 Provincialis
2235 4161 2416 4222 citra
2455 4160 2731 4223 Italiam
2770 4179 3014 4223 curam

544 4267 940 4346 susciperet
969 4319 982 4348 ,
1045 4287 1256 4349 quam
1314 4285 1502 4331 anno
1560 4267 1841 4347 quidem
1899 4268 2284 4347 praeterito
2354 4267 2582 4330 eidem
2649 4267 3017 4347 injungere.

541 4365 622 4436 P.
656 4368 973 4454 Ignatius
1002 4378 1351 4455 voluerat,
1387 4376 1534 4454 sed,
1563 4392 1721 4437 curn
1742 4375 2260 4454 subterfugeret
2283 4376 2422 4438 hoc
2447 4391 2626 4437 onus
2650 4382 2719 4437 et
2740 4376 2812 4438 in
2837 4374 3014 4438 Con·

539 4475 687 4545 citii
726 4484 937 4545 rebus
988 4493 1057 4547 et
1104 4501 1239 4546 sua
1291 4501 1451 4546 cum
1502 4491 1852 4563 quartana
1902 4482 2076 4544 satis
2117 4491 2510 4563 occupatus
2552 4490 2771 4560 esset,
2819 4481 3013 4545 Patri

539 4579 933 4654 Paschasio
976 4592 1104 4654 sub
1148 4591 1316 4653 anni
1358 4590 1721 4671 praeteriti
1769 4589 1981 4652 finem
2031 4608 2114 4653 ea
2165 4591 2535 4670 provincia
2586 4589 3011 4653 demandata

538 4696 798 4761 fuerat.
815 4697 1015 4761 Nunc
1038 4716 1213 4761 vero
1237 4715 1399 4760 cum
1422 4697 1508 4760 de
1531 4695 1896 4777 praedicto
1920 4695 1995 4759 P.
2024 4696 2408 4760 Paschasio
2434 4698 2506 4760 in
2529 4697 2835 4760 Galliam
2858 4698 3010 4760 mit-
