3679 5414
1563 523 1690 581 ΑΝ.
1735 523 1876 582 1552
2840 521 2947 580 707

482 670 745 750 nuptiis
774 678 843 732 et
871 668 1525 750 transfiguratione,
1566 686 1711 731 non
1762 676 1999 731 autem
2043 661 2114 731 in
2156 666 2423 748 jejunio
2441 673 2461 746 ‚'
2499 677 2570 730 et
2598 669 2940 748 oratione,

481 785 552 839 et
581 775 1151 857 mortificatione;
1183 785 1253 840 et
1279 794 1370 840 ne
1398 777 1473 839 hi
1517 776 1693 839 alios
1722 776 2089 839 inficerent
2122 776 2339 856 (quod
2370 775 2757 839 timendum
2788 784 2943 839 erat

482 885 543 947 si
593 885 750 947 aliis
796 885 1129 965 permixti
1175 884 1518 962 fuissent),
1573 884 1806 947 visum
1856 883 1988 947 fuit
2039 884 2371 963 expedire
2420 891 2498 946 ut
2546 881 2946 963 hujusmodi

482 992 803 1054 homines
842 993 1088 1071 procul
1137 992 1227 1054 ab
1276 991 1433 1054 aliis
1469 1001 1974 1070 separarentur
2012 991 2103 1053 ad
2144 989 2333 1054 §.tum
2371 990 2681 1054 Felicem
2719 991 2940 1067 missi,

483 1108 557 1160 ut
584 1099 701 1176 ibi,
734 1097 1027 1178 perinde
1056 1106 1268 1178 atque
1296 1098 1369 1161 in
1398 1097 1608 1161 domo
1633 1098 2098 1177 probationiS,
2126 1114 2333 1161 suum
2355 1098 2698 1160 haberent
2721 1099 2939 1178 magi-

482 1215 706 1268 strum
733 1206 1190 1285 novitiorum,
1225 1224 1269 1267 a
1298 1223 1439 1285 quo
1473 1205 1543 1267 in
1574 1205 1972 1268 obedientia
2003 1213 2072 1267 et
2103 1205 2576 1284 abnegatione
2604 1205 2715 1268 sui
2743 1223 2939 1268 exer·

483 1322 834 1380 cerentur.
882 1312 974 1375 Hi
1024 1322 1262 1375 autem
1304 1310 1644 1374 tredecim
1683 1329 1976 1374 numero
2027 1311 2332 1387 suerunt,
2388 1320 2457 1375 et
2505 1310 2652 1375 fere
2697 1329 2941 1374 omnes

484 1419 1015 1498 adolescentuli;
1047 1420 1172 1482 sed
1202 1419 1321 1482 alii
1351 1437 1491 1482 non
1522 1420 1732 1498 pauci
1760 1418 2009 1481 eodem
2048 1419 2294 1481 morbo
2333 1419 2781 1498 laborabant,
2824 1437 2939 1481 ve-

482 1543 641 1589 rum
669 1527 836 1605 quia
874 1526 1299 1589 maturiores
1336 1533 1541 1588 erant
1580 1532 1649 1587 et
1689 1525 2113 1604 penitiorem
2150 1524 2476 1588 veritatis
2517 1542 2804 1588 sensum
2834 1529 2940 1588 as·

481 1633 705 1696 secuti
728 1633 1173 1712 videbantur,
1200 1633 1357 1696 aliis
1378 1632 1628 1695 mediis
1650 1632 2101 1695 suavioribus
2117 1632 2359 1695 reduci
2378 1621 2587 1712 posse
2609 1632 2942 1695 videban-

478 1750 612 1803 tur.
646 1740 742 1803 Ut
770 1751 1008 1804 autem
1036 1741 1213 1803 haec
1244 1739 1681 1820 probationis
1713 1739 1963 1802 domus
1992 1739 2514 1818 institueretur,
2547 1739 2726 1802 alias
2765 1740 2941 1802 litte·

474 1863 596 1909 ras
626 1847 909 1910 nomine
939 1847 1015 1910 Ρ.
1049 1847 1326 1927 Ignatii,
1361 1847 1571 1909 modo
1601 1846 1928 1927 superius
1956 1847 2147 1910 dicto
2180 1847 2508 1927 scriptaS,
2542 1848 2629 1910 ad
2672 1846 2748 1909 P.
2782 1847 2939 1910 Em·

475 1956 873 2017 manuelem
904 1954 1280 2048 Godinum,
1314 1954 1689 2017 Rectorem
1718 1953 2398 2029 Conimbricensem,
2441 1953 2652 2030 dedit,
2686 1954 2943 2034 quibus

475 2061 540 2123 ei
589 2060 1083 2142 injungebatur
1124 2072 1200 2125 ut
1236 2062 1522 2125 domum
1559 2060 2000 2141 probationis
2042 2059 2191 2140 jam
2240 2061 2505 2124 dictam
2542 2060 2940 2124 institueret

477 2166 665 2247 apud
693 2166 1032 2232 Sanctum
1060 2168 1392 2246 Felicem,
1424 2177 1501 2231 ut
1528 2167 1626 2230 ibi
1652 2168 1873 2230 libere
1903 2177 2429 2241 exercerentur3
2459 2175 2529 2229 et
2551 2166 2938 2232 Conimbri-

479 2292 606 2337 cae
635 2275 871 2354 etiam,
906 2276 1022 2356 qui
1053 2276 1533 2355 remanebant,
1567 2263 1855 2355 probari
1884 2285 2196 2355 possent,
2224 2284 2294 2337 et
2322 2274 2468 2354 apti
2500 2274 2591 2337 ad
2629 2272 2935 2338 Societa-

477 2390 622 2444 tem
651 2382 962 2462 retineri,
997 2384 1119 2446 alii
1148 2401 1321 2447 vero
1351 2383 1608 2446 dimitti
1640 2380 1680 2446 ¹.

593 2489 734 2553 632.
822 2489 1113 2554 Petebat
1144 2490 1219 2553 Ρ.
1254 2490 1670 2568 TurrianuS,
1705 2489 1884 2552 haec
1908 2489 2227 2552 scribens
2255 2489 2331 2551 Ρ.
2366 2489 2663 2569 Ignatio,
2691 2501 2767 2554 ut
2796 2492 2938 2555 alia

473 2598 687 2660 etiam
717 2598 1027 2661 remedia
1068 2599 1463 2676 adhiberet,
1497 2607 1646 2661 tam
1686 2597 1778 2660 ad
1819 2596 2281 2660 mutationem
2322 2597 2686 2661 hominum
2724 2616 2938 2679 quam

473 2705 565 2768 ad
594 2705 943 2770 rationem
964 2705 1523 2787 gubernationis;
1549 2723 1694 2768 non
1715 2704 1904 2768 enim
1928 2702 2205 2768 difficile
2228 2703 2379 2768 sore
2403 2715 2477 2767 ut
2500 2704 2654 2769 Rex
2685 2712 2936 2787 appro-

472 2813 673 2874 baret
702 2812 1040 2893 quidquid
1070 2813 1205 2893 ipsi
1234 2813 1306 2875 in
1347 2810 1656 2875 Domino
1694 2811 2087 2889 videretur3
2129 2821 2278 2874 tam
2307 2811 2493 2875 enim
2523 2813 2676 2875 Rex
2706 2822 2775 2875 et
2803 2812 2932 2876 Re·

471 2919 643 2998 gina
692 2936 906 2998 quam
960 2920 1275 2984 Infantes
1310 2921 1586 3000 *optime
1637 2937 1714 2982 se
1754 2920 2019 2982 sentire
2067 2917 2562 2998 significabant
2613 2921 2700 2984 de
2750 2920 2936 2983 bono

470 3024 899 3106 procedendi
926 3025 1136 3090 modo
1163 3025 1562 3105 SocietatiS,
1595 3036 1664 3090 et
1694 3027 1878 3090 male
1908 3027 1995 3089 de
2027 3043 2133 3104 e0,
2169 3043 2377 3106 quem
2417 3026 2490 3089 in
2528 3044 2612 3089 ea
2653 3027 2933 3106 provin-

471 3134 583 3196 cia
612 3131 933 3197 Societas
964 3142 1312 3197 tenuerat.
1346 3133 1527 3197 Tam
1558 3144 1794 3197 autem
1827 3134 1977 3212 ipse
2007 3132 2083 3195 Ρ.
2116 3132 2509 3197 Turrianus
2539 3150 2751 3213 quam
2782 3134 2935 3196 reli-

471 3240 591 3320 qui
619 3241 954 3321 expedire
984 3241 1365 3304 admodum
1392 3239 1807 3322 judicabant
1839 3248 1916 3303 ut
1936 3239 2240 3303 Romam
2286 3240 2361 3303 Ρ.
2405 3238 2648 3303 Simon
2681 3258 2935 3304 evoca-

468 3357 687 3426 retur,
719 3366 852 3411 nec
883 3350 956 3411 in
986 3348 1495 3428 Portugalliam
1525 3349 2037 3425 remitteretur,
2072 3347 2194 3410 sed
2236 3347 2404 3410 alibi
2443 3358 2933 3427 occuparetur.

470 3455 634 3518 licet
663 3454 816 3518 Rex
847 3456 993 3519 suis
1024 3456 1275 3519 litteris
1303 3474 1433 3535 pro
1462 3455 1685 3535 ipsius
1713 3454 1945 3518 reditu
1975 3454 2302 3531 instaret,
2338 3473 2504 3518 nam
2543 3455 2695 3535 ejus
2726 3456 2936 3519 amici

471 3559 871 3641 hujusmodi
900 3563 1174 3626 litteras
1206 3562 1416 3625 facile
1444 3562 1826 3642 impetrare
1858 3570 2209 3640 poterant3
2245 3572 2345 3640 et,
2378 3563 2440 3625 si
2477 3562 2910 3643 respondere

470 3677 585 3733 tur
613 3670 750 3732 illis
778 3669 1225 3751 Principibus
1252 3670 1601 3733 rationem
1630 3668 1993 3732 reddendo
2038 3686 2167 3731 cur
2203 3686 2347 3732 non
2384 3688 2469 3732 eo
2500 3670 2793 3749 rediret,
2838 3670 2937 3734 fa—

470 3777 604 3840 cile
663 3776 819 3839 illos
875 3794 1003 3858 pro
1057 3794 1186 3840 sua
1234 3776 1677 3840 humanitate
1736 3792 1896 3838 eam
1945 3775 2403 3839 admissuros,
2466 3777 2643 3841 Cum
2700 3786 2935 3841 autem

469 3883 547 3946 P.
591 3883 910 3964 Ignatius
952 3885 1087 3947 hoc
1139 3883 1632 3961 intellexisset,
1666 3900 1794 3963 per
1839 3884 2111 3946 litteras
2139 3884 2489 3963 vigesima
2529 3894 2782 3965 quarta
2819 3883 2940 3948 Se-

469 3990 810 4070 ptembris
837 3991 1043 4054 datas
1070 3991 1346 4070 gratias
1376 3990 1521 4070 egit
1544 3989 1724 4069 Regi
1748 3989 1936 4071 quod
1966 3990 2066 4053 ita
2095 4007 2171 4053 se
2199 3991 2539 4069 gessisset
2562 3992 2635 4054 in
2657 3991 2792 4054 hoc
2822 4009 2939 4054 ne·

468 4098 692 4176 goti0,
726 4106 800 4160 ut
838 4114 1284 4177 summopere
1323 4107 1547 4160 totam
1583 4095 2010 4160 Societatem
2049 4096 2385 4176 obsequio
2429 4115 2558 4161 suo
2593 4107 2941 4179 perpetuo

467 4203 926 4268 devinxisset.
960 4203 1064 4267 Eo
1086 4215 1534 4284 processerat
1557 4204 1847 4267 libertas
1871 4205 2341 4284 quorumdam
2354 4196 2839 4285 collegialium
2861 4214 2932 4269 et

469 4312 868 4390 insolentia,
901 4321 978 4375 ut
1006 4310 1505 4392 Superioribus
1531 4311 1753 4374 verba
1783 4310 2165 4392 aliquando
2208 4312 2526 4376 dicerent
2564 4314 2938 4393 superbiae

551 4550 567 4583 ¹
626 4549 758 4593 Vide
781 4551 829 4594 in
853 4551 1043 4596 Carras
1062 4554 1128 4597 de
1150 4554 1202 4597 S.
1223 4553 1460 4607 Ignacto,
1480 4560 1517 4598 t.
1548 4565 1619 4607 111,
1653 4564 1773 4608 pag.
1809 4554 1890 4597 15⁴
1923 4560 1973 4597 et
2008 4561 2301 4609 sequentes.
2332 4554 2471 4599 Misit
2507 4555 2667 4601 etiam
2702 4556 2938 4611 Ignatim

467 4621 572 4664 tria
594 4620 735 4673 folla,
755 4622 808 4665 in
827 4624 1010 4676 quibus
1029 4635 1214 4668 nomen
1242 4637 1389 4670 snum
1411 4632 1614 4670 tantum
1633 4626 1935 4679 scripserat,
1956 4632 2014 4670 ut
2044 4638 2201 4681 supra
2232 4627 2328 4670 hoc
2359 4638 2542 4671 nomen
2573 4629 2815 4683 quidquid
2840 4630 2940 4684 ipsi

470 4693 520 4736 in
541 4691 759 4736 Domino
782 4695 946 4741 visum
969 4695 1139 4748 fuerit,
1157 4695 1323 4741 Miron
1343 4698 1611 4750 scriberet,
1635 4697 1827 4742 auditis
1850 4703 2024 4741 tamen
2057 4700 2199 4753 prius
2230 4705 2455 4752 quatuor
2470 4731 2481 4749 .
2513 4700 2713 4745 scilicet
2728 4733 2740 4755 ,
2770 4700 2943 4745 Ludo—

470 4762 589 4806 vico
610 4763 883 4820 Conana,
904 4767 1242 4811 Emmanuele
1266 4769 1521 4823 Godinho‚
1544 4768 1755 4813 Urbano
1778 4768 2078 4814 Femandez
2100 4777 2151 4815 et
2172 4768 2345 4816 Leone
2366 4770 2641 4826 Euriquez.
