3679 5414
1681 470 1808 528 ΑΝ.
1855 472 1993 529 1552
2955 465 3057 522 581

602 614 822 693 modi,
876 616 935 677 si
984 616 1206 678 bonos
1256 616 1722 679 instructores
1773 633 1857 678 ac
1911 617 2426 695 gubernatores
2484 622 2701 676 nacta
2751 630 2893 674 non
2945 611 3058 689 sit,

603 740 854 803 parum
893 722 1043 802 spei
1080 721 1249 785 dare
1291 740 1501 803 posse
1545 723 1733 802 quod
1771 724 2018 786 ruinas
2067 722 2429 785 Ecclesiae
2480 720 2873 783 catholicae
2924 718 3063 780 sint

599 829 1085 892 instauraturi.
1121 829 1285 892 Ideo
1310 828 1386 892 P.
1414 829 1713 910 Lanoyo
1743 830 2119 893 videbatur
2149 847 2292 892 non
2319 838 2467 891 tam
2489 845 2644 890 esse
2671 825 3062 889 curandum

610 945 687 998 ut
717 936 1016 1014 singulis
1046 938 1221 999 locis
1249 937 1545 1016 parochi
1575 937 2133 1015 instituerentur,
2168 953 2381 1016 quam
2423 944 2498 998 ut
2531 951 2615 997 eo
2646 933 2879 1010 modo,
2923 948 3062 1011 quo

610 1042 686 1105 fit
713 1043 785 1105 in
809 1043 1029 1122 India,
1062 1042 1595 1124 praedicatores
1619 1043 2012 1107 catholicae
2036 1044 2402 1106 doctrinae
2426 1041 2957 1104 instituerentur
2981 1056 3064 1100 ac

605 1150 1072 1229 mitterentur,
1107 1167 1407 1229 quorum
1438 1168 1619 1213 unus
1649 1152 1887 1213 multis
1931 1147 2003 1213 in
2047 1151 2222 1212 locis
2264 1167 2516 1213 sanam
2559 1148 2955 1211 doctrinam
3000 1154 3068 1208 et

603 1274 786 1335 quae
842 1257 932 1320 ad
990 1256 1322 1336 pietatem
1379 1257 1648 1320 faciunt
1698 1256 1953 1320 docere
2002 1266 2266 1336 posset.
2320 1257 2663 1336 Cupiebat
2693 1264 3069 1334 propterea

603 1362 792 1426 idem
839 1363 1051 1426 Pater
1098 1373 1173 1426 ut
1222 1366 1447 1427 nostri
1500 1363 1797 1444 juvenes
1848 1365 2170 1443 germani
2219 1383 2346 1445 per
2385 1381 2612 1444 pagos
2659 1362 2934 1424 vicinos
2986 1379 3070 1424 eo

607 1481 946 1552 tempore,
979 1489 1118 1551 quo
1148 1490 1190 1534 a
1214 1472 1468 1535 studiis
1497 1473 1876 1549 vacabant,
1911 1481 2204 1553 propter
2234 1472 2631 1535 vindemias
2663 1479 2784 1533 aut
2814 1486 3073 1532 causas

606 1579 890 1658 similes,
928 1580 1019 1642 ad
1048 1580 1347 1643 verbum
1375 1578 1511 1642 Dei
1541 1578 2097 1662 praedicandum
2128 1578 2218 1642 ad
2242 1578 2641 1660 hujusmodi
2671 1579 2827 1640 loca
2851 1578 3071 1640 mitte-

607 1696 873 1750 rentur.

726 1793 868 1856 385.
957 1794 1136 1858 Cum
1176 1795 1248 1858 in
1291 1795 1568 1858 Italiam
1606 1797 1882 1858 veniret
1924 1795 2268 1873 Magister
2323 1794 2574 1857 Petrus
2614 1793 3074 1857 Schorichius

609 1902 995 1982 permissus
1027 1911 1133 1964 est
1164 1920 1205 1964 a
1236 1901 1310 1964 P.
1353 1902 1633 1981 Ignatio
1675 1902 2038 1965 Veronam
2081 1902 2443 1979 accedere,
2490 1902 2610 1965 ubi
2648 1900 2799 1981 ejus
2828 1901 3069 1976 frater,

605 2008 962 2088 Georgius
993 2008 1481 2088 SchorichiuS,
1516 2010 1801 2072 cuidam
1831 2009 2050 2071 nobili
2082 2010 2241 2072 viro
2270 2008 2735 2087 inserviebat,
2769 2019 2837 2071 et
2869 2018 2944 2071 ut
2984 2009 3074 2071 ad

607 2114 1035 2178 Societatem
1073 2133 1234 2179 eum
1266 2115 1619 2179 adducere
1658 2117 2028 2195 niteretur;
2062 2115 2250 2195 quod
2292 2124 2361 2178 et
2404 2115 2604 2193 fecit,
2640 2124 2709 2179 et
2743 2115 3075 2195 juvenem

606 2222 875 2302 alioqui
904 2224 1089 2286 bono
1123 2209 1406 2302 ingenio
1437 2223 1836 2303 praeditum
1870 2231 1937 2285 et
1975 2223 2218 2285 varias
2264 2224 2546 2301 linguas
2592 2232 2947 2285 tenentem
2988 2223 3078 2285 ad

614 2328 1041 2393 Societatem
1066 2329 1478 2411 attulit;{qui
1507 2339 1582 2393 ut
1614 2341 1947 2393 strenuus
1972 2331 2341 2409 operarius
2372 2330 2444 2392 in
2475 2348 2558 2392 ea
2583 2331 2766 2393 vixit
2797 2339 2865 2392 et
2895 2347 3080 2393 mor·

609 2446 776 2500 tuus
805 2448 933 2516 est,
968 2455 1130 2500 cum
1153 2446 1391 2501 tamen
1421 2439 1535 2500 ille
1566 2438 1717 2518 ipse
1747 2438 1867 2517 qui
1898 2438 1989 2500 ad
2018 2435 2449 2500 Societatem
2479 2455 2641 2500 eum
2662 2437 3075 2515 deduxerat,

607 2545 701 2607 ab
732 2544 978 2607 eadem
1002 2546 1257 2607 misere
1288 2544 1647 2625 defecerit,
1682 2554 1758 2607 ut
1787 2554 2035 2624 postea
2066 2545 2419 2609 videbitur
2453 2543 2494 2607 ¹.

731 2651 873 2715 386.
958 2651 1355 2733 Injunctum
1384 2651 1615 2715 fuerat
1647 2651 1718 2715 P.
1768 2651 2062 2716 Nicolao
2107 2652 2403 2733 Lanoyo
2447 2662 2522 2716 ut
2566 2653 3079 2735 professionem

604 2760 995 2837 emitteret,
1029 2777 1188 2822 cum
1218 2759 1559 2839 professis
1589 2758 1912 2823 Viennae
1935 2769 2332 2840 praeesset3
2367 2770 2656 2842 propter
2682 2762 3076 2825 absentiam

610 2874 847 2928 tamen
878 2866 1208 2946 Episcopi
1236 2866 1670 2929 Labacensis
1699 2884 1844 2929 non
1883 2883 2039 2929 eam
2083 2868 2311 2948 potuit
2356 2870 2676 2931 emittere
2715 2887 2938 2950 usque
2981 2869 3073 2932 ad

612 2972 960 3035 decimam
1010 2975 1327 3052 quintam
1372 2974 1691 3055 Januarii
1743 2974 1913 3037 anni
1962 2975 2347 3054 sequentis,
2400 2985 2469 3037 et
2512 2985 2679 3037 tunc
2730 2975 2803 3037 in
2857 2978 3073 3039 mani-

608 3081 741 3143 bus
793 3080 1046 3143 Nuncii
1089 3081 1520 3162 Apostolici,
1579 3081 1877 3145 Comitis
1930 3081 2351 3161 Hieronymi
2399 3080 2859 3161 Martinengi,
2918 3101 3073 3145 eam

603 3189 842 3252 emisit
873 3188 916 3252 ⁹.

723 3295 865 3359 387.
953 3297 1281 3361 Afflictus
1309 3297 1437 3361 fuit
1466 3298 1675 3360 valde
1706 3306 2055 3377 quartana
2088 3297 2265 3360 febri
2293 3296 2371 3360 P.
2408 3295 2799 3361 Gaudanus
2831 3306 2899 3359 et
2932 3298 3071 3360 duo

601 3404 724 3466 alii
754 3407 1107 3484 germani,
1143 3406 1291 3486 qui,
1328 3405 1593 3467 cumin
1635 3414 1953 3468 extremo
1985 3406 2176 3467 vitae
2205 3404 2519 3485 periculo
2557 3406 2837 3467 versari
2879 3405 3069 3468 vide-

601 3521 881 3591 rentur,
915 3522 1233 3576 extrema
1262 3512 1593 3575 unctione
1623 3512 1796 3592 ipsis
1827 3512 2353 3589 administrata,
2402 3511 2671 3589 statim,
2721 3510 2877 3574 Deo
2912 3529 3068 3591 pro-

602 3619 799 3698 piti0,
853 3622 1403 3693 convaluerunt;
1438 3620 1626 3698 quod
1668 3620 1740 3682 in
1772 3619 2156 3683 Germania
2187 3618 2543 3682 efficaciae
2581 3616 2791 3698 hujus
2820 3617 3067 3682 Sacra·

602 3728 819 3790 menti
849 3744 994 3790 non
1023 3744 1276 3805 parum
1308 3728 1475 3790 utile
1508 3727 1986 3790 testimonium
2016 3725 2145 3789 fuit
2175 3724 2220 3785 ³.

683 3935 700 3967 ¹
762 3933 841 3976 Ex
863 3935 924 3977 iis
945 3936 1129 3989 collige
1153 3936 1290 3979 haud
1323 3942 1516 3979 temere
1552 3947 1582 3978 a
1612 3935 1757 3978 nobis
1791 3934 1958 3985 dicta,
1993 3946 2124 3988 quae
2148 3934 2485 3989 coniectando
2505 3934 2802 3987 scripsimus
2822 3935 2873 3978 in
2894 3936 2999 3977 vol.
3033 3945 3068 3976 v

600 4007 772 4059 operis
796 4007 985 4049 Cartas
1005 4007 1069 4049 de
1096 4007 1205 4049 San
1228 4006 1464 4059 Ignacio,
1490 4017 1609 4060 pag.
1633 4007 1724 4057 128,
1751 4013 1857 4051 not.
1879 4005 2248 4058 2.-Polancus,
2267 4016 2333 4048 ex
2362 4017 2511 4055 com„
2528 4005 2672 4049 Patri
2695 4006 2908 4049 Nicolao
2937 4005 3068 4050 Lau-

602 4089 752 4133 noyo,
776 4084 832 4120 ut
854 4077 1065 4121 Petrum
1083 4078 1440 4122 Schorichium
1462 4078 1675 4122 Romam
1692 4079 1887 4129 mittat,
1906 4084 1996 4120 aut
2016 4076 2064 4120 id
2086 4079 2337 4131 probante
2357 4083 2463 4129 aut,
2481 4078 2524 4120 si
2546 4078 2786 4131 expedire
2807 4077 3066 4130 videatur,

602 4149 762 4192 inscio
788 4148 1135 4194 Romanorum
1153 4149 1312 4204 Rege,
1335 4151 1388 4193 13
1407 4150 1742 4205 Septembris;
1766 4151 1948 4192 eadem
1966 4149 2046 4193 die
2068 4149 2221 4192 Petro
2239 4149 2541 4193 Schorichio
2562 4156 2618 4192 ut
2637 4148 2852 4192 Romam
2870 4150 3065 4199 veniat.

599 4220 782 4267 eidem.
801 4228 857 4264 ut
881 4222 1099 4265 fratrem
1121 4221 1401 4276 Georgium
1422 4229 1512 4266 aut
1532 4222 1597 4265 ad
1629 4221 1999 4265 Germanicum
2022 4220 2309 4275 Collegitxm
2325 4233 2498 4265 secum
2528 4221 2750 4265 deducat
2767 4255 2777 4273 ,
2797 4227 2888 4265 aut
2910 4221 2975 4264 ad
2996 4221 3069 4266 fa-

597 4291 784 4335 cienda
805 4296 1067 4336 exercitia
1084 4293 1308 4345 inducat,
1331 4294 1384 4336 25
1405 4292 1659 4337 Octobris.

680 4363 705 4395 ¹
763 4364 950 4418 ignatii
973 4372 1211 4419 patentes
1228 4365 1436 4409 litterae
1454 4398 1465 4413 .
1488 4366 1670 4419 quibus
1693 4366 1905 4411 Nicolao
1927 4366 2176 4422 Launoyo
2194 4364 2501 4408 Viennensis
2522 4363 2740 4418 Collegii
2756 4376 2934 4407 curam
2951 4376 3067 4408 cum

600 4440 861 4488 potestate
901 4435 1242 4479 provincialis
1275 4437 1531 4488 attribuit,
1569 4438 1619 4480 19
1651 4436 2298 4491 Septembris.—Polancus
2317 4469 2328 4489 ,
2376 4447 2441 4479 ex
2471 4447 2601 4479 com.
2616 4469 2631 4487 ,
2675 4435 2823 4479 Patri
2851 4435 2895 4478 N
2901 4436 3063 4479 icolao

595 4505 846 4563 Launoyo
861 4540 872 4559 ,
896 4519 956 4549 ne
987 4507 1179 4551 diutius
1199 4515 1431 4551 moretur
1466 4507 1842 4553 professionem
1863 4510 2125 4561 emittere;
2150 4508 2282 4562 quod
2302 4508 2346 4551 si
2368 4509 2419 4551 in
2454 4508 2627 4561 aliquo
2649 4507 2863 4558 dubitet,
2886 4506 3065 4550 Sacer-

597 4579 767 4631 dotes,
784 4580 870 4632 qui
891 4590 1006 4623 cum
1027 4579 1137 4633 ipso
1158 4587 1290 4627 sunt.
1318 4582 1553 4623 consulat
1573 4592 1850 4635 eorumque
1867 4581 2058 4635 judicio
2077 4592 2131 4624 se
2152 4581 2443 4633 submittat,
2460 4580 2512 4623 27
2533 4578 2849 4622 Decembris.

681 4650 704 4681 ³
759 4649 1037 4704 Polaticus,
1061 4662 1126 4693 ex
1145 4663 1302 4701 com„
1323 4650 1465 4695 Patri
1486 4652 1699 4697 Nicolao
1724 4651 1987 4708 Launoyo,
2006 4663 2066 4694 ne
2090 4651 2356 4695 Nicolaum
2385 4651 2694 4694 Gaudanum
2711 4652 2886 4694 labore
2908 4651 3064 4695 nimio

600 4723 761 4776 premi
783 4724 1069 4777 permittat,
1091 4724 1400 4777 praesertim
1423 4725 1542 4768 dum
1561 4726 1784 4770 adversa
1806 4731 1884 4767 est
1904 4724 2216 4776 valetudine,
2235 4725 2289 4767 ‘25
2305 4723 2557 4767 Octobris.
