3679 5414
675 452 786 512 424
1584 455 1839 517 Cimon.
1882 456 2039 518 Soc,
2078 459 2217 531 JES.

672 600 794 679 gio
824 597 1146 662 Romano
1173 602 1785 683 praelegerentur;
1818 612 1888 665 et
1916 605 2243 683 quamvis
2270 605 2671 668 habitarent
2701 605 2773 669 in
2803 616 3136 686 separata

675 707 909 786 domo,
944 707 1362 787 quibusdam
1403 726 1493 772 ex
1533 710 1798 772 nostris
1834 711 1937 773 eis
1978 709 2359 791 adjunctiS,
2394 729 2693 792 quorum
2724 731 2938 794 opera
2967 713 3134 777 faci·

675 814 814 877 lius
843 815 915 876 in
946 813 1173 877 officio
1203 816 1550 879 contineri
1578 827 1890 897 possent,
1920 835 2164 881 omnes
2194 827 2432 882 tamen
2458 819 2552 882 ad
2580 819 2975 899 Collegium
3017 839 3135 884 no-

675 930 901 984 strum
930 939 1138 984 mane
1169 931 1237 985 et
1264 931 1425 1003 post
1454 923 1822 987 meridiem
1852 924 1944 987 ad
1975 925 2311 989 lectiones
2348 934 2419 988 et
2460 927 2636 989 alias
2676 927 3141 990 scholasticas

676 1029 1227 1093 exercitationes
1255 1031 1502 1094 venire
1533 1029 1916 1111 debebant;
1949 1042 2018 1095 et
2059 1032 2216 1096 ideo
2255 1034 2498 1096 vicina
2535 1033 2786 1096 domus
2826 1034 3139 1114 Collegio

677 1146 924 1199 nostro
956 1137 1028 1199 in
1057 1137 1371 1217 ipsorum
1399 1155 1605 1201 usum
1635 1147 1930 1219 accepta
1961 1148 2087 1203 est.
2122 1139 2275 1203 Hoc
2305 1141 2458 1221 ipso
2490 1158 2675 1204 anno
2706 1159 2956 1205 versus
2988 1141 3140 1222 ejus

679 1242 888 1307 finem
917 1262 1060 1308 non
1089 1246 1300 1325 pauci
1322 1243 1620 1324 juvenes
1650 1246 1774 1309 sed
1811 1246 1960 1310 fere
2001 1266 2245 1311 omnes
2282 1267 2371 1311 ex
2411 1248 2726 1312 inferiori
2757 1248 3142 1312 Germania

678 1352 876 1415 missi
925 1362 1110 1432 sunt,
1163 1353 1344 1415 inter
1396 1370 1573 1433 quos
1622 1353 1905 1417 fuerunt
1955 1355 2200 1435 aliqui,
2254 1355 2375 1435 qui
2414 1355 2670 1418 artium
2711 1357 3140 1421 curriculum

676 1460 945 1522 emensi
973 1458 1272 1523 fuerant.

805 1566 900 1629 14.
988 1565 1476 1646 Significatum
1503 1577 1740 1630 tamen
1770 1576 1877 1631 est
1905 1569 2167 1631 nostris
2188 1586 2277 1631 ne
2300 1568 2369 1632 in
2398 1579 2763 1649 posterum
2793 1568 3140 1633 Flandros

679 1684 749 1738 et
779 1674 1118 1738 Ollandos
1149 1684 1269 1737 aut
1297 1675 1693 1738 Brabantos
1717 1675 1809 1737 ad
1836 1675 1975 1738 hoc
1999 1675 2390 1755 Collegium
2420 1677 2797 1756 mitterent,
2833 1676 3139 1758 quando·

682 1783 963 1863 quidem
994 1783 1091 1846 illi
1119 1783 1423 1846 Lovanii
1452 1782 1877 1846 catholicam
1900 1792 1969 1846 et
1994 1785 2438 1864 praeclaram
2461 1784 2816 1847 habebant
2843 1785 3136 1849 Univer-

680 1891 983 1969 sitatem3
1008 1891 1222 1954 immo
1252 1898 1320 1953 et
1351 1889 1732 1954 Clevenses
1762 1900 1830 1954 et
1850 1891 2318 1972 JuliacenseS,
2354 1890 2779 1955 Geldrenses
2807 1901 2877 1955 et
2905 1892 3137 1972 Frisii,

678 1999 798 2078 qui
848 2017 973 2078 per
1024 1998 1564 2061 constitutiones
1604 1996 1813 2077 hujus
1858 1997 2157 2079 Collegii
2196 2016 2338 2061 non
2377 1999 2954 2079 excludebantur,
2995 2017 3140 2063 non

679 2123 834 2168 esse
865 2106 1167 2186 amplius
1203 2106 1585 2169 mittendos
1625 2106 1968 2185 scriptum
2006 2116 2142 2184 est,
2177 2106 2313 2168 nisi
2342 2106 2538 2186 prius
2568 2105 2643 2169 P.
2674 2107 2948 2186 Ignatio
2979 2126 3140 2170 con·

679 2215 887 2292 sult0,
921 2222 997 2276 ut
1019 2215 1221 2276 locus
1244 2213 1630 2293 superioris
1653 2213 2080 2277 Germaniae
2103 2212 2664 2277 adolescentibus
2688 2212 2914 2293 major
2935 2215 3140 2278 relin-

678 2329 1034 2399 queretur.
1955 2404 1960 2407 -

804 2427 898 2490 15.
984 2427 1263 2506 Viginti
1292 2435 1596 2506 quatuor
1635 2425 1781 2489 fere
1815 2425 2116 2506 juvenes
2158 2426 2322 2489 huic
2365 2426 2679 2507 Collegio
2717 2428 3139 2508 principium

674 2535 1021 2598 dederunt
1053 2544 1121 2597 et
1149 2534 1350 2596 brevi
1373 2535 1612 2614 plures
1640 2543 1846 2597 erant
1877 2533 2324 2613 admittendi,
2359 2534 2483 2597 sed
2510 2552 2653 2597 non
2682 2536 2834 2598 sine
2865 2534 3140 2599 delectu

677 2652 746 2705 et
775 2643 1080 2723 passim3
1124 2642 1338 2704 immo
1371 2641 1911 2705 constitutiones
1942 2641 2351 2704 Germanici
2390 2641 2687 2722 Collegii
2729 2641 2820 2705 ad
2855 2652 3140 2705 nostros

676 2750 936 2814 missae
966 2759 1149 2828 sunt,
1180 2749 1382 2830 juxta
1428 2767 1606 2830 quas
1629 2750 2028 2813 examinari
2087 2750 2420 2813 deberent
2460 2748 2762 2813 Romam
2794 2750 3136 2814 mittendi.

674 2857 830 2920 Hoc
861 2866 1097 2920 tamen
1129 2871 1314 2921 anno
1347 2851 1419 2919 in
1447 2857 1986 2920 humanioribus
2025 2857 2299 2932 litteris,
2342 2865 2411 2920 et
2451 2857 2664 2919 etiam
2706 2857 2777 2920 in
2820 2858 3142 2937 sequenti

674 2983 898 3045 usque
929 2965 1020 3028 ad
1050 2965 1444 3027 studiorum
1468 2965 2008 3027 renovationem
2037 2965 2108 3027 in
2140 2973 2479 3027 autumno
2519 2964 2685 3026 anni
2721 2963 2896 3042 1553,
2931 2982 3142 3044 expo·

672 3073 780 3136 liti
805 3072 1090 3135 fuerunt
1119 3080 1263 3134 tam
1302 3072 1373 3135 in
1412 3072 1653 3134 latinis
1691 3089 1905 3151 quam
1944 3072 2017 3134 in
2054 3072 2338 3150 graecis
2382 3081 2450 3134 et
2492 3070 2874 3150 hebraicis3
2916 3088 3144 3150 neque

675 3180 861 3243 enim
901 3189 1065 3243 ante
1096 3177 1165 3242 id
1198 3179 1534 3259 temporis
1565 3196 1818 3242 cursus
1847 3179 2377 3259 philosophicus
2406 3195 2537 3241 nec
2567 3178 3009 3258 theologicus
3038 3187 3145 3241 est

674 3288 1071 3351 inchoatus.
1116 3286 1251 3366 Qui
1289 3296 1525 3350 autem
1565 3286 1711 3366 Jam
1763 3287 2283 3366 philosophiam
2330 3286 2733 3364 audierant,
2782 3295 2857 3349 ut
2898 3286 3144 3349 eadem

674 3395 907 3459 studia
938 3395 1151 3457 etiam
1185 3394 1428 3457 audita
1449 3395 1832 3474 repetendo
1858 3402 2248 3458 tractarent
2278 3394 2739 3457 constitutum
2767 3402 2894 3456 est.

800 3502 893 3563 16.
982 3502 1113 3564 His
1155 3501 1590 3564 intermediis
1634 3502 1994 3565 mensibus
2033 3501 2214 3564 inter
2256 3501 2524 3581 primos
2560 3502 2755 3563 venit
2803 3501 3145 3580 magister

675 3610 1026 3672 Henricus
1049 3609 1482 3687 BlissemiuS,
1512 3609 1854 3687 magister
1876 3607 2139 3671 Paulus
2162 3607 2501 3671 Hoffaeus
2517 3617 2585 3671 et
2607 3608 2950 3687 Magister
2971 3606 3142 3670 Her-

677 3733 979 3779 mannus
1009 3715 1334 3797 Tyraeus
1365 3725 1435 3778 et
1462 3716 1805 3796 magister
1833 3714 2248 3778 Theodorus
2286 3714 2681 3794 Lindanus;
2714 3715 2999 3777 ultimus
3028 3714 3145 3776 hic

678 3823 1291 3888 wratislaviensis
1322 3824 1711 3886 canonicus
1742 3831 1992 3903 postea
2020 3822 2253 3885 factus
2284 3832 2413 3901 est;
2446 3832 2590 3885 tres
2619 3822 2894 3902 priores
2923 3822 2996 3884 in
3023 3818 3142 3885 So·

673 3931 1008 3993 cietatem
1039 3930 1376 4010 ingressi,
1411 3930 1778 4010 praeclare
1810 3947 1887 3992 se
1916 3938 2293 4008 gesserunt
2322 3938 2391 3992 et
2419 3947 2561 3992 non
2600 3930 2827 3992 solum
2865 3929 2956 3991 ad
2985 3944 3143 3990 con·

681 4037 1108 4102 cionandum
1138 4047 1206 4100 et
1239 4037 1635 4100 docendum
1665 4035 1789 4100 sed
1818 4038 2033 4100 etiam
2076 4036 2167 4100 ad
2205 4035 2742 4116 gubernandum
2780 4035 3147 4115 egregium

684 4163 728 4208 a
758 4143 1063 4207 Domino
1087 4131 1430 4208 talentum
1459 4153 1890 4226 acceperunt
1927 4142 1972 4207 ¹.'

767 4425 785 4456 ¹
844 4422 1023 4477 Longa
1056 4423 1116 4466 de
1138 4428 1380 4476 suscepto
1402 4433 1433 4466 a
1455 4421 1717 4465 societate
1741 4420 1972 4474 Collegio
2006 4419 2314 4465 Germanico
2348 4420 2556 4474 ejusque
2589 4417 2708 4468 fine,
2737 4424 2861 4472 etc.,
2885 4416 3150 4461 enarratio

682 4498 843 4542 missa
866 4502 943 4540 est
966 4496 1210 4540 Patribus
1234 4495 1445 4552 Laynez
1467 4501 1518 4538 et
1542 4494 1826 4546 Salmeron.
1849 4495 1903 4537 20
1922 4493 2211 4548 Februarii,
2236 4500 2290 4537 ut
2322 4495 2382 4537 de
2405 4494 2466 4538 iis
2487 4505 2601 4536 cum
2622 4492 2882 4536 Praelatis
2908 4498 3027 4535 tunc
3044 4489 3154 4534 Tri-

683 4568 826 4612 denti
846 4575 1057 4622 propter
1080 4566 1365 4612 Concilium
1386 4567 1688 4621 degentibus
1708 4578 1867 4621 agere
1886 4574 2112 4621 possent.
2136 4565 2339 4610 Similes
2369 4566 2555 4609 missae
2587 4570 2707 4608 sunt
2726 4564 2979 4608 Venetias
2995 4596 3006 4617 ,
3028 4562 3152 4606 Fer·

684 4640 899 4692 rariam,
923 4639 1220 4694 Bononiam,
1242 4638 1492 4683 Mutinam
1509 4645 1561 4683 et
1577 4640 1628 4683 in
1643 4639 1812 4683 omnia
1829 4640 1938 4683 fere
1955 4640 2097 4683 intra
2117 4638 2381 4693 Europam
2402 4639 2515 4682 loca
2531 4637 2617 4681 ubl
2632 4637 2790 4692 aliqui
2808 4637 2869 4680 de
2893 4636 3152 4680 societate

685 4714 1044 4759 morabantur.
