3679 5414
1579 437 1706 494 Aa.
1752 437 1895 495 1552
2855 437 2971 497 ow.

491 596 646 646 rem
683 582 989 645 habebat
1026 581 1364 659 Ducissa,
1411 598 1660 644 coram
1705 598 1793 643 ea
1843 592 1912 644 et
1962 581 2351 645 Comitibus
2401 581 2488 646 de
2537 581 2839 663 Osorno,
2893 594 2962 647 et

491 687 810 770 ipsorum
845 688 1313 752 familiaribus
1342 688 1635 751 Missam
1664 687 1739 750 P.
1771 687 2203 753 Franciscus
2232 689 2640 768 celebravit,
2674 707 2813 769 qua
2845 693 2959 755 ab·

485 798 746 874 soluta,
779 797 1197 860 concionem
1225 795 1416 875 apud
1443 813 1566 858 eos
1597 794 1841 858 habuit
1871 794 1959 858 de
1987 796 2380 876 Evangelio
2404 793 2555 875 eius
2584 796 2746 876 diei,
2772 798 2973 877 quod.

492 913 647 967 erat
677 903 1154 966 Accesserant
1180 902 1278 965 ad
1304 902 1561 983 sesum
1591 902 1865 965 scribae
1885 907 1953 964 et
1974 902 2377 982 pharisaei.
2408 902 2549 966 Illis
2582 903 2800 967 etiam
2820 905 2957 968 die-

491 1009 622 1075 bus
651 1010 1169 1074 consessionem
1197 1009 1543 1074 Ducissae
1572 1019 1641 1073 et
1678 1009 2103 1074 Comitissae
2132 1009 2220 1074 de
2250 1010 2530 1074 Osorno
2554 1029 2640 1074 ac
2664 1010 2808 1075 filio
2833 1011 2961 1076 Co-

489 1118 684 1182 mitis
713 1135 877 1181 cum
903 1118 1085 1196 aliiS,
1120 1119 1239 1199 qui
1266 1117 1521 1197 viginti
1550 1117 1692 1181 duo
1721 1116 2029 1197 suerunt,
2063 1117 2438 1182 audierunt
2459 1118 2612 1199 ipse
2634 1126 2703 1181 et
2725 1119 2963 1189 socius

492 1221 568 1288 Ρ.
590 1225 1075 1301 Bustamante;
1100 1233 1169 1288 et
1194 1242 1356 1288 cum
1378 1225 1490 1287 die
1513 1224 1797 1288 veneris
1821 1224 2203 1305 sequentiS,
2233 1241 2372 1305 quo
2385 1224 2648 1291 festum
2669 1223 2961 1290 Annun-

487 1331 820 1395 ciationis
849 1331 1375 1405 celebrabatur,
1409 1331 1717 1395 Ducissa
1746 1348 1912 1395 cum
1941 1331 2152 1395 dictis
2181 1331 2573 1395 Comitibus
2602 1331 2693 1394 ad
2722 1348 2959 1395 mona·

485 1440 785 1503 sterium
833 1440 1360 1519 religiosarum,
1412 1437 1600 1519 quod
1638 1438 1946 1502 habebat
1993 1457 2032 1501 e
2075 1438 2368 1517 regione
2411 1438 2521 1501 sui
2566 1438 2838 1518 palatii,
2884 1456 2963 1501 se

486 1547 944 1625 contulisset,
987 1563 1127 1625 quo
1165 1564 1257 1609 ex
1298 1546 1508 1626 pagis
1544 1546 1802 1609 vicinis
1843 1545 2043 1608 multi
2080 1544 2174 1608 ad
2215 1544 2642 1609 audiendam
2681 1545 2958 1609 concio-

490 1670 654 1717 nem
682 1663 1051 1732 venerant,
1083 1652 1161 1715 P.
1193 1652 1251 1715 F
1253 1653 1622 1716 ranciscus
1651 1653 1756 1715 eis
1778 1652 2245 1716 concionatus
2269 1661 2397 1715 est.
2424 1651 2515 1717 Et
2534 1669 2698 1716 cum
2721 1652 2835 1717 die
2856 1670 2959 1716 se—

483 1762 731 1841 quenti
752 1761 1110 1842 proficisci
1130 1762 1365 1839 vellet,
1392 1778 1526 1823 nec
1547 1768 1842 1842 propter
1875 1760 2329 1824 interdictum
2362 1769 2651 1840 possent
2684 1760 2780 1823 ibi
2804 1778 2957 1823 san-

485 1869 881 1932 ctissimam
910 1868 1435 1932 Eucharistiam
1464 1885 1776 1948 sumere,
1813 1868 1907 1931 ad
1934 1869 2253 1931 vicinum
2283 1867 2618 1948 oppidum
2636 1916 2651 1946 ,
2678 1868 2961 1931 nomine

485 1974 808 2055 Leivam,
854 1986 1105 2039 euntes
1149 1992 1235 2038 ac
1279 1975 1510 2038 denuo
1555 1973 1783 2039 eidem
1822 1975 2020 2039 Patri
2073 1974 2489 2038 confitentes
2514 1982 2607 2060 ,et
2657 1974 2808 2054 eJ'us
2852 1992 2957 2038 sa·

482 2099 689 2144 crum
723 2082 1119 2167 audiente&
1164 2091 1542 2162 postquam
1585 2082 1675 2144 ad
1721 2098 1846 2144 eas
1892 2081 2129 2161 aliqua
2174 2081 2397 2144 verba
2445 2080 2955 2157 exhortatoria,

483 2189 1018 2252 sanctissimum
1073 2187 1616 2252 Sacramentum
1672 2188 1942 2252 habens
1993 2188 2065 2250 in
2116 2205 2365 2266 manu,
2421 2187 2746 2266 dixisset,
2797 2206 2963 2251 cum

486 2302 685 2359 tanta
715 2298 1193 2375 lacrymarum
1225 2297 1432 2376 copia
1455 2295 2091 2373 communicarunt,
2119 2303 2196 2357 ut
2218 2312 2464 2358 omnes
2495 2295 2956 2358 circumstan-

483 2411 595 2469 tes
627 2403 1143 2466 illustrissimae
1175 2403 1335 2465 illae
1377 2402 1727 2465 foeminae
1771 2401 1862 2464 ad
1903 2418 2241 2481 magnam
2284 2401 2734 2465 devotionem
2771 2403 2956 2465 exci-

486 2516 741 2573 tarent.
776 2508 1131 2589 Quamdiu
1159 2508 1236 2571 Ρ.
1278 2508 1705 2571 Franciscus
1745 2508 1937 2589 apud
1974 2506 2355 2571 Ducissam
2389 2508 2550 2587 fuit,
2593 2525 2955 2589 nunquam

484 2634 650 2681 cum
683 2618 819 2680 illis
849 2617 1176 2680 Dominis
1206 2617 1443 2680 cibum
1471 2632 1752 2696 capere,
1787 2613 1913 2678 sed
1935 2632 2258 2678 seorsum
2281 2632 2445 2678 cum
2466 2616 2613 2680 suis
2632 2616 2848 2679 sociis
2870 2634 2956 2679 ac

490 2723 800 2787 Ducissa
831 2725 986 2806 ipsa
1017 2725 1262 2802 voluit;
1295 2734 1363 2788 et
1395 2742 1556 2787 cum
1588 2725 1879 2803 copioso
1909 2722 2144 2786 fructu
2185 2733 2253 2787 et
2292 2724 2775 2788 consolatione
2819 2725 2950 2804 spi-

488 2831 726 2895 rituali
767 2831 1052 2894 domum
1095 2832 1286 2894 illam
1324 2831 1766 2910 relinquens,
1811 2848 2063 2892 versus
2107 2830 2470 2894 civitatem
2516 2830 2954 2910 Burgensem

486 2937 846 3017 profectus
875 2949 1003 3002 est.
1038 2938 1216 3002 Cum
1247 2947 1483 3001 autem
1513 2937 1818 3000 Ducissa
1844 2937 2305 3000 intellexisset
2334 2937 2522 3019 quod
2545 2956 2635 3000 ex
2659 2939 2954 3001 eleemo-

483 3047 687 3125 synis
716 3045 791 3108 P.
825 3045 1252 3108 Franciscus
1282 3045 1591 3123 vivebat,
1617 3054 1689 3107 et
1719 3045 1831 3106 ille
1856 3053 2004 3108 tam
2033 3043 2167 3123 ipsi
2195 3060 2411 3124 quam
2440 3044 2693 3108 Comiti
2723 3054 2792 3107 et
2825 3043 2952 3108 Co·

485 3153 802 3216 mitissae
842 3152 930 3216 de
970 3152 1250 3216 Osorno
1289 3154 1816 3232 eleemosynam
1858 3151 2072 3214 trium
2115 3151 2413 3214 realium
2455 3161 2955 3229 argenteorum

484 3278 613 3341 pro
644 3261 943 3341 singulis
969 3269 1309 3337 taxasset;
1343 3259 1507 3340 quia
1537 3276 1791 3339 parum
1813 3259 1886 3322 id
1911 3267 2097 3337 erat,
2132 3258 2357 3321 noluit
2384 3258 2692 3321 Ducissa
2718 3276 2953 3322 assen-

484 3367 635 3446 tiri,
683 3369 808 3432 sed
852 3368 1228 3448 quemdam
1258 3366 1345 3429 de
1373 3366 1642 3429 familia
1672 3384 1803 3428 sua
1833 3383 1999 3429 cum
2028 3364 2103 3428 P.
2138 3365 2528 3430 Francisco
2567 3365 2789 3443 misit,
2837 3367 2955 3445 qui

483 3469 765 3553 Burgos
795 3492 1015 3555 usque
1046 3490 1207 3537 eum
1236 3473 1613 3537 deduceret
1643 3482 1711 3536 et
1740 3489 2096 3553 expensas
2127 3473 2399 3536 itineris
2427 3472 2717 3536 faceret.

607 3579 746 3642 442.
836 3580 1316 3644 Constituerat
1356 3579 1662 3643 Ducissa
1698 3580 1773 3642 in
1810 3580 1930 3642 illo
1969 3596 2098 3642 suo
2137 3579 2397 3659 oppido
2422 3627 2437 3658 ,
2481 3580 2668 3659 quod
2703 3580 2952 3642 vocari

483 3680 797 3750 diximus
835 3681 1119 3751 domum
1161 3687 1511 3767 Reginae,
1560 3687 2073 3750 monasterium
2115 3686 2527 3749 monialium
2569 3685 2638 3749 S.
2658 3686 2697 3729 ‘¹
2737 3687 2955 3750 Fran·

481 3792 659 3856 cisci
683 3793 883 3874 juxta
914 3795 1217 3874 primam
1242 3794 1465 3875 ipsius
1489 3795 1811 3873 regulam
1835 3792 2238 3871 aedificare,
2265 3793 2494 3856 simile
2517 3794 2955 3857 monasterio

478 3899 887 3979 gandiensi,
921 3910 990 3964 et
1030 3902 1102 3963 in
1141 3900 1292 3982 ejus
1323 3900 1850 3964 constructione
1889 3899 2136 3963 decem
2175 3900 2289 3963 vel
2329 3898 2700 3963 duodecim
2738 3901 2957 3964 millia

479 4004 903 4070 ducatorum
932 4007 1333 4088 expendere
1374 4009 1828 4084 decreverat;
1878 4007 2004 4070 sed
2032 4008 2389 4088 persuasit
2419 4008 2519 4070 illi
2549 4006 2624 4071 P.
2670 4008 2955 4071 Franci·

479 4129 648 4176 scus
679 4124 754 4178 ut
777 4114 849 4176 in
872 4114 1195 4177 aedificio
1224 4132 1367 4178 non
1390 4116 1692 4196 amplius
1716 4131 1929 4194 quam
1955 4114 2095 4177 duo
2120 4114 2338 4177 millia
2363 4114 2824 4195 expenderet;
2854 4115 2956 4178 sic

478 4221 672 4283 enim
701 4229 770 4284 et
809 4238 990 4301 opus
1028 4222 1236 4286 citius
1275 4222 1677 4285 consectum
1705 4222 1795 4285 iri
1841 4230 1910 4284 et
1952 4221 2043 4283 ad
2081 4220 2423 4302 majorem
2462 4222 2959 4301 religiosarum

479 4329 1043 4392 consolationem
1081 4329 1263 4408 fore,
1311 4346 1491 4410 quae
1531 4329 1977 4409 paupertatis
2017 4338 2221 4391 erant
2262 4329 2665 4392 amatrices,
2709 4330 2958 4393 Voluit

476 4443 722 4497 autem
749 4445 826 4497 ut
855 4433 931 4498 Ρ.
975 4436 1406 4499 Franciscus
1435 4455 1527 4499 ex
1564 4437 2002 4500 monasterio
2042 4436 2160 4498 illo
2200 4435 2575 4515 gandiensi
2615 4437 2958 4501 moniales

479 4540 920 4606 fundatrices
947 4543 1096 4606 suis
1132 4543 1383 4607 litteris
1422 4552 1788 4621 evocaret;
1831 4553 1902 4607 et
1932 4544 2031 4606 ita
2073 4543 2273 4622 fecit,
2319 4560 2538 4623 penes
2575 4543 2957 4607 Ducissam

480 4648 757 4713 litteras
782 4651 1190 4732 relinquens
1219 4668 1346 4732 per
1375 4652 1712 4715 nuncium
1740 4651 2107 4732 proprium
2138 4650 2518 4715 mittendas
