3679 5414
660 485 774 544 680
1561 484 1815 543 Canon.
1858 483 2010 544 Soc.
2052 484 2194 558 JEs.

663 631 833 710 quia
863 631 1410 710 supplicationes
1439 631 1811 709 generales
1841 646 1971 710 pro
2011 630 2332 693 Ecclesia
2370 629 2506 693 Dei
2545 637 2615 692 et
2650 646 2779 709 pro
2816 645 2995 709 pace
3037 628 3135 692 fa-

659 754 827 800 cere
857 738 1220 816 volebant,
1255 749 1324 799 et
1354 746 1524 818 quot
1553 737 1703 799 dies
1727 735 2132 815 judicarent
2174 736 2400 800 nostri
2436 735 2839 815 huJ'usmodi
2877 736 3136 816 suppli-

662 845 1060 907 cationibus
1088 844 1595 924 impendendos
1625 860 1779 906 esse
1808 843 2162 924 petebant.
2192 841 2670 907 Substiterunt
2700 859 2873 921 ergo
2903 843 3135 906 nostri

663 960 731 1013 et
762 952 899 1014 illis
928 951 1173 1014 diebus
1211 950 1673 1014 concionatus
1716 958 1854 1027 est,
1901 950 2151 1030 quibus
2181 949 2739 1030 supplicationes
2769 966 3131 1029 processe·

658 1069 847 1135 runt,
875 1067 944 1120 et
974 1057 1253 1137 quidem
1283 1075 1443 1120 cum
1475 1073 1737 1136 magna
1768 1056 2260 1120 aedificatione
2291 1065 2360 1119 et
2391 1055 2768 1120 devotione
2791 1057 3127 1124 omnium.

662 1164 885 1228 Paces
914 1166 1129 1227 etiam
1169 1166 1448 1245 aliquae
1487 1164 1730 1243 magni
1768 1164 2106 1227 momenti
2144 1164 2326 1226 inter
2364 1164 2744 1243 primarios
2784 1162 3132 1243 quosdam

665 1272 861 1334 viros
890 1271 1123 1334 factae
1145 1281 1330 1351 sunt,
1358 1272 1478 1351 qui
1502 1272 1875 1334 diuturnas
1899 1270 2307 1334 inimicitias
2330 1271 2514 1333 inter
2539 1288 2615 1334 se
2640 1280 3128 1335 exercuerant.

666 1378 791 1440 Pia
820 1379 1171 1458 quaedam
1207 1388 1276 1440 et
1315 1379 1663 1441 honorata
1706 1378 1957 1440 mulier
1988 1378 2232 1456 voluit,
2278 1376 2611 1458 quamdiu
2640 1378 2867 1441 nostri
2895 1376 3133 1458 Sylvis

663 1486 1159 1565 versabantur,
1192 1488 1428 1549 omnia
1459 1486 1595 1548 illis
1623 1486 2028 1549 necessaria
2059 1485 2544 1566 suppeditare,
2594 1485 2795 1565 cujus
2825 1484 3130 1549 charita-

664 1594 754 1655 tis
783 1594 1026 1656 statim
1055 1594 1702 1660 remunerationem
1730 1594 2037 1673 accepit,
2071 1610 2238 1656 nam
2265 1610 2407 1655 una
2438 1611 2528 1656 ex
2551 1593 2957 1655 concordiis
2987 1609 3131 1655 ma·

654 1700 832 1779 joris
861 1702 1197 1764 momenti
1227 1701 1316 1763 ab
1347 1720 1431 1764 ea
1477 1700 1604 1763 suit
1633 1701 2032 1780 impetrata.
2068 1698 2306 1780 Sylvis
2335 1700 2749 1763 recedentes
2780 1701 3131 1764 discurre-

659 1818 826 1871 runt
856 1825 982 1888 per
1012 1809 1151 1870 alia
1180 1809 1338 1870 loca
1360 1806 1674 1888 ejusdem
1705 1806 2083 1886 dioecesis,
2116 1806 2189 1869 in
2212 1807 2463 1887 quibus
2488 1806 2736 1870 eodem
2760 1816 2829 1870 et
2857 1807 3129 1887 praedi·

662 1916 967 1979 cationis
1017 1926 1085 1978 et
1133 1924 1743 1978 sacramentorum
1792 1914 2183 1977 ministerio
2233 1913 2507 1977 fructus
2559 1932 2702 1977 non
2754 1914 3130 1978 mediocris

660 2023 999 2086 collectus
1029 2032 1165 2100 est3
1201 2024 1529 2103 quamvis
1558 2023 1825 2101 aliquot
1857 2022 2005 2084 dies
2034 2021 2264 2084 minus
2308 2022 2685 2084 continuae
2725 2023 3129 2101 occupatio·

661 2147 787 2192 nes
816 2130 951 2192 hae
983 2129 1285 2207 fuerunt,
1322 2130 1510 2210 quod
1540 2128 1614 2191 P.
1651 2128 2135 2191 Gundisalvus
2165 2128 2322 2191 Vaz
2352 2129 2773 2207 sanguinem
2813 2146 2935 2191 ore
2974 2146 3126 2191 coe·

663 2247 867 2317 perat
918 2238 1259 2299 emittere.
1303 2236 1775 2300 Nihilominus
1815 2235 2298 2298 consessiones
2337 2235 2679 2315 pergebat
2720 2235 2996 2309 audire3
3033 2244 3122 2313 et,

661 2362 822 2406 cum
872 2343 1221 2406 Dominus
1271 2343 1649 2405 sanitatem
1699 2342 1798 2404 illi
1850 2342 2187 2420 restituit,
2236 2343 2581 2420 sanguine
2633 2349 2982 2420 cessante,
3038 2342 3129 2404 ad

656 2460 1074 2513 consuetam
1102 2450 1706 2529 praedicationem
1743 2457 1811 2511 et
1854 2449 2163 2528 reliquas
2201 2449 2749 2511 exercitationes
2786 2449 3026 2528 rediit,
3060 2458 3128 2511 et

660 2575 787 2637 per
832 2558 1232 2636 complures
1273 2573 1497 2635 pagos
1541 2574 1627 2619 ac
1678 2557 1837 2619 loca
1886 2554 2348 2618 discurrendo
2380 2555 2470 2618 ad
2501 2556 2789 2618 modum
2834 2555 2983 2637 jam
3032 2556 3127 2619 di-

658 2673 875 2743 ctum,
928 2672 1088 2745 post
1135 2664 1519 2727 multarum
1561 2663 1960 2726 animarum
2010 2661 2573 2727 aedificationem
2625 2663 2715 2726 ad
2756 2663 3124 2728 civitatem

660 2772 903 2851 Lagos
931 2773 1314 2835 redierunt.

778 2877 921 2942 588.
1007 2879 1266 2942 Missus
1315 2879 1544 2941 suerat
1582 2877 1658 2942 P.
1705 2877 2024 2940 Parsada
2065 2895 2228 2940 cum
2265 2877 2340 2940 P.
2383 2877 2844 2941 Emmanuele
2884 2878 2941 2940 F
2945 2879 3126 2969 erdi-

660 2988 877 3051 nandi
912 2986 953 3061 ¹,
986 2988 1059 3050 in
1090 2987 1451 3049 civitatem
1480 2984 1861 3064 quamdam
1890 2984 2185 3047 Infantis
2206 2983 2578 3061 Ludovici‚
2605 2984 2878 3065 Begam
2908 2987 3125 3049 nomi-

658 3112 780 3170 ne,
815 3112 1027 3174 quam
1073 3094 1350 3170 magnis
1394 3092 1573 3156 odiis
1612 3090 1982 3155 ardentem
2020 3093 2479 3171 invenerunt,
2524 3109 2705 3171 quae
2745 3111 2836 3155 ex
2863 3092 3125 3155 Princi-

661 3202 771 3280 pis
800 3202 997 3264 festis
1028 3201 1447 3280 quibusdam
1478 3209 1711 3262 ortum
1740 3199 2157 3272 habuerant.
2184 3197 2541 3261 Primores
2572 3198 2780 3280 hujus
2803 3200 2998 3263 urbis
3020 3199 3125 3262 sic

659 3306 1060 3386 hujusmodi
1101 3308 1280 3370 odiis
1319 3316 1522 3369 erant
1565 3306 1816 3369 irretiti
1857 3317 1932 3368 ut
1972 3306 2020 3368 ii
2061 3324 2150 3368 ex
2190 3306 2479 3369 civitate
2512 3306 2889 3386 fugissent,
2927 3306 3023 3369 illi
3053 3307 3123 3369 in

659 3416 1093 3478 monasteria
1125 3425 1192 3476 et
1222 3415 1399 3476 alias
1429 3414 1799 3491 ecclesiaS,
1828 3413 1946 3475 alii
1976 3413 2049 3475 in
2073 3413 2419 3493 quasdam
2450 3413 2699 3476 domos
2723 3431 2798 3476 se
2822 3414 3124 3493 recepis-

661 3530 847 3599 sent;
891 3532 958 3584 et
995 3522 1136 3584 late
1180 3521 1558 3585 admodum
1602 3521 1804 3583 ruina
1852 3519 2029 3582 haec
2068 3521 2378 3599 patebat.
2426 3519 2505 3583 In
2554 3521 2664 3583 his
2717 3521 3126 3583 tumultibus

659 3629 915 3692 nobilis
954 3629 1304 3710 quaedam
1343 3628 1592 3690 mulier
1622 3628 1996 3689 vulnerata
2034 3626 2287 3704 fuerat,
2330 3636 2398 3689 et
2438 3625 2588 3706 ejus
2627 3626 2811 3689 filiae
2853 3627 3127 3707 inJ'uriis

656 3735 986 3815 affectae,
1031 3754 1114 3798 ac
1156 3736 1406 3798 domus
1447 3735 1769 3814 spoliata.
1813 3733 2041 3814 Hujus
2080 3734 2394 3796 mulieris
2437 3734 2955 3797 consessionem
2998 3733 3123 3797 Pa-

661 3853 770 3907 ter
818 3844 1135 3907 Parrada
1180 3843 1450 3906 audivit
1490 3852 1558 3905 et
1598 3843 1697 3905 ita
1736 3840 2170 3904 offensarum
2214 3859 2505 3904 suarum
2545 3843 2831 3904 veniam
2879 3842 3126 3905 adver-

660 3952 869 4015 sariis
920 3952 1243 4030 donavit3
1287 3961 1354 4012 et
1393 3951 1483 4012 ad
1523 3958 1750 4040 totum
1790 3949 2153 4028 negotium
2201 3949 2336 4010 hoc
2378 3950 2944 4028 componendum
2984 3967 3124 4012 ma-

660 4076 880 4138 gnum
908 4059 1150 4121 habuit
1180 4066 1613 4120 momentum
1642 4057 1820 4119 haec
1862 4056 2103 4135 venia3
2140 4057 2302 4136 quia
2336 4072 2506 4135 prae
2537 4056 2837 4118 caeteris
2868 4073 2954 4118 ea
2981 4073 3124 4118 ma-

660 4175 869 4229 trona
899 4167 1095 4228 laesa
1122 4166 1384 4238 fuerat;
1430 4174 1498 4226 et
1528 4164 1648 4242 ita,
1691 4164 1782 4225 ad
1820 4164 2130 4243 reliquos
2169 4162 2714 4242 progrediendO,
2761 4180 3005 4225 omnes
3035 4161 3128 4224 ad

662 4290 934 4352 pacem,
967 4273 1121 4336 Deo
1151 4272 1482 4352 propitiO,
1516 4272 1976 4334 reduxerunt.
2019 4270 2109 4332 Et
2141 4287 2302 4333 cum
2332 4270 2644 4332 secundo
2685 4270 3026 4332 tumultus
3055 4269 3128 4331 in

662 4380 961 4443 ecclesia
1005 4388 1293 4459 propter
1320 4388 1824 4441 matronarum
1857 4378 1930 4440 in
1963 4377 2270 4440 sedendo
2293 4377 2921 4457 praeeminentiam
2944 4377 3126 4439 exci-

664 4496 853 4550 tatus
884 4497 1091 4566 esset,
1126 4497 1195 4548 et
1226 4486 1314 4549 ad
1346 4485 1583 4548 odium
1614 4494 1681 4548 et
1720 4484 2075 4547 vindictas
2104 4481 2485 4548 sumendas
2515 4483 2838 4547 diabolus
2867 4485 3143 4547 multos

742 4727 764 4764 1
824 4726 1124 4771 Fernandes
1144 4733 1235 4770 aut
1257 4726 1574 4770 Fernandez.
