3679 5414
1582 494 1711 553 ΑΝ.
1755 495 1888 554 1551
2856 497 2965 556 187

495 635 663 700 Dux
692 654 907 717 quam
937 638 1087 718 ipse
1116 633 1525 704 Alexander
1554 640 1630 704 P.
1667 640 2023 720 Ignatium
2051 650 2127 704 ut
2156 640 2524 721 cujusdam
2547 644 2962 706 monasterii

496 744 890 823 virginum,
937 761 1117 824 quae
1155 764 1198 808 a
1235 745 1427 810 Rosa
1466 749 2091 829 nuncupabantur,
2133 766 2176 811 a
2215 757 2442 811 matre
2480 749 2701 829 ipsius
2739 748 2964 812 Ducis

482 843 737 928 brecti,
772 869 1021 915 curam
1050 853 1305 933 aliquis
1332 863 1741 917 nostrorum
1771 854 2225 918 sacerdotum
2253 855 2663 935 susciperet.
2699 855 2956 935 Quam-

495 958 609 1020 vis
634 961 875 1021 autem
902 975 1153 1022 recens
1182 969 1370 1023 esset
1399 960 1791 1040 Collegium
1833 971 1905 1025 et
1950 963 2038 1025 ab
2080 962 2234 1042 ipso
2274 961 2475 1025 Duce
2495 993 2522 1041 ‚·
2553 963 2612 1025 si
2650 957 2964 1026 humana

497 1072 917 1144 spectemuS,
949 1065 1319 1146 penderet,
1343 1085 1489 1131 non
1519 1065 1765 1131 tamen
1786 1069 1863 1131 P.
1897 1069 2217 1147 Ignatius
2257 1070 2444 1150 quod
2473 1070 2753 1149 petebat
2794 1087 2958 1132 con·

500 1171 890 1235 cedendum
912 1173 1368 1253 existimavit,
1397 1174 1521 1238 sed
1541 1176 1856 1238 rationes
1879 1176 2162 1256 scripsit
2184 1177 2581 1252 nonnullas,
2609 1186 2678 1239 et
2699 1194 2785 1239 ea
2807 1186 2962 1239 erat

497 1279 884 1358 praecipua
906 1280 1092 1358 quod
1118 1280 1436 1344 instituto
1464 1291 1708 1345 nostro
1739 1290 2190 1362 repugnaret.
2219 1282 2774 1345 Excusationem
2794 1282 2962 1345 Dux

499 1394 569 1448 et
597 1386 810 1449 amici
839 1387 1295 1466 admiserunt,
1331 1405 1494 1451 cum
1521 1389 1943 1469 praesertim
1971 1387 2062 1452 ad
2102 1390 2492 1453 audiendas
2528 1391 2745 1452 semel
2781 1390 2964 1469 ipsa-

502 1510 657 1555 rum
689 1493 1172 1557 consessiones
1200 1496 1315 1557 vel
1347 1496 1598 1558 iterum
1620 1514 1764 1558 non
1793 1495 2195 1559 defuturam
2217 1513 2373 1559 esse
2396 1495 2770 1559 Societatis
2802 1513 2960 1575 ope-

500 1618 656 1663 ram
681 1601 1174 1680 intelligerent3
1201 1611 1269 1665 et
1301 1612 1376 1665 ut
1399 1604 1706 1683 aliquem
1728 1603 2174 1666 sacerdotem
2198 1603 2526 1666 idoneum
2556 1603 2689 1665 sibi
2715 1612 2963 1666 notum

497 1706 725 1769 nostri
755 1706 846 1769 ad
876 1707 1011 1769 hoc
1045 1725 1223 1787 opus
1252 1709 1700 1788 dirigendum
1728 1710 2183 1773 hortarentur
2212 1710 2562 1790 petierunt
2597 1709 2637 1768 ¹.

617 1812 717 1875 43.
807 1811 947 1876 Sed
997 1814 1088 1877 ad
1138 1815 1532 1894 Collegium
1575 1817 1969 1896 redeundo,
2011 1827 2386 1897 postquam
2425 1818 2497 1879 in
2536 1817 2968 1880 conductitia

501 1919 713 1982 domo
743 1901 1065 1983 habitare
1094 1922 1319 1984 nostri
1348 1932 1763 2003 coeperunt,
1796 1923 1872 1987 P.
1906 1922 2321 1987 Pelletarius
2362 1923 2595 2002 coepit
2635 1940 2797 1986 cum
2834 1923 2963 1986 fre-

503 2027 860 2105 quentiae
887 2028 1005 2107 pio
1047 2026 1397 2092 auditorio
1440 2030 1885 2109 concionari,
1930 2031 2258 2110 quamvis
2300 2031 2612 2093 italicam
2649 2030 2968 2109 linguam

495 2150 638 2196 non
688 2134 866 2197 bene
921 2135 1154 2199 adhuc
1198 2145 1498 2216 teneret,
1547 2138 1618 2200 in
1669 2156 1805 2218 qua
1855 2149 1933 2201 ut
1976 2156 2052 2201 se
2102 2147 2469 2201 exerceret
2518 2148 2625 2201 est
2676 2138 2961 2200 nomine

498 2238 572 2302 P.
598 2239 1305 2320 Ignatii-admonitus
1342 2242 1744 2323 Coeperunt
1772 2254 1839 2307 et
1874 2244 2354 2308 consessiones
2383 2245 2630 2308 audire
2660 2261 2966 2324 quorum

496 2347 1011 2411 multitudinem
1060 2366 1201 2411 non
1250 2350 1596 2413 minorem
1638 2369 1853 2431 quam
1894 2351 2252 2415 Bononiae
2295 2351 2669 2415 Feri-ariae
2712 2349 2787 2413 P.
2836 2349 2966 2414 Pa-

498 2455 822 2518 schasius
851 2457 1365 2536 experiebatur.
1409 2457 1723 2537 Legebat
1759 2459 1976 2522 etiam
2004 2477 2047 2521 a
2088 2458 2390 2540 prandio
2427 2458 2503 2522 P.
2547 2457 2966 2521 Pelletarius

498 2562 872 2642 epistolam
901 2562 1297 2626 dominicae
1327 2565 1787 2644 occurrentiS,
1822 2567 2049 2629 sinon
2073 2566 2453 2629 admodum
2479 2564 2778 2628 disserte
2804 2582 2967 2645 pro-

498 2680 655 2751 pter
682 2671 969 2751 linguae
998 2661 1385 2751 defectum,
1421 2681 1611 2736 certe
1639 2672 1911 2737 erudite
1940 2692 2027 2737 ac
2056 2675 2202 2754 pie,
2238 2683 2306 2737 et
2337 2691 2577 2737 rumor
2605 2674 2831 2737 bonus
2860 2672 2963 2735 sic

497 2779 985 2842 increbescere
1025 2780 1259 2859 coepit
1294 2788 1370 2843 ut
1409 2780 1625 2843 etiam
1663 2790 1868 2844 extra
1910 2781 2317 2845 Ferrariam
2354 2800 2443 2844 ex
2478 2782 2656 2844 locis
2707 2780 2964 2843 vicinis

501 2886 721 2965 aliqui
740 2886 813 2947 in
836 2885 1198 2949 civitatem
1217 2887 1565 2966 venirent,
1594 2896 1668 2951 ut
1690 2886 2192 2951 Sacerdotibus
2210 2889 2525 2951 romanis
2547 2888 2813 2950 sanctis
2835 2887 2968 2965 (sic

501 2992 690 3055 enim
718 3008 841 3054 eos
867 2993 1249 3070 vocabant)
1277 2992 1800 3073 confiterentur,
1835 3003 1906 3056 et
1934 2995 2232 3058 verbum
2255 2995 2387 3057 Dei
2411 2995 2756 3057 audirent.
2785 2994 2965 3058 Cum

582 3232 600 3267 ¹
659 3232 928 3287 Polaticus,
950 3244 1017 3277 ex
1037 3235 1410 3277 commissione
1425 3264 1438 3283 ,
1456 3232 1599 3277 Patri
1625 3232 1906 3276 Paschasio
1927 3232 2084 3277 Broet
2099 3266 2110 3285 ,
2134 3234 2195 3276 de
2215 3232 2466 3276 mittendo
2488 3230 2783 3276 Ferrariam
2806 3230 2968 3276 Fran·

501 3306 638 3349 cisco
657 3304 853 3349 Palmio
873 3316 990 3349 cum
1008 3311 1206 3359 septem
1224 3304 1345 3349 aliis
1365 3305 1452 3359 qui
1473 3304 1636 3347 Roma
1666 3304 2060 3358 proficiscentur
2073 3337 2084 3358 ,
2106 3305 2134 3347 9
2153 3303 2301 3359 Maii,
2322 3305 2487 3348 eidem
2514 3304 2575 3348 de
2606 3303 2971 3358 proficiscenti-

500 3379 597 3422 bus
630 3377 791 3421 Roma
827 3376 1128 3421 Ferrariam
1164 3383 1221 3420 ut
1256 3378 1331 3421 eis
1364 3388 1418 3420 se
1459 3376 1718 3420 Bononiae
1752 3377 2037 3430 adjungant
2065 3376 2109 3419 F
2111 3377 2375 3420 ranciscus
2397 3377 2623 3420 Palmius
2660 3382 2712 3420 et
2745 3375 2968 3428 Joannes

504 3449 745 3503 Baptista
765 3448 828 3492 de
847 3447 969 3500 Jesu
983 3481 994 3502 ,
1016 3453 1107 3492 aut
1128 3448 1235 3503 ipse
1258 3448 1586 3501 Paschasius,
1610 3447 1661 3490 16
1680 3447 1828 3501 Maii;
1852 3447 1986 3491 idem
2019 3447 2162 3491 Patri
2194 3447 2404 3504 Laynez
2420 3481 2431 3502 ,
2454 3448 2614 3492 mittit
2634 3449 2969 3492 summariam

506 3520 921 3565 informationem
940 3521 999 3563 de
1022 3521 1086 3564 iis
1100 3553 1110 3571 ,
1133 3521 1219 3574 qui
1242 3519 1543 3564 Ferrariam
1562 3519 1842 3563 mittuntur
1861 3526 1914 3562 et
1932 3531 2026 3574 per
2045 3518 2368 3564 Florentiam
2397 3521 2496 3564 iter
2517 3520 2709 3563 facient
2725 3552 2736 3571 ,
2759 3520 2812 3563 23
2829 3519 2970 3572 Mam

509 3593 642 3637 idem
664 3604 752 3636 eos
772 3591 956 3644 Joanni
978 3592 1040 3635 de
1060 3592 1255 3645 Rossis,
1277 3592 1491 3643 medico,
1523 3591 1900 3645 commendans,
1937 3592 2117 3636 eadem
2151 3593 2259 3645 die;
2294 3592 2530 3646 Ignatius
2557 3592 2814 3647 Episcopo
2849 3591 2972 3635 Ros·

505 3671 641 3709 setto
657 3698 669 3717 ,
689 3664 821 3708 Dnci
840 3664 1120 3708 Ferrariae
1141 3670 1192 3707 et
1212 3664 1347 3717 Juiio
1370 3663 1620 3707 Barbiero
1641 3663 1703 3706 de
1732 3663 1795 3707 iis
1825 3662 1912 3717 qui
1948 3662 2250 3707 Ferrariam
2270 3664 2568 3714 mittuntur,
2599 3663 2652 3706 22
2671 3662 2816 3716 Mam
2838 3663 2972 3706 idem

507 3736 653 3780 Patri
670 3734 852 3788 joanni
874 3734 1153 3779 Pelletario
1173 3741 1457 3791 quaternas
1475 3740 1716 3788 patentes
1735 3735 1959 3789 litteras,
1981 3746 2053 3778 sc.
2069 3767 2081 3788 ,
2101 3746 2203 3778 una
2220 3767 2231 3788 ,
2253 3746 2352 3788 qua
2375 3745 2491 3777 eum
2511 3734 2783 3778 Rectorem
2803 3740 2976 3778 caete·

506 3808 580 3850 ris
599 3807 849 3862 praeficit,
872 3809 1041 3851 altera
1063 3807 1368 3850 facultatum
1389 3812 1442 3849 et
1466 3806 1857 3860 privilegiorum
1878 3817 2025 3849 usum
2044 3806 2140 3861 ipsi
2163 3806 2503 3849 communicat
2520 3839 2530 3857 ,
2553 3805 2713 3849 tertia
2734 3806 2795 3848 de
2818 3805 2974 3848 facul-

506 3885 616 3923 tate
638 3879 938 3922 absolvendi
961 3878 1324 3933 resipiscentes
1347 3877 1665 3931 haereticos,
1700 3884 1755 3921 et
1789 3883 1977 3933 quarta
1999 3877 2060 3921 de
2093 3877 2435 3932 dispensando
2464 3888 2495 3921 a
2519 3877 2739 3932 jejunio,
2761 3877 2815 3919 23
2832 3875 2970 3929 Maii;

504 3941 642 3995 'dem
662 3950 943 3995 Francisco
959 3949 1173 4004 Palmio,
1194 3961 1312 3994 eum
1326 3983 1337 4004 ‚
1358 3950 1401 3994 si
1419 3949 1720 3994 Ferrariam
1737 3960 1801 3993 se·
1815 3950 2050 3993 conferat
2066 3950 2327 4005 ,futurum
2347 3949 2587 3993 Rectoris
2607 3950 2897 4003 adjutorem
2918 3954 2970 3991 et

505 4022 715 4066 Patrem
736 4022 892 4066 Broet
913 4022 1434 4076 superintendentem,
1457 4022 1639 4065 eadem
1658 4021 1756 4073 die;
1780 4021 2016 4075 Ignatius
2036 4022 2337 4065 Alexandro
2358 4021 2400 4064 F
2404 4020 2567 4064 iaschi
2582 4021 2633 4065 in
2651 4021 2977 4065 commenda·

504 4094 694 4139 tionem
714 4100 1006 4137 nostrorum
1027 4092 1327 4137 Ferrariam
1347 4093 1594 4147 euntium,
1631 4093 1683 4136 13
1714 4092 2122 4145 Junii.—-Eadem
2156 4094 2238 4137 die
2274 4093 2429 4136 missa
2464 4100 2543 4136 est
2578 4093 2852 4137 instructio
2879 4102 2972 4135 seu
3030 4096 3036 4101 ”

504 4166 798 4210 informatio
818 4165 965 4209 Patri
984 4164 1169 4217 Joanni
1192 4164 1473 4209 Pelletario
1506 4165 1568 4208 de
1601 4165 1680 4219 iis,
1716 4176 1849 4220 quae
1883 4164 2162 4209 Ferrariae
2191 4176 2375 4209 curare
2404 4164 2973 4218 debebat.—Polancus,

504 4248 571 4280 ex
593 4238 998 4289 commissione,
1018 4236 1165 4280 Patri
1190 4235 1468 4280 Francisco
1490 4237 1704 4289 Palmio,
1726 4243 1900 4280 ratum
1920 4236 2114 4280 habere
2145 4236 2400 4291 Ignatium
2431 4235 2563 4290 quod
2585 4236 2690 4290 ipse
2712 4235 2974 4280 Bononiae

503 4314 740 4362 maneat,
762 4307 816 4351 m
834 4308 996 4361 Junii;
1018 4307 1154 4351 idem
1175 4307 1459 4351 paschasio
1480 4308 1636 4351 Broet
1658 4319 1836 4351 curam
1858 4308 2036 4351 domus
2056 4308 2408 4362 orphanarum
2428 4307 2633 4351 admitti
2655 4318 2688 4350 a
2711 4305 2971 4351 Societate

499 4381 655 4434 juxta
673 4391 819 4424 sunm
840 4380 1134 4423 institutum
1154 4379 1363 4424 minime
1380 4390 1531 4434 posse
1552 4384 1605 4423 et
1625 4380 1909 4423 curandum
1928 4390 1990 4422 ne
2012 4378 2129 4423 Dux
2148 4380 2215 4424 ad
2234 4378 2496 4432 Ignatium
2517 4390 2579 4423 ca
2597 4379 2660 4422 de
2682 4391 2736 4422 re
2758 4379 2975 4431 scribat.

502 4452 530 4493 4
548 4450 688 4504 Juiii;
711 4452 891 4495 eadem
912 4451 993 4494 die
1015 4450 1196 4504 Joanni
1218 4450 1499 4495 Pelletario
1519 4450 1581 4494 de
1604 4449 1893 4494 christiana
1912 4450 2150 4494 doctrina
2171 4450 2399 4494 docenda
2419 4456 2472 4493 et
2492 4449 2669 4494 italica
2691 4452 2864 4505 lingua
2883 4451 2976 4494 ad·

504 4522 772 4575 discendnm
792 4522 1026 4576 Ignatius
1048 4522 1325 4566 Ferrariae
1346 4522 1494 4575 Dnei,
1515 4523 1818 4577 dequodam
1838 4523 2123 4567 Sacerdote
2141 4523 2380 4577 eligendo
2401 4529 2459 4566 ut
2477 4522 2772 4566 monialium
2791 4533 2972 4566 curam

508 4594 788 4637 Ferrariae
809 4594 1017 4647 habeat,
1039 4604 1195 4647 quam
1213 4593 1474 4647 suscipere
1507 4595 1647 4637 nulio
1680 4594 1828 4637 modo
1863 4592 2097 4637 Societas
2130 4598 2319 4648 potest,
2357 4592 2402 4636 11
2437 4591 2559 4645 Julii
2589 4591 2718 4644 (Has
2739 4593 2899 4636 habes
2918 4591 2975 4635 in

510 4664 703 4709 Certus
722 4665 789 4709 de
810 4664 922 4708 San
942 4665 1188 4718 Ignacto,
1208 4670 1245 4709 t.
1277 4675 1315 4708 n
1330 4698 1341 4718 ,
1362 4675 1482 4719 pag.
1500 4664 1583 4708 362
1602 4671 1655 4708 et
1673 4663 1798 4719 460);
1821 4665 1957 4709 idem
1976 4666 2157 4709 eadem
2186 4664 2268 4708 die
2299 4663 2600 4707 Alexandro
2629 4662 2835 4708 Fiaschi
2851 4697 2862 4716 ,
2885 4665 2974 4706 vel

509 4735 734 4791 Fieschi,
757 4736 916 4782 Ducis
927 4736 1178 4781 ministro.
2032 4754 2048 4763 -
2117 4750 2120 4753 ·
