3679 5414
1611 442 1738 499 Ax.
1786 441 1925 498 1552
2899 441 3008 498 407

524 588 789 665 minuS,
816 596 892 649 ut
915 586 1273 667 disputata
1296 585 1686 649 Concilium
1708 584 2050 648 definiret.
2077 584 2266 650 Nihil
2283 593 2521 647 tamen
2538 583 3003 648 decimanona

518 695 646 759 ,die
678 694 1141 757 constitutum
1170 701 1298 757 est.

659 801 793 863 121.
881 801 1423 864 Admonuerunt
1451 798 1679 862 nostri
1706 798 1784 861 Ρ.
1810 800 2166 879 Ignatium
2187 800 2451 880 frigere
2473 800 2682 862 valde
2706 798 3005 863 Concilii

517 925 670 987 res,
704 916 782 971 ut
809 908 1086 971 videret
1116 925 1208 969 an
1238 924 1279 968 a
1310 906 1602 970 Summo
1634 904 1974 969 Pontifice
2003 915 2244 987 petere
2286 915 2678 986 oporteret,
2723 916 2801 969 ut
2843 908 3002 970 lice-

534 1023 641 1078 ret
672 1015 937 1078 nostris
967 1015 1107 1078 alio
1138 1032 1214 1077 se
1246 1014 1592 1091 conferre,
1624 1012 1746 1077 ubi
1773 1031 1938 1077 cum
1967 1013 2218 1094 majori
2249 1014 2483 1077 fructu
2512 1024 3000 1094 versarentur,

527 1122 775 1185 statim
805 1121 1133 1199 redituri,
1166 1120 1229 1184 si
1257 1121 1425 1201 quid
1452 1119 1639 1184 serio
1670 1130 2025 1200 ageretur.
2061 1120 2136 1183 Ρ.
2174 1122 2456 1202 quidem
2478 1120 2788 1203 Jacobus
2818 1121 3001 1203 Lay—

521 1247 666 1295 ..nez
696 1228 877 1313 febri
908 1237 1259 1309 quartana
1300 1228 1532 1291 adhuc
1572 1228 1974 1306 laborabat,
2019 1237 2087 1291 et
2115 1246 2360 1291 mense
2403 1229 2771 1311 Januari0‚
2807 1247 3003 1293 acce-

535 1336 864 1399 dentibus
886 1336 1307 1416 quibusdam
1338 1335 1718 1415 doloribus,
1754 1336 1860 1398 sic
1889 1332 2038 1414 ejus
2067 1337 2401 1399 valetudo
2441 1336 2700 1400 afflicta
2731 1336 2862 1399 fuit
2881 1386 2896 1415 ,
2931 1348 3006 1400 ut

528 1443 625 1506 de
653 1442 804 1522 ejus
842 1444 991 1506 vita
1032 1442 1285 1506 medici
1325 1442 1755 1519 dubitarent,
1799 1450 1871 1505 et
1909 1451 2197 1523 propter
2241 1444 2536 1507 nimiam
2573 1444 3007 1508 debilitatem

537 1551 795 1613 lectulo
826 1568 902 1613 se
928 1551 1293 1613 continere
1327 1550 1749 1628 cogebatur;
1783 1558 1854 1611 et
1883 1559 2153 1628 tamen,
2188 1568 2350 1613 cum
2387 1551 2798 1614 facultatem
2842 1571 2885 1614 a
2914 1554 3003 1615 le·

526 1665 706 1736 gato
755 1665 1026 1738 peteret
1077 1655 1454 1720 recedendi
1502 1657 1874 1732 TridentO,
1928 1674 2087 1719 eam
2138 1675 2280 1719 non
2331 1658 2649 1720 obtinuit.
2707 1658 3009 1723 Dicebat

536 1765 725 1828 enim
755 1766 1032 1843 legatus
1062 1782 1137 1827 se
1168 1782 1310 1826 non
1341 1780 1550 1843 posse
1582 1763 1953 1842 theologos
1982 1763 2344 1826 Pontificis
2375 1764 2764 1844 dimittere;
2799 1774 2900 1843 et,
2950 1767 3008 1828 si

535 1871 900 1950 potuisset,
936 1890 1011 1933 se
1044 1880 1282 1934 tamen
1311 1870 1723 1932 facultatem
1747 1888 1890 1932 non
1919 1870 2249 1934 daturum
2278 1869 2473 1933 Patri
2499 1872 2820 1950 LayneZ,
2848 1890 3009 1935 cum

518 1978 624 2040 -de
672 1979 984 2041 adventu
1034 1978 1558 2040 haereticorum
1607 1986 1971 2057 ageretur,
2028 1978 2145 2057 qui
2194 1978 2254 2040 si
2302 1978 2696 2058 venissent,
2754 1979 3008 2059 aliquis

522 2084 1033 2163 theologorum
1062 2084 1579 2147 catholicorum
1608 2101 1944 2146 numerus
1974 2094 2049 2146 ut
2080 2084 2183 2146 eis
2213 2086 2674 2165 responderet
2707 2095 2862 2149 erat
2891 2087 3005 2149 eli·

534 2192 842 2270 genduS,
876 2191 1059 2255 inter
1089 2208 1267 2271 quos
1296 2199 1583 2253 nostros
1614 2208 1767 2253 esse
1791 2191 2099 2253 volebat.
2145 2190 2395 2254 Melius
2435 2201 2675 2255 tamen
2709 2211 2792 2256 eo
2835 2202 3008 2256 tem-

534 2317 709 2379 pore
740 2300 986 2362 valere
1015 2307 1349 2378 coeperat
1376 2298 1452 2360 Ρ.
1480 2299 1801 2377 Laynez;
1843 2296 2028 2360 unde
2067 2296 2539 2377 subjungebat
2575 2302 2855 2379 legatus
2878 2350 2892 2379 ,
2948 2301 3007 2362 si
3045 2322 3050 2325 ·

538 2415 744 2470 extra
773 2405 1190 2470 Tridentum
1224 2414 1440 2484 esset,
1475 2405 1664 2484 quod
1693 2405 1983 2467 evocari
2013 2405 2104 2468 ad
2135 2406 2268 2467 hoc
2302 2406 2532 2485 ipsum
2563 2407 2886 2470 debebat.

666 2513 800 2576 122.
891 2512 1069 2576 Cum
1101 2529 1394 2592 surgere
1427 2512 1777 2591 coepisset
1818 2521 1889 2573 et
1918 2511 2126 2574 domo
2166 2513 2434 2591 egredi,
2469 2513 2839 2577 Praelatos
2868 2533 3011 2577 non

531 2637 809 2699 paucos
838 2620 1191 2682 invisebat
1222 2629 1288 2681 et
1320 2619 1405 2681 de
1439 2619 1648 2681 rebus
1678 2617 1767 2679 ad
1798 2616 2226 2681 Societatem
2256 2628 2322 2682 et
2353 2620 2445 2683 ad
2476 2638 2850 2684 commune
2893 2622 3011 2684 bo-

541 2745 708 2790 num
737 2727 1249 2807 pertinentibus
1281 2743 1441 2789 cum
1473 2727 1574 2788 eis
1607 2726 1896 2804 agebat,
1940 2735 2007 2788 et
2038 2744 2080 2787 a
2111 2727 2532 2807 quibusdam
2566 2729 3012 2809 suspiciones

542 2835 814 2913 aliquas
865 2834 1083 2896 falsas
1127 2833 1527 2911 auferebat,
1574 2851 1736 2895 cum
1778 2833 1935 2895 aliis
1974 2834 2060 2896 de
2104 2833 2463 2913 erigendis
2504 2835 2840 2915 Collegiis
2873 2845 3010 2899 tra-

522 2941 802 3020 ctabat,
831 2958 916 3003 ac
939 2940 1319 3021 praecipue
1351 2958 1512 3002 cum
1535 2940 1892 3021 Episcopo
1916 2939 2345 3020 Plasentino,
2381 2943 2500 3022 qui
2526 2944 2710 3007 serio
2743 2944 2833 3006 ad
2860 2943 3011 3007 Col-

543 3048 805 3127 legium
833 3048 1233 3111 Plasentiae
1264 3047 1770 3110 instituendum
1802 3049 2115 3110 animum
2146 3048 2428 3128 adjecit,
2463 3058 2531 3112 et
2577 3051 2926 3130 quaedam
2970 3068 3010 3111 a

544 3154 881 3218 Pontifice
934 3154 1299 3233 impetrari
1355 3164 1425 3216 et
1475 3155 1691 3217 etiam
1743 3173 1784 3217 a
1834 3153 2159 3233 Principe
2218 3154 2765 3235 Hispaniarum,
2820 3154 3011 3235 adju-

543 3271 758 3326 vante
788 3261 1145 3325 Societate
1174 3262 1363 3341 ipsa,
1397 3262 1710 3339 volebat,
1746 3270 1815 3324 et
1846 3271 2013 3323 tunc
2043 3261 2230 3324 intra
2262 3263 2469 3325 unius
2499 3264 2668 3325 anni
2707 3264 3007 3343 spatium

545 3386 620 3432 se
656 3370 1035 3448 collegium
1075 3368 1611 3431 aedificaturum
1653 3368 1958 3445 dicebat;
2006 3377 2074 3430 et
2113 3378 2190 3431 ut
2229 3379 2382 3432 erat
2419 3371 2531 3432 vir
2574 3379 2901 3434 strenuus
2946 3382 3012 3433 et

546 3476 830 3540 fervens
860 3477 931 3538 in
963 3477 1072 3538 his
1117 3475 1206 3536 ad
1247 3492 1426 3555 quae
1465 3493 1753 3537 manum
1793 3475 2251 3554 admovebat,
2295 3477 2499 3556 plura
2541 3478 3015 3556 praestiturus

547 3601 761 3664 quam
791 3583 1075 3646 offerret
1104 3583 1505 3662 putabatur.
1546 3582 1704 3644 Non
1742 3584 1975 3644 solum
2012 3581 2448 3662 Plasentiae,
2484 3584 2609 3647 sed
2649 3586 2721 3646 in
2759 3585 3015 3647 vicinis

542 3691 761 3754 etiam
793 3691 1238 3767 civitatibus,
1286 3688 1604 3751 Truxillo
1645 3698 1713 3750 et
1752 3689 2090 3767 CacereS,
2126 3708 2309 3770 quae
2341 3691 2469 3753 sub
2512 3689 2662 3770 ejus
2708 3692 3015 3754 dioecesi

544 3807 786 3877 erant,
822 3816 898 3861 se
937 3796 1255 3875 Collegia
1295 3805 1695 3859 erecturum
1733 3796 2214 3876 significabat,
2257 3814 2437 3876 quae
2471 3816 2612 3877 res,
2646 3808 2721 3861 ut
2766 3808 3016 3878 postea

548 3906 924 3983 videbitur,
962 3907 1179 3967 multo
1210 3903 1437 3984 major
1470 3922 1678 3985 quam
1712 3905 1863 3985 ipse
1896 3914 2062 3967 tunc
2095 3905 2566 3968 constituebat
2605 3905 2856 3968 effecta
2887 3917 3014 3984 est;

546 4014 672 4077 sed
701 4013 889 4076 hanc
922 4014 1379 4091 voluntatem,
1416 4028 1626 4092 quam
1656 4020 1905 4091 postea
1929 4029 2144 4092 opere
2168 4013 2696 4093 comprobavit,
2734 4014 2806 4075 in
2837 4013 3017 4077 Con-

541 4121 708 4184 cilio
738 4121 1098 4199 concepit;
1132 4121 1251 4182 ubi
1280 4120 1491 4182 etiam
1523 4120 1594 4181 in
1623 4119 1833 4181 rebus
1863 4120 2347 4199 spiritualibus
2378 4138 2420 4182 a
2454 4120 2527 4183 Ρ.
2571 4120 2860 4200 Laynez
2900 4122 3019 4185 ad-

526 4228 738 4308 ‚jutus
766 4228 900 4291 suit
935 4226 975 4287 ¹.

678 4335 810 4399 123.
901 4336 1297 4415 Episcopus
1329 4331 1544 4396 etiam
1573 4332 2062 4396 Verdunensis
2108 4335 2193 4397 de
2225 4335 2545 4414 Collegio
2580 4335 2650 4398 in
2689 4355 2819 4399 sua
2852 4337 3018 4399 civi·

634 4541 651 4575 ¹
713 4539 942 4594 ignatius
964 4540 1109 4584 Pau-i
1131 4538 1358 4592 Laynez,
1381 4550 1442 4581 ne
1466 4537 1712 4581 Tridento
1733 4539 1959 4587 recedat.
1978 4539 2022 4582 si
2044 4541 2225 4583 melius
2246 4541 2440 4584 habere
2463 4541 2692 4595 incipiat,
2718 4543 2746 4583 6
2768 4541 3021 4594 Januarii.

550 4609 692 4655 Idem
716 4612 1014 4655 Plasentino
1034 4611 1309 4665 Episcopo,
1331 4610 1553 4653 officiose
1575 4622 1721 4654 suam
1742 4622 1954 4664 operam
1974 4611 2197 4655 offerens
2218 4617 2271 4654 et
2294 4613 2497 4665 gratias
2518 4624 2680 4666 agens
2705 4613 2766 4655 de
2790 4612 3021 4667 Collegio

546 4683 823 4737 promisso,
844 4684 872 4724 9
891 4681 1082 4733 Martii,
1102 4682 1129 4724 2
1149 4683 1349 4735 Aprilis
1374 4687 1423 4724 et
1447 4682 1499 4724 27
1520 4683 1759 4736 Augusti.
