3679 5414
1593 517 1718 575 Ax.
1766 518 1905 575 1550
2902 518 2997 575 23·

489 646 1047 711 Sanctissimum
1074 644 1614 709 Sacramentum
1642 644 1714 707 in
1754 644 2104 724 ecclesiiS,
2147 645 2263 707 ubi
2302 663 2443 707 non
2481 654 2668 723 erat,
2712 647 2969 723 reposi-

491 765 687 830 tum,
733 753 1132 833 frequentia
1170 752 1693 816 confessionum
1731 760 1799 815 et
1838 752 2413 814 communionum
2450 752 2769 828 inducta,
2818 770 2968 816 ora·

495 862 735 924 tiones
790 860 1245 940 quotidianae
1309 869 1380 922 et
1443 860 1938 938 eleemosynae
2001 857 2263 935 factae,
2334 860 2590 921 multas
2656 859 2973 938 virgines

496 969 574 1031 in
603 968 1039 1031 monasterio
1072 968 1158 1030 ab
1188 985 1272 1029 eo
1311 974 1547 1029 erecto
1582 968 1968 1031 collocatas
1999 966 2376 1029 sanctitate
2406 966 2682 1046 florere,
2719 985 2967 1046 pacem

494 1078 574 1138 in
606 1075 1014 1155 corrigiano
1043 1075 1303 1155 populo
1334 1083 1496 1152 post
1524 1072 1824 1153 plurima
1849 1073 2229 1136 homicidia
2259 1073 2351 1135 ibi
2374 1083 2783 1154 perpetrata
2806 1093 2966 1137 con-

497 1183 798 1262 sectam,
843 1192 911 1245 et
953 1182 1096 1244 alia
1141 1180 1560 1260 huJusmodi.
1605 1180 1806 1244 Unde
1856 1198 1899 1242 a
1938 1179 2010 1242 P.
2059 1180 2333 1258 Ignatio
2372 1182 2519 1244 suis
2570 1182 2782 1244 etiam
2832 1183 2967 1260 ipsi

495 1290 759 1353 litteris
795 1289 869 1352 in
912 1287 1536 1369 quadragesimam
1572 1287 1885 1351 futuram
1926 1305 2087 1349 eum
2124 1289 2598 1365 postulabant.
2635 1288 2967 1351 Casulani
3044 1290 3047 1293 ’

495 1407 741 1459 autem
780 1414 871 1458 ex
909 1395 1050 1458 alia
1086 1405 1289 1476 parte
1339 1412 1428 1457 ne
1479 1413 1521 1457 a
1548 1412 1624 1457 se
1674 1394 1745 1456 in
1777 1395 2079 1456 aliorum
2107 1394 2414 1473 gratiam
2458 1406 2965 1473 removeretur,

495 1504 802 1566 sollicite
831 1502 979 1565 suis
1007 1502 1259 1565 litteris
1283 1501 1735 1579 postulabant
1767 1499 1807 1563 ¹.

621 1608 725 1672 42.
813 1609 1156 1688 Quamvis
1185 1617 1420 1671 autem
1441 1609 1756 1688 utrisque
1778 1608 2107 1693 satisfieri
2129 1626 2220 1671 ex
2242 1617 2442 1688 parte
2466 1618 2742 1687 optaret
2767 1609 2964 1689 Igna-

495 1718 642 1780 tius
662 1766 678 1795 ,
711 1734 873 1779 cum
901 1725 1277 1795 urgeretur
1306 1714 1398 1777 ad
1429 1716 1834 1778 missionem
1866 1715 2175 1795 aliquam
2201 1725 2608 1778 nostrorum
2634 1717 2705 1779 in
2736 1715 2963 1780 Corsi·

495 1841 666 1886 cam
694 1821 1093 1887 faciendam
1113 1871 1127 1900 ‚
1172 1831 1240 1885 et
1269 1822 1482 1884 etiam
1513 1822 1585 1884 in
1625 1820 2061 1899 Sardiniam,
2109 1823 2331 1885 voluit
2361 1822 2593 1885 Patris
2621 1822 2967 1903 Sylvestri

494 1931 820 1993 animum
846 1930 1253 2009 explorare3
1287 1930 1403 2008 qui
1434 1945 1511 1991 se
1540 1929 2149 2008 promptissimum
2186 1947 2331 1992 non
2362 1933 2591 1992 solum
2621 1931 2710 1992 ad
2740 1930 2965 2010 profe·

492 2038 813 2100 ctionem
842 2038 911 2099 in
943 2037 1210 2100 insulas
1239 2036 1642 2116 praedictas
1673 2036 1797 2099 sed
1826 2036 1901 2098 in
1939 2036 2261 2117 quasviS,
2308 2037 2522 2100 etiam
2560 2037 2962 2114 infidelium,

496 2144 917 2220 provincias
940 2141 1029 2205 ad
1054 2143 1492 2205 obedientiae
1515 2151 1761 2205 nutum
1784 2143 2054 2205 obtulit.
2077 2143 2165 2205 Et
2189 2144 2353 2223 quia
2374 2143 2773 2208 Cardinalis
2799 2146 2964 2207 Bur-

493 2250 777 2329 gensis,
822 2248 1174 2312 Dominus
1209 2249 1520 2332 Joannes
1559 2250 1644 2312 de
1684 2249 1981 2329 Toledo,
2015 2251 2133 2329 qui
2162 2251 2563 2314 haereticae
2594 2252 2969 2329 pravitatis

492 2357 881 2438 Inquisitor
908 2368 1082 2436 erat,
1105 2356 1394 2435 optabat
1417 2365 1493 2418 ut
1522 2355 1575 2417 Ρ
1584 2406 1596 2418 .
1625 2355 1990 2436 Sylvester
2013 2358 2084 2419 in
2109 2357 2243 2419 illis
2267 2357 2659 2420 confinibus
2681 2357 2971 2422 ditionis

491 2464 951 2527 Florentinae
985 2473 1055 2526 et
1091 2463 1149 2526 F
1153 2463 1571 2527 errariensis
1624 2474 1693 2527 et
1740 2464 2102 2550 Lucensis,
2157 2474 2225 2527 et
2276 2465 2433 2528 aliis
2470 2465 2744 2545 viciniS,
2788 2484 2969 2547 quae

493 2573 683 2634 male
713 2571 1092 2634 audiebant
1124 2581 1415 2651 propter
1446 2570 1764 2634 haeresis
1792 2571 2264 2649 infectionem,
2298 2572 2864 2653 concionaretur,
2899 2574 2967 2636 id

492 2679 558 2741 ei
590 2677 670 2741 P.
706 2677 1024 2758 Ignatius
1053 2677 1238 2741 serio
1270 2677 1815 2742 commendavit.
1852 2679 1973 2768 Ille
2001 2696 2173 2742 vero
2204 2680 2530 2759 quamvis
2568 2681 2638 2744 id
2676 2681 2967 2761 praesti—

492 2795 708 2860 terat,
743 2785 1147 2864 diligentius
1177 2785 1252 2846 in
1278 2793 1641 2864 posterum
1670 2803 1746 2848 se
1774 2785 2128 2848 facturum
2158 2787 2425 2868 recepit
2452 2787 2496 2849 ².

617 2893 719 2956 43.
808 2891 916 2955 De
954 2891 1064 2954 his
1114 2902 1351 2956 autem
1400 2910 1582 2973 quae
1629 2910 1853 2973 usque
1893 2891 1984 2955 ad
2022 2909 2337 2956 mensem
2371 2894 2633 2977 Julium
2678 2895 2767 2956 ibi
2808 2903 2969 2958 acta

493 3001 816 3078 suerunt,
850 2999 1094 3062 scribit
1123 2999 1309 3079 quod
1339 2999 1612 3078 Rozzii,
1647 2996 1999 3079 Sorragii,
2033 2999 2308 3063 Vineae
2348 3001 2419 3062 in
2460 3002 2689 3081 capite
2718 3002 2973 3081 positis

494 3119 568 3170 et
611 3106 837 3186 Soler,
884 3125 1065 3187 quae
1104 3107 1262 3169 loca
1300 3115 1465 3169 sunt
1501 3107 1782 3169 illarum
1819 3106 2386 3186 provinciarum,
2430 3106 2965 3171 Sanctissimum

495 3214 992 3277 Eucharistiae
1022 3212 1583 3287 Sacramentum,
1610 3213 1801 3294 quod
1829 3214 1903 3276 in
1932 3214 2455 3294 parochialibus
2484 3215 2801 3277 ecclesiis
2822 3233 2960 3277 non

497 3322 948 3398 servabatur,
980 3319 1227 3400 reponi
1257 3321 1559 3393 curavit,
1592 3329 1667 3383 ut
1698 3320 1770 3382 in
1800 3320 1959 3383 aliis
1994 3321 2172 3383 locis
2201 3321 2270 3383 id
2300 3322 2529 3401 ipsum
2560 3332 2966 3398 curaverat;

497 3427 966 3491 christianam
1003 3426 1216 3489 etiam
1259 3425 1657 3489 doctrinam
1706 3427 1778 3489 in
1829 3436 1991 3491 octo
2044 3427 2219 3490 Iocis
2259 3427 2539 3490 edocuit
2576 3437 2645 3491 et
2684 3439 2963 3508 praeter

499 3535 674 3613 alia,
705 3534 797 3597 de
826 3534 1079 3614 quibus
1109 3535 1305 3614 prius
1334 3533 1525 3596 facta
1553 3533 1683 3597 fuit
1714 3535 2010 3613 menti0,
2044 3535 2115 3597 in
2144 3543 2415 3614 septem
2442 3537 2557 3598 vel
2597 3545 2759 3599 octo
2788 3537 2968 3599 locis

496 3641 818 3721 eJusdem
865 3641 1278 3721 provinciae
1322 3640 1907 3704 consuetudinem
1958 3642 2206 3704 crebro
2252 3641 2630 3706 confitendi
2673 3652 2740 3706 et
2780 3661 2963 3706 com-

499 3746 909 3811 municandi
937 3745 1235 3810 induxit.

579 3880 596 3910 ¹
655 3878 892 3933 Ignatins
913 3877 1280 3923 communitati
1302 3880 1446 3923 urbis
1468 3878 1705 3933 Casulae,
1727 3880 1773 3922 ei
1793 3878 2123 3934 sylvestrum
2140 3879 2426 3924 Laudinum
2456 3881 2521 3923 ad
2545 3885 2743 3934 tempus
2758 3882 2965 3935 permit·

500 3958 635 4001 tens,
655 3950 684 3993 8
702 3949 894 3994 Martii.
919 3950 1189 4002 Polancns,
1227 3960 1292 3992 ex
1322 3952 1724 4001 commissione,
1743 3952 1925 3997 eadem
1954 3951 2034 3994 die
2057 3950 2327 4007 Sylvestro
2361 3950 2595 3994 Laudino
2611 3984 2621 4000 ,
2643 3952 2704 3994 de
2727 3951 2964 3995 Casulen-

496 4022 630 4064 sium
649 4022 895 4074 petitione
930 4028 981 4066 et
1011 4021 1202 4076 Ignatii
1224 4023 1288 4066 ad
1311 4034 1398 4067 eos
1419 4034 1676 4078 responso.
1697 4022 1839 4067 Idem
1869 4023 2067 4067 civibus
2096 4023 2464 4080 Sylanenslbus
2491 4028 2547 4066 ut
2575 4023 2834 4077 patienter
2856 4022 2967 4079 Syl-

504 4101 740 4137 vestrum
769 4092 1060 4138 Laudinum
1093 4095 1158 4137 ab
1191 4093 1267 4137 eis
1298 4095 1480 4139 abesse
1514 4095 1704 4149 sinant,
1740 4096 1922 4138 eadem
1956 4094 2367 4151 die.—Sylvestri
2406 4094 2626 4138 Landini
2658 4094 2865 4137 litterae
2897 4097 2963 4138 ad

498 4164 785 4207 Polancnm
803 4170 854 4207 et
875 4164 1154 4219 Ignatium.

576 4235 600 4265 ¹
655 4234 800 4278 Haec
821 4235 897 4279 ita
921 4236 1083 4280 refert
1106 4235 1430 4280 orlandinus:
1454 4236 1585 4279 “Nec
1607 4236 1786 4280 abnuit
1806 4237 1978 4280 studio
1999 4236 2069 4291 pii
2105 4237 2262 4281 Ducis
2282 4237 2516 4291 Ignatius
2532 4270 2542 4290 ,
2568 4235 2709 4280 votis
2731 4247 2967 4292 praesen

492 4308 589 4350 tim
621 4305 860 4350 Toletani
896 4305 1190 4351 cardinalis
1224 4308 1488 4362 impulsus,
1521 4308 1818 4351 haereticae
1854 4308 2137 4362 pravitatis
2169 4308 2508 4363 Inquisitoris,
2531 4309 2614 4363 qui
2637 4313 2846 4362 gratum
2866 4309 2965 4352 sibi

495 4379 607 4421 fore
611 4408 694 4421 .....
700 4410 725 4430 ,,
756 4378 861 4430 (lib.
893 4391 945 4432 x,
982 4389 1029 4422 n.
1059 4380 1146 4432 81).
1170 4378 1272 4423 Sed
1301 4379 1378 4432 iis,
1409 4380 1460 4422 ni
1497 4379 1712 4423 multum
1742 4380 1996 4432 fallimur,
2029 4381 2349 4434 decipientur
2379 4381 2530 4425 facile
2562 4382 2785 4424 lectores
2813 4386 2960 4434 puta·

494 4452 723 4504 bnntqne
742 4450 1041 4493 haereticae
1063 4451 1345 4503 pravitatis
1365 4450 1725 4505 Inquisitorem
1741 4451 1837 4494 hoc
1856 4461 1989 4494 anno
2010 4450 2115 4494 1550
2133 4451 2429 4496 Florentiae
2452 4452 2607 4496 fnisse
2648 4451 2961 4495 Toletanum

493 4522 865 4573 cardinalem,
886 4521 1135 4575 Joannem
1156 4523 1218 4566 de
1238 4522 1463 4576 Tavera,
1485 4524 1615 4578 quod
1639 4524 1843 4578 quidem
1862 4534 2046 4567 verum
2064 4534 2164 4567 non
2181 4529 2276 4567 est:
2296 4524 2421 4567 iliud
2438 4525 2567 4567 enim
2589 4536 2768 4568 munus
2784 4526 2961 4568 obibat

495 4601 633 4645 tnnc.
665 4599 721 4637 ut
756 4595 887 4637 bene
917 4594 1044 4637 dicit
1076 4593 1346 4648 Polancns,
1377 4594 1567 4638 Frater
1586 4594 1806 4647 joannes
1825 4595 2055 4638 Alvarez
2077 4595 2137 4638 de
2167 4594 2375 4648 Toledo,
2399 4595 2602 4638 Ordinis
2633 4595 2961 4640 Praedicato—

494 4676 626 4718 rum,
646 4664 938 4719 Episcopus
958 4670 1010 4708 et
1032 4664 1323 4711 Cardinalis
1344 4666 1642 4720 Burgensis.
1673 4664 1881 4710 Ferenit
1903 4665 2239 4710 orlandinum
2259 4667 2383 4710 illud
2404 4667 2469 4709 de
2500 4665 2705 4716 Toledo,
2723 4669 2853 4721 quod
2874 4669 2956 4711 hic

495 4747 596 4779 non
614 4737 870 4780 dioecesis
889 4744 981 4780 ant
1001 4737 1144 4780 urbis
1164 4749 1345 4782 nomen
1364 4743 1443 4780 est
1462 4737 1551 4780 sed
1573 4735 1798 4780 familiae
1821 4748 2120 4792 cognomen.
