3679 5414
1608 472 1734 531 ΑΝ.
1782 472 1924 531 1552
2921 475 3030 535 659

559 616 751 697 quod
801 634 960 680 eam
1010 615 1566 695 resignationem
1614 633 1757 680 non
1802 628 1988 681 esset
2039 627 2499 699 consecutuS,
2553 620 2626 682 in
2671 618 3025 685 Societate

560 740 705 786 non
733 724 1250 804 perseveravit.

1193 1016 1321 1079 DE
1367 1016 1832 1083 comAEfflo
1880 986 2387 1083 GANDIE‘NSI

675 1257 819 1320 544.
904 1258 980 1321 Ρ.
1023 1258 1345 1338 Baptista
1380 1259 1467 1321 de
1505 1258 1799 1337 Barma,
1847 1257 2052 1338 hujus
2091 1258 2386 1339 Collegii
2428 1258 2855 1322 Gandiensis
2893 1258 3024 1321 Re·

555 1375 747 1443 ctor,
779 1365 1088 1445 primum
1115 1382 1430 1429 mensem
1459 1364 1665 1446 huJus
1694 1366 1899 1445 anni,
1933 1374 2010 1429 ut
2041 1366 2363 1446 superius
2394 1367 2784 1445 attigimus,
2817 1376 3022 1430 extra

556 1472 910 1536 Gandiam
960 1473 1229 1552 exegit,
1278 1482 1347 1536 et
1391 1482 1537 1536 tam
1587 1474 2047 1536 concionibus
2089 1490 2302 1554 quam
2342 1471 2906 1537 confessionibus
2951 1482 3021 1536 et

555 1581 713 1643 aliis
742 1579 1027 1660 pietatis
1057 1580 1391 1660 operibus
1419 1581 1716 1660 populos
1739 1581 1898 1643 illos
1925 1580 2380 1644 vehementer
2404 1581 2808 1644 commovit.
2844 1579 3024 1643 Tam

554 1687 959 1766 frequentes
988 1685 1320 1766 profestis
1360 1687 1604 1750 diebus
1644 1687 1736 1751 ad
1772 1688 2112 1768 templum
2149 1688 2528 1750 conciones
2563 1687 2870 1751 audituri
2909 1706 3022 1751 ac-

553 1794 899 1857 cedebant
950 1802 1026 1856 ut
1076 1794 1278 1873 quasi
1329 1794 1477 1857 dies
1528 1794 1749 1857 festus
1799 1803 1870 1857 et
1912 1793 2297 1874 jubilaeum
2346 1794 2630 1874 aliquod
2678 1795 3023 1859 celebrari

552 1901 945 1978 videretur,
999 1911 1069 1964 et
1117 1900 1241 1963 vix
1283 1900 1545 1963 nostris
1601 1900 1693 1964 ad
1748 1901 1984 1963 cibum
2041 1909 2166 1964 aut
2222 1918 2549 1965 somnum
2602 1901 3024 1982 capiendum

551 2017 830 2088 tempus
879 2008 1406 2088 relinquebant;
1459 2017 1529 2071 et
1580 2008 1777 2087 quia,
1830 2017 2208 2088 postquam
2249 2010 2510 2089 populo
2560 2009 3024 2072 concionatus

550 2115 813 2194 fuerat,
848 2115 940 2178 ad
969 2115 1317 2195 hospitale
1345 2114 1775 2195 pauperibus
1806 2116 2359 2179 concionaturus
2380 2116 2686 2194 redibat,
2720 2117 3022 2196 populus

551 2223 765 2285 etiam
813 2240 975 2285 eum
1025 2223 1476 2302 sequebatur,
1529 2222 1743 2285 immo
1801 2230 1871 2285 et
1930 2240 2092 2285 cum
2148 2223 2238 2285 ab
2287 2240 2428 2286 uno
2477 2224 2635 2285 loco
2668 2223 2759 2285 ad
2803 2222 3018 2286 alium

550 2329 919 2409 transiret,
951 2329 1138 2393 fame
1167 2329 1475 2409 quadam
1513 2329 1846 2393 audiendi
1886 2330 2085 2392 verbi
2115 2328 2251 2393 Dei
2280 2348 2442 2393 eum
2471 2330 3015 2410 comitabantur;

548 2447 619 2500 et
647 2455 736 2501 ex
765 2437 1267 2517 eleemosyniS,
1303 2455 1484 2517 quae
1511 2438 1698 2501 ultro
1728 2437 1831 2500 eis
1862 2436 2366 2515 offerebantur,
2402 2438 2561 2500 aliis
2589 2437 3019 2517 pauperibus

548 2544 927 2608 subvenire
954 2553 1303 2624 poterant.
1338 2545 1612 2608 Ternas
1641 2543 2022 2625 aliquando
2053 2562 2194 2608 uno
2225 2544 2337 2608 die
2368 2545 2749 2607 conciones
2778 2544 3019 2624 populi

544 2651 940 2734 frequentia
969 2652 1464 2733 extorquebat,
1499 2660 1570 2715 et
1596 2651 1696 2715 ita
1727 2652 1984 2715 mirum
2011 2668 2156 2716 non
2193 2661 2299 2716 est
2349 2652 2407 2715 si
2439 2652 2648 2716 valde
2678 2652 2742 2715 ei
2771 2651 3013 2732 populi

546 2760 644 2822 illi
683 2758 1127 2822 afficerentur
1166 2769 1237 2823 et
1276 2759 1723 2822 recedentem
1761 2760 1853 2822 ad
1897 2776 1973 2823 se
2014 2777 2359 2823 revocare
2398 2759 2772 2840 diligenter
2813 2776 3012 2823 cura-

545 2874 725 2928 rent.
760 2866 1141 2931 Constituit
1167 2866 1488 2935 etiamut
1518 2865 1843 2929 doctrina
1879 2867 2269 2930 christiana
2306 2866 2378 2929 in
2420 2866 2658 2930 multis
2686 2866 2863 2929 locis
2894 2865 3013 2928 do-

547 2981 829 3037 ceretur
864 2971 904 3038 ¹.

664 3080 807 3143 545.
893 3081 1082 3145 Inter
1138 3082 1567 3162 praecipuos
1615 3088 1855 3158 tamen
1905 3081 2179 3144 fructus
2231 3081 2346 3144 ille
2402 3080 2561 3159 fuit,
2617 3088 2763 3143 tam
2814 3088 3018 3145 extra

546 3188 902 3254 Gandiam
952 3206 1165 3270 quam
1202 3189 1275 3251 in
1323 3190 1509 3269 ipsa,
1567 3188 1755 3269 quod
1803 3189 2062 3251 multas
2111 3187 2596 3250 confessiones
2646 3189 3019 3266 generales

549 3305 671 3359 aut
699 3297 1077 3360 multorum
1108 3297 1361 3359 saltem
1390 3313 1739 3359 annorum
1780 3296 2186 3375 audierunt,
2230 3295 2321 3358 ad
2365 3311 2573 3374 quaS,
2608 3294 2795 3376 quod
2824 3295 3024 3375 prius

548 3405 867 3483 integras
910 3422 1052 3467 non
1097 3404 1466 3482 fecissent,
1521 3404 1845 3467 homines
1894 3404 2336 3467 tenebantur.
2393 3402 2599 3465 Alius
2648 3403 2863 3465 etiam
2913 3403 3025 3465 vir

548 3511 961 3592 primarius,
997 3511 1116 3591 qui
1144 3510 1754 3616 sexdecimlannis
1791 3511 2265 3573 concubinam
2304 3509 2492 3572 domi
2533 3510 2900 3588 habuerat,
2934 3528 3026 3573 ex

548 3635 687 3698 qua
717 3616 898 3680 filios
928 3627 1364 3698 susceperat,
1401 3618 1864 3681 concionibus
1887 3616 2037 3698 ejus
2057 3617 2291 3681 Patris
2314 3617 2416 3679 sic
2448 3626 2843 3680 commotus
2865 3616 3022 3697 fuit,

550 3733 627 3788 ut
668 3724 758 3787 ad
803 3743 963 3789 eum
1007 3726 1082 3789 in
1119 3726 1471 3805 hospitale
1521 3743 1598 3788 se
1651 3725 2030 3805 conferret,
2083 3735 2184 3804 ut,
2237 3742 2316 3788 re
2367 3742 2529 3787 cum
2572 3725 2690 3788 illo
2740 3725 3022 3805 collata,

550 3832 875 3896 eamdem
905 3833 1287 3896 foeminam
1316 3833 1388 3895 in
1434 3849 1734 3897 uxorem
1784 3833 2096 3896 duceret.
2142 3832 2319 3895 Tres
2357 3832 2571 3895 etiam
2608 3831 3023 3895 sacerdotes

553 3940 966 4004 redeuntem
997 3940 1351 4004 Gandiam
1379 3942 1607 4004 secuti
1635 3949 1829 4018 sunt,
1872 3949 1948 4003 ut
1976 3940 2072 4002 ibi
2110 3939 2548 4003 commodius
2589 3948 2659 4003 et
2701 3940 3025 4003 exactius

547 4049 920 4129 generales
951 4047 1434 4112 confessiones
1462 4046 1801 4126 facerent,
1837 4046 2023 4129 quod
2053 4055 2122 4110 et
2149 4046 2491 4110 fecerunt.

665 4155 809 4219 546.
898 4154 1209 4236 Populus
1259 4155 1688 4219 Gandiensis
1739 4155 1829 4218 ad
1888 4163 2501 4219 sacramentorum
2548 4152 3021 4235 frequentiam

543 4264 1038 4329 vehementius
1077 4263 1553 4327 inflammatus
1590 4260 1751 4341 fuit;
1798 4271 1871 4325 et
1910 4262 2008 4325 ita
2051 4278 2196 4324 non
2236 4261 2495 4341 exigua
2537 4259 2688 4340 ejus
2726 4279 2895 4342 pars
2935 4260 3024 4323 ad

545 4379 1000 4434 sacramenta
1022 4372 1271 4435 crebro
1302 4369 1682 4435 admodum
1708 4370 1803 4434 ad
1831 4380 2117 4433 nostros
2138 4369 2547 4448 accedebat,
2582 4377 2673 4447 et,
2709 4378 2785 4432 ut
2815 4377 3018 4431 erant

631 4648 649 4681 ¹
708 4647 978 4703 PolancuS,
1002 4659 1068 4692 ex
1087 4660 1248 4700 com„
1267 4648 1412 4693 Patri
1435 4647 1620 4700 Joanni
1640 4647 1912 4702 Baptistae
1946 4648 2008 4691 de
2044 4646 2262 4699 Barma,
2291 4653 2349 4691 ut
2383 4656 2482 4690 non
2512 4647 2751 4690 obstante
2781 4644 3020 4690 Rectorls

556 4719 743 4773 officio,
762 4720 1110 4765 concionando
1133 4727 1185 4765 et
1202 4720 1534 4765 xenodochiis
1553 4719 1830 4765 visitandis
1851 4730 2081 4775 operam,
2102 4730 2217 4763 cum
2236 4719 2417 4774 possit,
2439 4718 2542 4773 det,
2564 4718 2591 4760 2
2609 4717 2898 4762 Februarii.
