3679 5414
1607 410 1734 469 ΑΝ.
1780 410 1920 468 1552
2883 408 2994 469 759

521 556 990 620 christianam
1033 555 1506 620 imbibendam
1554 557 1786 635 magis
1822 557 2079 620 idonea
2126 573 2281 619 esse
2325 571 2537 634 quam
2583 555 2992 635 provectior

524 663 910 726 videretur.
940 663 1082 728 ,His
1129 680 1301 744 ergo
1343 664 1583 745 pueris
1620 664 1707 727 de
1746 664 1958 727 rebus
1998 663 2089 726 ad
2128 662 2592 725 christianum
2634 662 2992 742 hominem

524 771 1042 850 pertinentibus
1065 769 1140 834 P.
1170 771 1506 835 Nicolaus
1552 770 2142 850 concionabatur,
2184 781 2251 832 et
2285 771 2374 833 ab
2417 770 2682 833 eisdem
2720 787 2987 847 eorum,

520 896 708 958 quae
739 878 1045 956 dixerat,
1083 880 1433 943 rationem
1461 879 1813 959 exigebat.
1859 879 1948 942 Et
1986 878 2163 941 haec
2205 885 2358 941 erat
2385 878 2594 941 unica
2625 878 2697 940 in
2728 877 2988 941 afflicta

521 986 916 1049 admodum
944 987 1349 1050 valetudine
1377 986 1586 1068 hujus
1616 985 1849 1049 Patris
1881 987 2303 1064 consolati0,
2348 1002 2509 1048 cum
2546 985 2822 1048 videret
2858 983 2991 1062 hos

522 1109 786 1173 pueros
827 1093 1005 1156 bene
1048 1093 1411 1173 percipere
1465 1103 1533 1157 et
1589 1094 1949 1173 explicare
2004 1101 2289 1155 nostrae
2339 1091 2502 1154 fidei
2543 1093 2885 1172 mysteria
2922 1101 2993 1155 et

520 1200 804 1280 magnis
862 1200 1086 1280 signis
1137 1200 1324 1282 quod
1384 1218 1469 1264 ea
1519 1209 1892 1280 gustarent
1941 1218 2113 1280 prae
2163 1218 2239 1263 se
2290 1199 2498 1262 ferre.
2560 1198 2994 1263 Declarabat

523 1317 761 1370 autem
811 1308 913 1370 eis
963 1320 1032 1372 et
1086 1308 1483 1372 rationibus
1531 1308 1995 1387 naturalibus,
2059 1316 2128 1370 et
2178 1306 2825 1386 comparationibus
2876 1306 2993 1369 ad-

523 1414 763 1478 hibitis
793 1423 863 1478 et
894 1415 1237 1496 exemplis
1274 1415 1463 1495 quod
1501 1432 1745 1478 omnes
1785 1431 2022 1478 mores
2065 1432 2149 1477 ac
2190 1414 2369 1477 ritus
2411 1413 2780 1492 gentilium
2821 1414 2995 1477 nihil

517 1522 658 1584 nisi
686 1522 1058 1585 mendacia
1087 1531 1156 1586 et
1184 1521 1473 1586 fraudes
1503 1522 1871 1586 daemonis
1899 1538 1985 1584 ac
2017 1521 2499 1584 ministrorum
2532 1519 2681 1599 eJ‘us
2711 1529 2898 1598 sunt,
2925 1530 2994 1584 et

523 1629 808 1691 omnino
849 1629 990 1708 legi
1027 1630 1336 1693 naturali
1379 1647 1464 1692 ac
1509 1629 1770 1692 rationi
1813 1637 2235 1709 repugnant.
2270 1627 2715 1691 Videbantur
2757 1636 2994 1691 autem

524 1735 720 1799 Patri
754 1735 1047 1799 Nicolao
1078 1737 1175 1799 illi
1203 1737 1525 1799 homines
1554 1754 1696 1800 non
1734 1736 1969 1799 minus
2011 1745 2219 1799 acuto
2264 1736 2548 1815 ingenio
2590 1752 2745 1797 esse
2781 1752 2996 1815 quam

522 1851 889 1905 nostrates
917 1860 1048 1906 nec
1078 1844 1310 1907 minus
1339 1843 1574 1906 idonei
1603 1843 1695 1906 ad
1725 1842 2123 1905 doctrinam
2151 1854 2219 1905 et
2249 1842 2583 1905 scientias
2623 1858 2995 1920 capessen-

524 1949 674 2012 das,
718 1948 1289 2013 Concionabatur
1321 1950 1535 2012 etiam
1574 1950 1926 2012 interdum
1963 1949 2288 2012 lusitanis
2329 1958 2399 2011 et
2441 1965 2687 2011 eorum
2726 1937 2994 2012 confes·

521 2057 765 2120 siones
796 2057 1156 2136 audiebat3
1190 2057 1315 2120 sed
1343 2058 1801 2137 praecipuam
1839 2056 2178 2137 temporis
2222 2065 2496 2136 partem
2540 2057 2793 2119 horum
2830 2073 2992 2136 pue·

525 2180 769 2227 rorum
800 2164 1147 2227 institutio
1179 2165 1315 2228 sibi
1342 2164 1773 2242 vindicabat,
1802 2164 1923 2243 qui
1954 2181 2114 2226 cum
2146 2180 2237 2225 ex
2264 2163 2726 2226 nobilioribus
2756 2171 2994 2225 essent
3040 2187 3051 2201 ·

525 2279 595 2333 et
624 2287 841 2351 penes
872 2288 1049 2351 quos
1076 2274 1499 2352 populorum
1527 2272 1950 2351 gubernatio
1990 2280 2178 2334 esset
2215 2270 2483 2349 futura,
2531 2272 2753 2332 multo
2786 2269 2995 2333 latius

524 2386 769 2457 patere
796 2387 1077 2458 poterat
1106 2378 1380 2441 fructus
1408 2378 1672 2443 laboris
1700 2377 1966 2441 eisdem
2008 2377 2309 2458 impensi
2351 2394 2564 2457 quam
2605 2377 2665 2440 si
2712 2377 2869 2440 aliis
2907 2375 2994 2438 de

526 2484 729 2565 plebe
757 2483 1302 2564 impenderetur,
1346 2496 1415 2549 et
1457 2502 1891 2565 magnopere
1933 2485 2280 2548 sentiebat
2322 2485 2511 2565 quod
2554 2484 2631 2547 Ρ.
2679 2484 2997 2564 Ignatius

525 2591 1187 2672 commendaverat,
1222 2603 1298 2655 ut
1328 2593 1420 2655 ad
1449 2591 1849 2671 hujusmodi
1886 2610 2145 2674 pueros
2181 2592 2649 2654 instituendos
2694 2592 2995 2671 collegia

527 2698 847 2779 plurimis
878 2700 951 2763 in
979 2701 1155 2764 locis
1183 2699 1648 2781 erigerentur.
1683 2700 1984 2764 Dicebat
2023 2710 2261 2763 autem
2306 2699 2492 2763 idem
2534 2698 2609 2762 P.
2660 2698 2997 2763 Nicolaus

526 2807 1015 2886 experimento
1057 2825 1134 2871 se
1185 2806 1516 2871 didicisse
1564 2807 1975 2890 provincias
2025 2819 2259 2871 certas
2308 2808 2573 2871 nostris
2623 2825 2779 2870 esse
2820 2806 2996 2869 desi·

527 2912 889 2993 gnandaS,
924 2914 997 2977 in
1033 2914 1287 2995 quibus
1329 2915 1428 2978 illi
1464 2915 1859 2979 residentes
1900 2916 2359 2979 vernaculam
2399 2931 2643 2978 earum
2680 2914 2998 2993 linguam

532 3018 901 3083 addiscere
946 3030 1395 3101 conarentur,
1446 3031 1521 3086 ut
1559 3022 2023 3103 interpretum
2052 3021 2444 3085 ministerio
2476 3020 2813 3083 utendum
2854 3036 2998 3082 non

526 3138 746 3206 esset;
779 3128 926 3191 rari
956 3129 1142 3192 enim
1170 3130 1355 3193 inter
1385 3148 1508 3193 eos
1536 3129 2016 3208 inveniuntur,
2050 3130 2169 3210 qui
2198 3138 2449 3192 exacte
2491 3129 2889 3207 intelligant
2927 3137 2996 3190 et
3025 3176 3030 3181 .

520 3235 929 3315 exprimant
957 3252 1140 3316 quae
1171 3234 1531 3316 dicuntur;
1564 3246 1634 3300 et
1663 3236 1828 3317 quia
1858 3236 1934 3300 Ρ.
1968 3235 2321 3300 Henricus
2350 3236 2639 3314 egregie
2680 3236 2998 3313 linguam

519 3341 704 3405 illius
737 3343 1178 3423 provinciae,
1205 3344 1277 3406 in
1307 3361 1447 3424 qua
1476 3345 1970 3422 versabantur,
2000 3343 2367 3422 didicerat,
2405 3343 2564 3406 ideo
2598 3342 2996 3405 uberiorem

517 3447 828 3512 fructum
857 3468 947 3512 ex
976 3450 1373 3529 gentilitate
1401 3452 1726 3514 retulisse
1758 3468 1976 3531 quam
2003 3452 2074 3513 in
2102 3452 2244 3514 ulla
2276 3451 2413 3513 alia
2443 3449 2684 3513 Indiae
2713 3448 2994 3528 provin-

522 3556 635 3619 cia
665 3557 1041 3637 quisquam
1076 3558 1400 3639 cepisset.
1443 3557 1600 3639 Ipse
1642 3568 1877 3621 autem
1911 3559 2281 3635 Nicolaus,
2317 3575 2480 3620 cum
2511 3558 2583 3620 in
2624 3556 2773 3619 dies
2816 3574 2996 3620 mor-

520 3671 664 3725 tem
692 3673 1171 3744 exspectaret,
1207 3682 1352 3728 non
1376 3665 1692 3728 adhibuit
1721 3665 2032 3728 studium
2055 3664 2146 3727 ad
2168 3662 2318 3743 ejus
2340 3664 2653 3743 regionis
2678 3664 2997 3742 linguam

519 3770 1098 3851 perdiscendam,
1143 3772 1269 3835 sed
1322 3771 1698 3852 quemdam
1735 3772 1927 3853 apud
1965 3790 2040 3834 se
2079 3771 2383 3834 habebat
2417 3770 2781 3850 juvenem,
2829 3770 2996 3833 olim

518 3874 1059 3955 brachmanem,
1095 3895 1304 3958 quem
1332 3879 1877 3957 grammaticam
1907 3878 2278 3957 docuerat,
2327 3887 2427 3952 et,
2472 3888 2547 3941 ut
2587 3886 2741 3940 erat
2782 3886 2995 3940 acuto

521 3984 829 4063 ingeniO,
856 3985 1199 4065 mysteria
1230 3985 1391 4048 fidei
1422 4002 1508 4047 ac
1539 3985 1908 4065 religionis
1937 4003 2063 4065 per
2092 4002 2252 4048 eum
2281 3983 2651 4049 commode
2681 3985 2995 4048 declara-

520 4091 677 4171 bat3
710 4103 779 4155 et
812 4091 902 4155 ad
932 4109 1094 4155 eum
1121 4091 1422 4155 Romam
1452 4092 1870 4156 mittendum
1900 4091 2310 4157 facultatem
2339 4093 2644 4172 petebat.

638 4196 780 4260 728.
869 4197 1040 4262 Post
1070 4199 1378 4263 medium
1418 4198 1801 4263 Octobrem
1844 4200 2054 4263 rediit
2093 4218 2135 4261 a
2177 4200 2545 4280 provincia
2590 4198 2991 4277 Pescariae,

522 4323 662 4384 quo
685 4304 1084 4384 Septembri
1112 4321 1353 4368 mense
1382 4323 1459 4368 se
1491 4307 1887 4368 contulerat
1918 4306 2008 4369 ad
2030 4305 2106 4368 P.
2135 4306 2522 4369 Henricum
2555 4314 2623 4368 et
2654 4306 2833 4369 alios
2856 4305 2992 4367 fra·

520 4423 664 4476 tres
694 4410 1125 4490 invisendOS,
1160 4420 1261 4490 et,
1297 4413 1625 4491 quamvis
1655 4430 1817 4475 cum
1839 4413 2082 4475 labore
2105 4431 2249 4476 non
2278 4413 2539 4492 exiguo
2562 4420 2854 4492 propter
2877 4411 2992 4474 de-

516 4519 859 4582 bilitatem
883 4517 1204 4597 corporis
1235 4518 1368 4581 iter
1396 4519 1567 4582 illud
1597 4519 1925 4599 confecit,
1951 4520 2433 4583 incredibilem
2462 4537 2538 4582 se
2567 4529 2806 4582 tamen
2828 4536 2988 4581 con·

514 4626 939 4689 solationem
968 4629 1292 4691 retulisse
1322 4626 1597 4705 scribit,
1633 4644 1790 4689 cum
1822 4628 2123 4709 populos
2153 4627 2309 4689 illos
2339 4637 2486 4691 tam
2522 4627 2700 4690 bene
2739 4626 2992 4689 instru—
