3679 5414
650 481 656 489 -
725 443 841 503 '746
1654 442 1910 505 Canon.
1950 442 2107 504 Soc·
2151 444 2288 517 JEs.

723 587 1143 668 praesertim
1172 596 1511 669 tempore,
1546 606 1683 670 quo
1712 590 2308 670 promulgandum
2331 587 2750 668 jubilaeum,
2784 590 2872 654 de
2901 607 3038 670 quo
3083 609 3193 653 su·

723 695 986 776 periuS,
1012 695 1453 777 propositum
1483 696 1746 773 fuerat,
1790 696 2074 773 magnis
2112 695 2471 759 laboribus
2513 697 2979 776 obruebatur;
3023 715 3193 760 nam

723 810 1001 865 tantum
1029 802 1104 865 P.
1140 801 1436 865 Paulum
1465 802 1750 888 socium
1767 802 1843 866 in
1873 802 2241 866 audiendis
2265 803 2834 868 confessionibus
2856 805 3184 883 habebat,

721 908 796 971 in
825 909 1312 972 concionando
1341 911 1631 973 nullum.
1663 909 1917 973 Incidit
1946 926 2121 989 ergo
2151 910 2225 972 in
2254 910 2796 990 aegritudinem,
2832 911 2904 974 in
2927 929 3063 992 qua
3087 923 3190 974 ta·

723 1033 886 1079 men
913 1033 1057 1079 non
1086 1016 1319 1080 minus
1348 1027 1632 1080 nostros
1664 1026 1732 1079 et
1763 1017 1980 1080 etiam
2020 1025 2352 1080 externos
2391 1034 2604 1096 quam
2644 1020 2960 1098 tempore
2999 1019 3186 1081 sani·

722 1123 891 1186 tatis
920 1123 1345 1187 aedificavit.
1378 1124 1780 1205 Tantopere
1810 1122 2212 1187 debilitatus
2240 1123 2372 1187 fuit
2414 1133 2490 1187 ut
2529 1125 2656 1188 vix
2692 1127 2910 1188 ullum
2958 1126 3193 1188 cibum

716 1227 864 1308 jam
893 1231 1301 1294 stomachus
1329 1232 1634 1294 retinere
1665 1239 1906 1312 posset
1935 1240 2003 1293 et
2032 1231 2157 1294 vix
2180 1231 2519 1312 recipere,
2547 1234 2955 1313 appetentia
2978 1233 3193 1296 valde

721 1345 1102 1416 prostrata.
1136 1335 1295 1400 Non
1335 1337 1701 1400 omittebat
1739 1347 1979 1400 tamen
2021 1338 2428 1401 conciones.
2472 1338 2559 1401 Et
2601 1339 2762 1419 quia
2796 1357 2935 1402 ova
2982 1357 3190 1420 quae-

721 1444 889 1507 dam
933 1462 1092 1507 cum
1131 1444 1477 1508 saccharo
1517 1447 1581 1508 ei
1632 1446 1704 1509 in
1756 1445 1992 1508 cibum
2043 1445 2327 1524 dabant,
2384 1447 2948 1527 conquerebatur
3003 1447 3192 1527 quod

724 1568 1028 1630 magnae
1059 1569 1221 1614 curn
1259 1552 1411 1632 ipso
1450 1568 1805 1632 expensae
1845 1552 2114 1615 fierent,
2158 1550 2553 1615 Dominicis
2592 1561 2662 1616 et
2701 1552 2900 1616 sestis
2940 1553 3191 1617 diebus

723 1668 834 1721 ter
861 1659 1439 1738 concionabatur,
1472 1659 1701 1738 primo
1743 1657 2024 1739 quidem
2062 1659 2135 1722 in
2179 1659 2570 1723 cathedrali
2614 1660 2915 1723 ecclesia
2959 1662 3071 1723 vel
3117 1661 3193 1723 in

722 1767 984 1847 templo
1015 1767 1090 1829 Β.
1127 1766 1469 1846 Virginis,
1505 1783 1718 1846 quam
1748 1767 1835 1829 de
1865 1765 2166 1829 Rosario
2194 1776 2481 1844 vocant,
2518 1776 2619 1846 et,
2654 1767 2892 1830 statim
2918 1768 3010 1831 ad
3038 1766 3193 1830 Col-

723 1873 986 1952 legium
1016 1873 1316 1952 redienS,
1352 1882 1515 1936 ante
1557 1873 1935 1953 prandium
1973 1874 2045 1936 in
2082 1883 2328 1936 nostro
2371 1875 2632 1955 templo
2677 1875 2985 1938 secundo
3029 1892 3195 1937 con·

721 1980 1169 2059 cionabatur,
1203 1990 1273 2043 et
1302 1980 1510 2044 tertio
1540 1989 1700 2060 post
1740 1981 2111 2044 meridiem
2157 1981 2227 2043 in
2266 1981 2518 2043 eodem
2550 1980 2890 2061 Collegio.
2924 1979 3195 2044 Diebus

724 2087 939 2149 etiam
978 2088 1257 2166 martiS,
1304 2088 1637 2151 mercurii
1673 2097 1742 2150 et
1782 2088 2065 2150 veneris
2107 2097 2484 2150 consuetas
2536 2088 2915 2151 conciones
2957 2105 3194 2170 prose·

719 2194 1105 2274 .quebatur;
1151 2194 1496 2275 reliquum
1547 2203 1782 2257 autem
1836 2204 2110 2274 tempus
2155 2191 2726 2258 confessionibus
2777 2206 2845 2257 et
2894 2194 3200 2275 negotiis

714 2309 875 2363 tam
925 2301 1330 2364 domesticis
1373 2319 1584 2382 quam
1633 2301 1948 2364 externis
1991 2301 2380 2380 tribuebat;
2426 2312 2495 2364 et
2532 2302 2644 2364 his
2684 2302 2956 2366 deliciis
2994 2320 3201 2365 suum

731 2407 1057 2470 morbum
1090 2408 1406 2471 curabat.

850 2514 992 2577 704.
1084 2515 1259 2578 Cum
1303 2534 1392 2578 ex
1435 2532 1518 2577 eo
1558 2513 1874 2594 Collegio
1915 2515 2180 2579 Goensi
2223 2532 2404 2577 unus
2443 2532 2534 2578 ex
2574 2515 2943 2593 fratribuS,
2979 2516 3196 2579 Anto·

732 2622 891 2684 nius
930 2622 1344 2685 Fernandez
1383 2623 1702 2701 nomine,
1749 2623 1841 2685 ad
1880 2621 2253 2702 quemdam
2294 2624 2527 2685 locum
2576 2624 3035 2702 maritimum,
3080 2625 3198 2704 qui

723 2728 935 2794 Salas
964 2731 1238 2809 dicitur,
1274 2748 1350 2793 se
1382 2733 1824 2810 contulisset,
1859 2732 2117 2794 multos
2155 2726 2540 2794 saracenos
2574 2740 2643 2793 et
2677 2732 2979 2810 gentiles
3009 2732 3200 2796 inve-

730 2837 863 2917 nit,
899 2838 1016 2917 qui
1046 2837 1226 2899 bello
1260 2838 1447 2918 capti
1479 2850 1548 2901 et
1580 2839 1649 2900 in
1681 2838 2091 2901 servitutem
2124 2835 2343 2916 Regis
2373 2837 2647 2901 redacti
2688 2848 2924 2916 erant;
2966 2840 3198 2918 coepit

722 2954 964 3011 autem
993 2962 1255 3023 magno
1286 2962 1443 3007 cum
1478 2943 1760 3007 fervore
1793 2961 1953 3007 cum
1984 2944 2086 3006 eis
2115 2944 2201 3006 de
2234 2943 2449 3006 rebus
2479 2944 2739 3007 divinis
2770 2960 2987 3023 agere
3016 2955 3084 3008 et
3120 2955 3199 3009 ut

727 3051 821 3114 ad
849 3052 1264 3131 religionem
1294 3052 1762 3114 christianam
1792 3050 2215 3113 accederent
2242 3050 2693 3130 persuadere.
2723 3050 2996 3114 Placuit
3028 3052 3200 3115 divi·

715 3176 864 3221 -nae
892 3158 1192 3221 bonitati
1230 3168 1336 3237 ut,
1384 3175 1544 3220 cum
1588 3166 1802 3220 noctu
1833 3158 1905 3219 in
1949 3156 2341 3236 Collegium
2385 3150 2680 3232 rediret,
2729 3156 3199 3237 quadraginta

719 3276 1191 3345 praeparatos
1249 3266 1341 3328 ad
1408 3264 1614 3327 fidem
1681 3264 2144 3327 christianam
2209 3265 2667 3344 relinqueret.
2735 3263 3200 3345 Sequentibus

717 3371 976 3434 diebus
998 3372 1320 3435 eumdem
1343 3371 1396 3434 Ρ
1406 3423 1417 3435 .
1454 3371 1734 3452 Gaspar
1758 3388 1919 3433 cum
1943 3372 2082 3433 alio
2106 3370 2330 3434 fratre
2363 3370 2878 3452 Christophoro
2908 3370 2994 3434 de
3019 3371 3201 3434 Aco-

724 3488 840 3540 sta
863 3478 954 3540 ad
978 3479 1264 3541 eosdem
1287 3479 1478 3541 misit
1500 3487 1661 3558 post
1683 3477 2070 3557 meridiem,
2087 3484 2165 3540 ut
2188 3494 2311 3540 eos
2338 3476 2739 3540 hominesin
2763 3476 2924 3541 fidei
2946 3479 3198 3541 doctri·

730 3603 824 3648 na
863 3585 1325 3665 instruerent3
1370 3594 1438 3647 et
1475 3585 1818 3664 paulatim
1853 3602 2014 3647 cum
2046 3583 2279 3663 gratia
2314 3583 2603 3647 Domini
2635 3584 2782 3647 fere
2822 3590 3064 3648 omnes
3104 3586 3199 3649 ad

728 3692 996 3756 Christi
1024 3710 1319 3772 gregem
1350 3690 1940 3771 adjungebantur.

853 3800 992 3863 705.
1081 3800 1363 3864 Accidit
1391 3801 1520 3863 sub
1551 3800 1684 3863 hoc
1716 3817 1904 3863 anno
1940 3800 2141 3863 Goae
2164 3809 2311 3862 tam
2340 3799 2697 3862 horrenda
2726 3809 3108 3881 tempestas
3130 3810 3199 3863 et

727 3909 1068 3971 inusitata
1098 3917 1172 3970 ut
1201 3907 1501 3970 similem
1531 3906 1850 3969 homines
1879 3923 2022 3969 non
2052 3906 2631 3985 recordarentur;
2677 3906 2748 3969 id
2785 3915 3019 3969 tamen
3061 3906 3198 3969 fru-

722 4026 891 4078 ctus
919 4033 1010 4078 ex
1040 4033 1123 4077 ea
1167 4014 1517 4077 Dominus
1560 4014 1849 4092 collegit
1890 4013 2074 4075 inter
2113 4012 2405 4075 fulmina
2445 4021 2513 4075 et
2558 4013 3081 4091 inundationeS,
3123 4023 3202 4076 ut

731 4123 1014 4204 plurimi
1045 4123 1130 4185 de
1161 4121 1472 4202 peccatis
1502 4120 1825 4184 dolerent
1858 4129 1926 4182 et
1959 4137 2043 4181 ea
2075 4117 2599 4182 confiterentur.

853 4228 994 4291 706.
1080 4229 1158 4292 In
1183 4229 1489 4309 quodam
1512 4228 1905 4306 sacerdote,
1923 4227 2042 4306 qui
2067 4226 2245 4289 duos
2269 4243 2493 4288 annos
2510 4227 2582 4288 in
2606 4224 2921 4305 Collegio
2945 4226 3199 4304 fuerat,

731 4348 838 4416 et,
874 4339 1039 4416 quia
1070 4354 1146 4399 se
1190 4344 1513 4415 gesserat
1543 4335 1866 4414 egregie,
1911 4334 2002 4396 ad
2041 4350 2290 4397 sacros
2330 4333 2614 4396 ordines
2651 4333 2882 4396 fuerat
2924 4350 3202 4414 promo-

733 4452 870 4522 tus,
906 4443 1182 4522 insigne
1214 4441 1569 4522 quoddam
1597 4441 1733 4504 Dei
1757 4438 2101 4519 judicium
2130 4440 2481 4520 apparuit.
2527 4438 2705 4502 Cum
2733 4440 2921 4502 enim
2949 4440 3021 4503 in
3042 4456 3200 4519 gra·

735 4567 864 4612 ves
892 4548 1411 4612 inconstantiae
1441 4547 1872 4611 tentationes
1902 4546 2285 4625 incidisset,
2312 4554 2381 4608 et
2412 4546 2803 4626 spiritualia
2835 4547 3197 4626 exercitia,

737 4666 812 4718 ut
841 4674 917 4720 se
945 4663 1407 4737 praepararet
1436 4655 1527 4718 ad
1557 4654 1688 4717 Dei
1720 4654 2058 4733 gratiam,
2093 4652 2389 4716 fuissent
2421 4653 2485 4716 ei
2513 4654 2908 4734 proposita,
2943 4654 3203 4717 cedens
