3679 5414
1695 448 1822 506 Aa.
1877 446 2017 506 1552
2979 450 3090 507 573

735 593 874 655 371.
966 592 1147 657 Cum
1198 604 1434 658 autem
1477 612 1721 674 regem
1765 594 2295 658 Ferdinandum
2337 594 2706 672 adiissent,
2755 594 2841 657 de
2886 594 3089 675 cujus

618 701 856 763 animo
886 701 1300 765 dubitabant
1332 720 1423 765 an
1453 712 1613 782 post
1643 711 1942 765 mortem
1973 702 2049 764 P.
2085 701 2361 765 Claudii
2409 701 2707 781 Collegii
2735 693 3081 765 fundatio·

616 825 777 870 nem
808 815 1028 886 esset,
1063 816 1138 870 ut
1166 819 1528 888 coeperat,
1561 817 2044 889 promoturus,
2078 818 2231 887 aut,
2257 819 2331 871 ut
2355 809 2594 871 verius
2625 808 2885 888 dicam,
2924 828 3085 872 cum

619 914 707 977 ab
738 933 822 977 eo
867 916 1147 977 evocati
1177 915 1504 994 fuissent,
1541 933 1818 978 omnem
1850 916 2347 979 liberalitatem
2377 924 2447 978 et
2476 916 2923 980 clementiam
2952 935 3081 979 suo

617 1021 933 1101 Collegio
963 1031 1068 1084 est
1098 1022 1482 1102 pollicitus,
1505 1022 1852 1103 jussitque
1876 1023 2062 1085 bono
2094 1022 2331 1085 animo
2361 1023 2453 1085 ad
2477 1040 2552 1085 se
2574 1041 2854 1103 semper
2885 1042 3085 1086 acce-

617 1130 813 1203 dere,
847 1129 1432 1209 quandocumque
1463 1130 1683 1210 ipsius
1714 1130 1977 1192 auxilio
2009 1129 2437 1208 indigerent,
2473 1131 2717 1205 imm0‚
2752 1131 2916 1193 licet
2942 1148 3083 1193 non

615 1234 1010 1314 indigerent
1038 1255 1116 1299 re
1146 1237 1322 1314 ulla,
1357 1244 1643 1316 gratum
1682 1237 1814 1299 sibi
1854 1237 2005 1300 sore
2045 1255 2292 1300 eorum
2334 1247 2792 1317 conspectum
2823 1238 3084 1317 signifi-

616 1343 839 1421 cavit;
873 1351 941 1405 et
970 1344 1219 1424 paucis
1247 1356 1406 1423 post
1451 1344 1694 1407 diebus
1739 1345 1927 1407 dono
1972 1345 2043 1406 in
2087 1344 2482 1423 Collegium
2528 1344 2715 1406 misit
2759 1344 3083 1408 sacerdo-

614 1449 782 1511 talia
843 1451 1192 1530 quaedam
1251 1451 1660 1513 indumenta
1711 1468 1874 1514 cum
1925 1452 2286 1514 calicibus.
2342 1452 2587 1531 Itaque
2643 1453 2835 1515 nulla
2885 1453 2957 1514 in
3008 1471 3085 1515 re

610 1557 958 1619 minorem
987 1575 1198 1637 quam
1227 1558 1424 1638 prius
1453 1557 2019 1620 benevolentiam
2052 1558 2465 1636 ostendenS,
2500 1576 2622 1621 eos
2652 1569 2856 1621 vates
2895 1559 3084 1622 falsi-

611 1664 780 1725 tatis
809 1664 1151 1743 convicit,
1195 1664 1316 1744 qui
1353 1665 1626 1744 regiam
1666 1664 2176 1744 benignitatem
2216 1674 2505 1745 propter
2552 1665 2820 1727 obitum
2850 1664 3085 1728 Patris

612 1769 889 1832 Claudii
918 1773 1235 1834 clausam
1264 1788 1437 1851 erga
1464 1780 1746 1834 nostros
1788 1771 1875 1834 iri
1914 1771 2363 1845 divinabant3
2415 1789 2620 1849 nam,
2664 1773 2726 1833 si
2764 1790 2906 1835 non
2938 1790 3081 1835 ma-

605 1875 863 1955 j0rem,
898 1878 1222 1941 eamdem
1259 1888 1450 1941 certe
1492 1896 1706 1958 quam
1755 1879 1955 1958 prius
2004 1879 2267 1941 nostris
2318 1877 2657 1952 ostendit,
2713 1888 2782 1941 et
2835 1896 3081 1941 eorum

613 2000 828 2063 opera
859 1983 930 2046 in
961 1985 1172 2047 rebus
1201 1984 1444 2064 magni
1467 1985 1803 2047 momenti
1827 2002 1997 2049 usus
2027 1995 2165 2062 est;
2200 1985 2386 2064 quod
2416 1995 2485 2047 et
2515 1984 2600 2047 de
2631 1985 2790 2047 aliis
2820 1987 3077 2065 primo—

611 2089 806 2153 ribus
835 2092 1083 2154 amicis
1112 2091 1188 2154 P.
1223 2091 1498 2154 Claudii
1528 2100 1597 2153 et
1625 2090 1900 2155 Nuncio
1933 2093 2355 2171 apostolico,
2391 2093 2511 2172 qui
2540 2091 2834 2156 fratrem
2880 2109 3084 2156 suum

611 2198 821 2260 morti
875 2199 1188 2261 vicinum
1238 2216 1452 2261 curae
1494 2209 1904 2262 nostrorum
1954 2200 2220 2262 eisdem
2272 2198 2518 2262 diebus
2569 2200 2954 2277 commisit,
3011 2200 3084 2263 in

609 2322 906 2384 quorum
936 2305 1292 2385 manibuS‚
1336 2314 1412 2369 ut
1452 2306 1918 2369 christianum
1959 2307 2196 2369 virum
2237 2306 2564 2385 decebat,
2620 2324 2711 2370 ex
2761 2307 2895 2369 hac
2935 2307 3081 2369 vita

607 2411 929 2475 decessit.
967 2412 1399 2475 Labacensis
1426 2414 1641 2476 etiam
1670 2414 2065 2494 Episcopus
2096 2431 2376 2477 omnem
2415 2414 2930 2476 humanitatem
2962 2431 3081 2476 no·

605 2520 771 2582 stris
801 2519 1171 2598 exhibenS,
1206 2519 1292 2582 de
1323 2520 1640 2600 Collegio
1671 2539 1860 2584 novo
1893 2520 2364 2596 aedificandO,
2413 2538 2575 2583 cum
2619 2521 2797 2583 situs
2835 2521 3081 2584 inven-

604 2635 717 2687 tus
767 2635 982 2705 esset,
1037 2626 1306 2705 Regem
1357 2627 1611 2690 iterum
1655 2636 1869 2707 atque
1918 2628 2173 2691 iterum
2224 2627 2740 2709 interpellabat.
2796 2627 3074 2707 Regina

606 2733 987 2796 Bohemiae
1045 2735 1151 2796 sui
1209 2751 1489 2814 semper
1532 2735 1779 2797 similis
1827 2735 1901 2797 in
1951 2735 2297 2799 charitate
2346 2752 2599 2798 versus
2646 2734 3120 2799 Societatem*

605 2839 766 2919 fuit,
815 2851 915 2919 et,
966 2859 1128 2903 cum
1168 2841 1466 2904 instaret
1513 2851 1762 2922 partus
1814 2843 2069 2922 ipsiuS,
2117 2843 2461 2923 peculiari
2505 2842 2814 2923 quadam
2864 2844 3072 2907 devo-

609 2947 799 3009 tione
829 2957 1114 3010 nostros
1159 2949 1442 3028 rogavit
1472 2958 1548 3011 ut
1579 2948 1670 3011 ad
1699 2949 2253 3028 sesquimensem
2292 2949 2603 3029 quotidie
2633 2958 2941 3028 quatuor
2971 2968 3076 3012 sa-

606 3071 731 3117 cra
779 3072 909 3135 pro
964 3055 1115 3134 ipsa
1166 3055 1445 3134 fierent,
1499 3056 1689 3136 quod
1738 3054 2115 3134 diligenter
2158 3065 2483 3119 curatum
2525 3065 2666 3131 est,
2722 3064 2791 3116 et
2842 3056 3079 3119 omnia

606 3161 739 3241 ipsi
770 3179 1110 3242 prospera
1144 3172 1638 3225 successerunt
1673 3161 1713 3221 ¹.

727 3268 866 3331 372.
955 3268 1313 3331 Lectionis
1355 3270 1678 3348 publicae
1721 3269 1798 3331 B.
1847 3267 2047 3331 Pauli
2088 3287 2336 3332 curam
2365 3268 2444 3333 P.
2493 3269 2885 3332 Gaudanus
2928 3287 3075 3333 sus·

611 3375 829 3454 cepit,
884 3393 1097 3456 quam
1134 3376 1234 3439 ita
1294 3377 1723 3456 exponebat,
1771 3385 1847 3439 ut
1891 3394 2021 3439 nec
2062 3376 2286 3439 nostri
2330 3393 2460 3438 nec
2492 3377 2771 3439 externi
2807 3377 3078 3440 audito·
3166 3421 3171 3428 .

607 3497 723 3542 res
778 3481 1159 3562 quidquam
1216 3480 1735 3560 desiderarent,
1797 3501 1963 3545 nam
2023 3491 2296 3562 aperte,
2356 3482 2666 3545 breviter
2728 3494 2795 3547 et
2869 3484 3074 3546 docte

607 3585 1010 3650 difficillima
1042 3606 1359 3668 quaeque
1387 3591 1547 3651 loca
1576 3590 1958 3652 enarrabat
1977 3637 1991 3666 ,
2038 3589 2557 3652 haereticorum
2605 3606 2885 3652 errores
2916 3591 3075 3651 sub-

605 3695 950 3757 vertendo
1000 3706 1069 3758 et
1115 3695 1539 3759 catholicam
1589 3697 1964 3759 veritatem
2006 3677 2293 3775 egregie
2337 3694 2849 3774 confirmando;
2889 3696 3073 3759 unde

605 3799 814 3864 fiebat
843 3811 918 3864 ut
947 3803 1243 3865 studiosi
1281 3804 1576 3884 aequius
1613 3802 1879 3865 ferrent
1919 3803 2362 3882 inopinatum
2409 3803 2487 3865 P.
2529 3802 2803 3866 Claudii
2835 3803 3070 3865 deces—

602 3925 779 3970 sum.
828 3907 962 3987 Qui
1005 3920 1347 3989 quantum
1385 3921 1744 3973 amaretur
1792 3910 1866 3972 in
1917 3927 2003 3973 ea
2051 3910 2444 3975 Academia
2491 3909 2699 3973 facile
2751 3910 2947 3973 licuit
2999 3911 3074 3972 in

601 4014 846 4078 funere
895 4016 1174 4095 videre,
1209 4017 1398 4098 quod
1426 4018 1706 4096 magnis
1736 4016 2249 4097 professorum,
2294 4017 2828 4095 magistrorum,
2879 4017 3073 4079 nobi.-

602 4254 796 4299 Canisii
817 4257 936 4310 (has
957 4257 1118 4301 habes
1138 4258 1188 4301 in
1220 4257 1360 4301 Pau
1376 4291 1386 4310 ,
1411 4257 1484 4301 Le
1505 4257 1640 4300 Pare
1664 4256 1862 4300 Claude
1880 4258 1931 4300 le
1949 4257 2075 4312 Jay,
2094 4269 2213 4312 pag.
2235 4258 2334 4308 484)
2354 4265 2405 4299 et
2426 4256 2638 4309 joannis
2666 4256 2728 4299 de
2749 4225 3071 4300 Victoria.—

600 4326 681 4369 Ea
700 4332 817 4371 erat
840 4329 1135 4382 Augustani
1151 4328 1443 4373 cardinalis
1464 4329 1524 4371 de
1546 4328 1660 4381 Jalo
1685 4329 2000 4373 existimatio
2017 4335 2073 4372 ut
2089 4334 2205 4383 post
2226 4329 2270 4383 ej
2280 4340 2337 4372 us
2357 4328 2569 4379 obitum,
2591 4327 2912 4372 Testamenti
2935 4326 3067 4369 Novi

598 4398 857 4450 volumen,
879 4410 978 4453 quo
1005 4399 1142 4449 laius
1161 4411 1284 4443 usus
1298 4400 1488 4454 fuerat,
1509 4399 1606 4442 sibi
1628 4400 1759 4443 dono
1780 4400 1892 4443 dari
1914 4400 2141 4454 petierit,
2160 4405 2217 4443 ut
2237 4410 2302 4442 ex
2325 4399 2515 4442 litteris
2529 4399 2765 4442 novimus
2787 4409 2818 4441 a
2841 4398 3071 4443 Polaneo

598 4469 665 4512 ad
684 4468 992 4526 Launoyum
1007 4471 1145 4514 datis
1163 4472 1191 4514 2
1210 4471 1464 4515 Octobris.

679 4540 710 4576 ⁸·
757 4539 1028 4596 Polancus,
1067 4553 1133 4585 ex
1170 4554 1319 4594 com„
1354 4542 1568 4587 Nicolao
1589 4543 1854 4597 Launoyo.
1875 4549 1931 4586 ut
1955 4554 2145 4586 morem
2178 4548 2329 4596 gerat
2369 4541 2711 4585 Romanorum
2731 4540 2878 4594 Regi.
2910 4540 3072 4585 etim

596 4615 641 4657 ni
678 4615 721 4657 is
754 4618 1048 4658 nostrornm
1074 4616 1313 4670 aliquem,
1344 4621 1400 4658 ut
1435 4627 1549 4659 eum
1583 4617 1634 4658 in
1668 4617 1803 4659 bello
1842 4622 2025 4660 contra
2059 4621 2237 4659 turcas
2272 4617 2574 4666 comitetur,
2616 4614 2876 4667 requirat,
2906 4613 2961 4655 20
2984 4611 3073 4655 Se·

597 4683 864 4740 ptembris.
3014 4689 3019 4694 .
