3679 5414
714 485 823 545 434
1640 481 1895 542 Cimon.
1938 481 2090 539 Soc,
2136 481 2273 553 Jsss.

714 630 967 694 messis
1006 628 1363 709 copiosior
1408 634 1593 701 erat;
1637 627 1820 689 inter
1860 643 2043 706 quae
2084 626 2291 688 unius
2331 642 2503 706 prae
2551 625 2860 688 caeteris
2914 627 3184 688 monia-

715 741 819 801 les
857 738 948 801 ad
987 735 1600 814 reformationem,
1652 743 1815 814 post
1875 732 2358 797 confessiones
2411 734 2730 796 omnium
2781 732 3061 796 auditas
3114 743 3183 798 et

714 845 963 909 crebro
994 843 1369 924 repetitam
1392 841 1961 905 communionem
1983 849 2053 904 et
2085 841 2620 904 exhortationes
2650 857 2737 903 ea
2772 840 2856 903 de
2880 858 2958 903 re
2982 840 3175 904 habi-

713 961 846 1027 tas,
873 952 1331 1015 vehementer
1362 959 1565 1012 erant
1594 965 1993 1029 propensae
2029 946 2071 1006 ¹.

830 1058 930 1121 38.
1022 1057 1161 1121 Sed
1212 1055 1696 1120 mendicorum
1745 1056 1990 1134 etiam,
2046 1055 2425 1118 occasione
2475 1055 2970 1135 eleemosynae
3009 1056 3185 1135 ipsis

712 1165 1273 1242 distribuendae,
1317 1162 1407 1225 ad
1437 1180 1651 1242 quam
1688 1162 2095 1242 frequentes
2141 1161 2617 1241 accedebant,
2663 1179 2909 1225 curam
2952 1180 3185 1226 susce-

708 1282 984 1354 perunt,
1020 1272 1168 1351 qui,
1204 1278 1583 1351 postquam
1613 1269 1988 1349 provocati
2029 1278 2266 1332 essent
2306 1278 2374 1332 et
2415 1269 2719 1331 instituti
2760 1269 3028 1332 crebris
3067 1287 3182 1333 ex·

711 1379 1235 1444 hortationibus
1284 1377 1619 1455 fratrum,
1675 1393 1922 1439 eorum
1971 1376 2287 1456 plerique
2335 1385 2635 1456 peccata
2695 1393 2822 1438 sua
2881 1377 3186 1440 confessi

710 1497 895 1563 sunt,
930 1495 999 1549 et
1029 1485 1311 1565 quidem
1342 1485 1412 1546 in
1451 1484 1711 1563 templo
1751 1499 2063 1560 summ0,
2109 1482 2227 1545 ubi
2266 1483 2583 1546 maxima
2622 1484 2988 1547 hominum
3027 1500 3184 1547 esse

709 1594 1103 1673 frequentia
1134 1593 1340 1654 solita
1371 1602 1547 1654 erat.
1584 1590 1783 1653 Haec
1814 1598 2055 1652 autem
2085 1589 2320 1652 omnia
2351 1608 2435 1652 eo
2478 1588 2729 1669 majori
2758 1608 2923 1654 cum
2964 1589 3180 1654 admi·

707 1702 983 1764 ratione
1013 1710 1082 1783 et
1112 1698 1598 1762 aedificatione
1626 1696 2084 1776 gerebantur,
2120 1714 2260 1775 quo
2291 1697 2526 1759 rarius
2557 1697 2783 1760 videri
2826 1697 3033 1760 solita
3077 1716 3179 1761 es-

709 1817 885 1871 sent.
919 1806 1378 1871 Accedebant
1410 1815 1477 1868 et
1506 1822 1857 1885 pauperes
1886 1804 2134 1867 diebus
2177 1804 2552 1867 dominicis
2590 1804 2958 1868 doctrinae
3001 1806 3182 1868 chri-

710 1917 984 1979 stianae
1016 1913 1669 1995 interpretationem
1699 1911 2033 1989 audituri;
2060 1929 2229 1974 nam
2259 1921 2327 1973 et
2357 1911 2542 1973 hanc
2569 1912 2639 1974 in
2662 1912 3051 1975 cathedrali
3074 1930 3182 1977 ec—

707 2024 921 2087 clesia
953 2021 1450 2102 explicandam
1481 2027 1967 2099 susceperunt,
2005 2019 2121 2081 cui
2149 2028 2218 2081 et
2247 2018 2607 2098 VicariuS,
2642 2028 2712 2082 et
2742 2020 3192 2100 sacerdotes„

706 2148 792 2194 ac
822 2131 1019 2193 cives
1041 2127 1333 2191 subinde
1356 2128 1628 2190 nobiles
1653 2135 1720 2189 et
1745 2127 1881 2189 viri
1903 2126 2221 2205 religiosi
2244 2134 2528 2206 praeter
2551 2129 2813 2206 vulgus
2835 2128 3183 2207 reliquum

706 2239 1047 2300 interesse
1079 2236 1419 2299 solebant.
1906 2291 1910 2294 ,

823 2344 925 2407 39.
1012 2343 1478 2406 Vocabantur
1519 2350 1587 2404 et
1616 2342 1845 2404 nostri
1877 2342 1969 2405 ad
1998 2343 2522 2421 aegrotantium
2554 2341 3035 2433 confessiones
3065 2359 3183 2406 au·

707 2451 1003 2515 diendas
1049 2451 1483 2529 multumque
1522 2448 1863 2529 temporis
1903 2449 1974 2510 in
2016 2466 2262 2511 eorum
2303 2449 2788 2511 consolatione
2828 2450 3181 2529 impende-

706 2559 912 2621 bant.
936 2558 1277 2636 Magister
1308 2555 1741 2634 EdmunduS,
1778 2556 2110 2636 quamvis
2140 2554 2578 2634 adolescens,
2611 2557 2805 2619 velut
2829 2559 3008 2619 alter
3039 2556 3181 2619 Da-

707 2666 872 2743 niel,
907 2665 980 2727 in
1007 2664 1289 2745 publica
1319 2663 1627 2744 quadam
1655 2663 1777 2727 via
1809 2663 2222 2727 concionari
2254 2681 2412 2727 cum
2456 2663 2923 2727 admiratione
2955 2673 3024 2727 et
3066 2681 3178 2728 ae—

705 2773 1109 2836 dificatione
1138 2773 1521 2835 multorum
1552 2773 1808 2854 coepit,
1844 2781 1934 2849 et,
1969 2789 2130 2834 cum
2151 2771 2557 2834 valetudine
2581 2772 2902 2852 corporis
2925 2789 3180 2853 parum

703 2879 907 2943 firma
938 2889 1127 2942 esset
1157 2887 1226 2942 et
1255 2879 1637 2941 lectionum
1667 2878 2030 2942 laboribus
2055 2888 2547 2958 occuparetur,
2582 2886 2782 2942 tanto
2805 2880 3023 2942 animi
3046 2878 3178 2942 fer-

704 3004 881 3049 vore
925 2986 1016 3049 ad
1064 2987 1200 3049 hoc
1240 2986 1708 3048 concionandi
1749 2985 2219 3048 ministerium
2250 2985 2714 3064 afficiebatur,
2750 2995 2826 3049 ut
2871 2985 3181 3065 quodam

700 3093 913 3157 modo
963 3110 1093 3173 pro
1135 3092 1487 3156 medicina
1528 3093 1592 3154 ei
1632 3091 2109 3156 concionandi
2147 3091 2451 3155 facultas
2479 3092 2700 3156 fieret.
2735 3092 2872 3156 Pro
2903 3111 2981 3156 re
3009 3103 3180 3157 nata

701 3199 1107 3280 hujusmodi
1138 3201 1519 3263 conciones
1550 3200 1622 3261 in
1651 3200 1907 3279 plateis
1938 3200 2404 3279 habebantur,
2439 3202 2821 3281 praecipue
2852 3218 3013 3264 cum
3055 3219 3177 3282 pu-

703 3308 869 3371 blici
900 3306 1199 3387 alicujus
1232 3304 1630 3369 offendiculi
1662 3308 1949 3369 occasio
1990 3323 2067 3369 se
2107 3306 2477 3386 offerebat,
2524 3307 2918 3387 quusmodi
2959 3308 3048 3370 ab
3078 3309 3176 3371 hi-

703 3414 1094 3477 strionibus
1124 3422 1193 3476 et
1224 3412 1763 3475 circulatoribus
1793 3411 2070 3476 Perusii
2090 3413 2495 3494 frequenter
2519 3413 2674 3477 fieri
2696 3415 2987 3477 solebat.
3021 3415 3177 3477 Hoc

701 3529 1215 3599 strategemate
1244 3520 1549 3583 ministri
1579 3518 1947 3583 daemonis
1978 3537 2122 3583 non
2152 3522 2370 3584 semel
2399 3539 2527 3584 suo
2565 3522 2723 3584 loco
2753 3523 2938 3603 pulsi
2961 3523 3177 3585 immo

702 3636 771 3690 et
803 3628 1098 3690 civitate
1129 3628 1417 3690 omnino
1448 3627 1725 3707 expulsi
1755 3627 2066 3691 fuerunt.

821 3733 922 3796 40.
1010 3733 1241 3797 Semel
1272 3733 1529 3797 accidit
1571 3743 1648 3797 ut
1680 3734 1966 3815 quidam
2009 3752 2098 3797 ex
2141 3736 2395 3798 horum
2441 3751 2759 3815 numero,
2793 3746 3030 3799 erecto
3060 3755 3176 3800 ve-

703 3841 874 3904 xillo
905 3858 1074 3921 prae
1104 3841 1374 3904 foribus
1403 3842 1645 3921 templi
1674 3840 2001 3921 maj0riS,
2034 3859 2176 3904 non
2217 3844 2445 3905 solum
2482 3844 2708 3906 verba
2747 3845 3008 3924 populo
3050 3843 3174 3906 sed

706 3949 921 4011 etiam
951 3949 1191 4011 toxica
1216 3949 1656 4029 ampullatim
1680 3958 1750 4011 et
1773 3949 2115 4011 unciatim
2144 3949 2546 4013 venditaret
2567 3968 2580 4030 ;
2608 3960 2675 4013 et
2700 3968 2862 4013 cum
2893 3967 2979 4013 eo
3005 3958 3172 4013 tem-

703 4072 876 4135 pore
899 4055 1273 4135 religiosus
1296 4054 1604 4134 quidam,
1633 4055 1705 4117 in
1729 4055 1884 4135 ipsa
1908 4057 2213 4119 ecclesia
2234 4055 2324 4119 D.
2351 4056 2552 4119 Pauli
2574 4058 2948 4120 lectionem
2972 4074 3172 4120 enar·

703 4178 908 4240 ranS,
952 4163 1077 4225 vix
1116 4161 1592 4241 quadraginta
1632 4162 1994 4225 auditores
2023 4164 2348 4243 haberet,
2383 4165 2766 4227 circulator
2797 4182 2970 4244 prae
3010 4163 3173 4227 fori-

702 4269 835 4332 bus
864 4270 1289 4350 quingentos
1319 4269 1645 4348 habebat,
1681 4278 1750 4332 et
1781 4270 2065 4350 quidem
2093 4270 2275 4333 inter
2306 4289 2431 4334 eos
2454 4289 2585 4334 nec
2610 4272 3019 4334 sacerdotes
3041 4288 3172 4334 nec

704 4376 1039 4439 monachi
1067 4377 1381 4440 deerant.
1419 4376 1596 4440 Cum
1626 4376 1698 4438 in
1737 4377 1874 4440 hoc
1912 4379 2400 4457 spectaculum
2443 4378 2807 4442 incidisset
2844 4377 2921 4440 P.
2964 4378 3172 4459 Joan-

788 4653 803 4685 ¹
864 4653 1141 4705 Polaticus,
1166 4664 1231 4696 ex
1251 4665 1408 4704 com„
1429 4645 1700 4696 &erardo
1721 4653 2073 4709 Mercuriano,
2105 4654 2166 4697 de
2203 4656 2568 4698 constitutione
2590 4666 2720 4708 quae
2744 4656 2982 4709 prohibet
3005 4668 3065 4698 ne
3089 4669 3188 4700 no·-

705 4722 820 4774 stri,
842 4721 941 4765 nisi
961 4723 1095 4766 sorte
1119 4723 1190 4766 ad
1210 4726 1441 4777 tempus,
1462 4724 1806 4768 consessiones
1828 4725 2126 4769 monialium
2147 4727 2360 4770 audiant
2379 4761 2389 4781 ,
2410 4728 2466 4770 30
2485 4727 2623 4779 Julii.
