3679 5414
672 455 784 512 474
1595 452 1850 514 Cimon.
1893 454 2048 513 Soc.
2087 455 2228 527 jus.

673 601 912 676 tend0,
947 613 1021 664 ut
1052 600 1341 664 inferius
1370 601 1664 678 dicetur,
1694 599 1770 663 P.
1803 601 2125 679 Ignatius
2152 600 2524 680 cogitaret,
2557 609 2627 663 et
2656 619 2699 662 a
2725 600 3040 664 Concilio
3063 601 3143 664 li·-

674 709 923 772 berum
950 718 1019 771 et
1049 727 1092 770 a
1122 718 1472 788 quartana
1505 710 1796 790 Laynez
1836 710 2149 786 videret,
2194 726 2444 772 rursus
2484 709 2672 772 dicto
2712 717 3029 788 tempore
3071 710 3134 772 ei

674 816 808 879 hoc
840 833 1095 879 munus
1123 815 1631 896 injungendum
1646 815 2034 894 judicabat.
2067 816 2457 895 Respondit
2479 814 2555 878 P.
2584 816 2873 896 Laynez
2895 818 3137 895 urgeri

674 940 752 986 se
782 941 825 985 a
863 924 1299 986 conscientia
1336 942 1465 986 sua
1512 934 1588 986 ut
1625 923 2060 1002 significaret
2096 922 2173 986 Ρ.
2216 925 2495 1002 Ignatio
2534 941 2674 1004 quo
2714 924 2944 1002 magis
2986 941 3137 986 rem

674 1030 1215 1106 considerasset,
1250 1049 1334 1094 eo
1363 1049 1440 1094 se
1468 1033 1699 1111 magis
1729 1031 1816 1093 ab
1848 1050 1933 1094 ea
1961 1031 2321 1094 functione
2351 1031 2760 1108 abhorrere;
2791 1049 2921 1093 nec
2950 1031 3136 1094 enim

675 1138 806 1200 sibi
837 1139 1211 1201 videbatur
1242 1139 1315 1201 in
1344 1138 1740 1202 obedientia
1771 1139 2162 1219 profecisse
2191 1148 2267 1201 ut
2295 1139 2388 1202 ad
2417 1139 2595 1201 alios
2638 1138 3138 1217 gubernandos

676 1245 969 1308 idoneus
997 1255 1206 1323 esset,
1241 1256 1310 1308 et
1339 1247 1527 1325 quod
1557 1246 1806 1309 attinet
1836 1247 1929 1309 ad
1959 1246 2535 1309 informationem
2562 1246 3023 1325 collegiorum
3052 1263 3136 1308 ac

677 1370 1143 1432 personarum
1174 1371 1249 1415 se
1280 1371 1487 1432 posse
1518 1354 1668 1416 sine
1699 1353 1930 1416 officio
1964 1352 2433 1416 Provincialis
2464 1362 2532 1415 et
2555 1371 2685 1415 suo
2708 1353 3023 1432 periculo
3046 1353 3139 1416 ad

676 1459 752 1523 P.
788 1459 1144 1538 Ignatium
1173 1476 1332 1522 eam
1364 1461 1869 1538 transmittere;
1905 1470 1976 1522 et
2009 1478 2051 1521 a
2075 1460 2387 1539 reliquiis
2411 1471 2805 1539 quartanae
2828 1460 3140 1523 nondum

683 1568 855 1631 liber
884 1568 1266 1645 molestiaS,
1304 1584 1485 1646 quae
1515 1568 2107 1646 gubernationem
2130 1576 2541 1646 sequuntur,
2569 1584 2888 1646 quaeque
2911 1585 3001 1628 ex
3025 1566 3138 1629 de-

679 1674 978 1738 fectibus
1006 1675 1158 1738 sive
1198 1675 1684 1754 corporalibus
1713 1674 1865 1736 sive
1905 1674 2389 1754 spiritualibus
2428 1692 2696 1750 eorum,
2743 1675 2861 1753 qui
2890 1674 3140 1752 guber-

677 1792 880 1860 nant,
925 1800 1136 1863 saepe
1174 1784 1631 1862 proveniunt,
1675 1800 1819 1845 non
1858 1782 2065 1845 facile
2105 1801 2180 1844 se
2223 1782 2374 1844 sine
2414 1781 2793 1844 afflictione
2833 1784 3142 1844 laturum

678 1892 993 1970 putabat.
1026 1888 1100 1952 Si
1133 1891 1367 1969 itaque
1399 1890 1471 1951 in
1502 1889 1793 1952 arbitrio
1824 1890 2071 1968 ipsiuS,
2107 1907 2237 1951 nec
2269 1890 2457 1952 enim
2480 1889 2556 1952 P.
2584 1889 2840 1968 Ignatii
2865 1890 3149 1953 litterae¹

679 1998 1061 2078 quidquam
1111 1996 1672 2077 praecipiebant,
1724 1996 1795 2058 id
1833 1997 2378 2075 relinqueretur,
2432 1997 2732 2076 supplex
2771 1995 3053 2076 petebat
3098 2013 3139 2058 a

677 2104 753 2168 P.
796 2105 1070 2184 Ignatio
1102 2115 1198 2181 ut,
1244 2103 1578 2184 quamdiu
1617 2105 1916 2180 viveret,
1951 2120 2239 2166 servum
2268 2102 2646 2166 Societatis
2687 2103 2837 2165 sine
2869 2104 3131 2182 obliga·

677 2213 870 2275 tione
898 2211 1430 2292 gubernationis
1463 2212 1692 2290 ipsum
1722 2212 2175 2290 relinqueret.
2211 2210 2389 2274 Cum
2423 2222 2659 2273 tamen
2692 2210 2764 2273 P.
2794 2210 3143 2288 IgnatiuS,

677 2320 940 2383 auditis
968 2319 1116 2398 ejus
1146 2318 1560 2396 rationibuS,
1597 2327 1903 2380 mentem
1933 2335 2135 2380 suam
2167 2318 2428 2380 clarius
2457 2319 2878 2397 explicaret,
2920 2317 2993 2378 15
3020 2318 3138 2400 Ju-

677 2428 752 2489 lii
776 2427 1078 2490 officium
1099 2425 1589 2500 Provinciam,
1616 2434 1824 2504 prout
1850 2425 1983 2504 ipsi
2006 2424 2529 2505 injungebatur,
2555 2425 2859 2500 admisit;
2887 2434 2955 2487 et
2978 2426 3139 2504 quia

681 2536 913 2597 nullae
960 2535 1500 2597 constitutiones
1542 2534 1854 2614 scriptae
1896 2532 2175 2596 Patavii
2214 2533 2444 2595 adhuc
2486 2541 2719 2611 erant,
2775 2532 2866 2595 ad
2905 2550 2981 2594 se
3020 2549 3151 2598 eas¹

683 2642 864 2704 mitti
894 2643 1301 2722 postulavit,
1338 2659 1519 2721 quae
1550 2642 1641 2704 ad
1671 2641 2133 2703 domesticam
2157 2640 2634 2720 Collegiorum
2657 2640 3139 2704 oeconomiam

677 2750 1157 2829 pertinebant;
1192 2759 1292 2827 et,
1327 2767 1489 2812 cum
1528 2749 1620 2812 ad
1650 2750 1881 2829 ipsum
1921 2750 2156 2829 capita
2197 2750 2569 2829 quaedam,
2604 2766 2785 2828 quae
2814 2748 3141 2828 perutilia

675 2857 905 2920 eidem
938 2858 1093 2919 visa
1123 2866 1306 2934 sunt,
1340 2857 1807 2935 mitterentur,
1843 2857 1934 2919 ad
1964 2874 2049 2918 ea
2082 2856 2529 2919 observanda
2561 2866 2708 2918 tam
2738 2856 3151 2935 superiores

675 2981 888 3043 quam
919 2964 1238 3027 subditos
1268 2966 1688 3027 allecturum
1719 2982 1795 3026 se
1827 2965 2092 3045 recepit
2128 2961 2168 3027 ¹.

802 3070 934 3133 138.
1023 3070 1345 3150 Angelus
1385 3069 1763 3149 SurianuS,
1808 3071 2063 3133 nobilis
2107 3080 2434 3149 venetus,
2477 3071 2597 3150 qui
2636 3071 2823 3133 votis
2862 3071 3149 3135 emissis

674 3177 1013 3241 Societati
1042 3196 1118 3240 se
1151 3179 1650 3256 obstrinxerat,
1684 3187 1752 3240 et
1782 3177 1986 3239 bonis
2015 3178 2195 3255 suiS,
2240 3196 2420 3257 quae
2451 3177 2542 3239 ad
2579 3187 2880 3257 quatuor
2919 3178 3139 3240 millia

675 3285 1095 3348 ducatorum
1124 3286 1483 3362 valebant,
1517 3302 1872 3364 pauperes
1904 3283 2168 3347 Christi
2207 3285 2279 3347 in
2318 3284 2668 3348 Societate
2713 3294 2956 3347 nostra
2997 3302 3139 3347 non

677 3394 903 3454 solum
934 3392 1275 3472 adjuvare
1307 3392 1791 3454 constituisset
1821 3391 1945 3454 sed
1978 3394 2192 3454 etiam
2223 3391 2375 3454 Deo
2406 3393 2877 3472 promisisset,
2914 3392 3005 3471 is,
3042 3393 3147 3455 in-.

674 3517 911 3579 quam,
948 3500 1018 3562 in
1049 3516 1349 3577 gravem
1387 3499 1733 3561 inciderat
1773 3499 2324 3577 aegritudinem,
2366 3499 2545 3560 adeo
2590 3508 2665 3560 ut
2705 3508 3002 3562 mortem
3042 3500 3141 3562 illi

674 3606 1040 3669 imminere
1065 3606 1319 3668 medici
1338 3607 1683 3668 timerent.
1703 3604 2100 3667 Videbatur
2116 3604 2192 3667 P.
2215 3606 2546 3668 Andreae
2563 3605 2815 3667 Frusio
2835 3606 3139 3669 mediam

673 3724 952 3792 partem
966 3712 1366 3792 hujusmodi
1385 3714 1801 3776 facultatum
1824 3713 2160 3775 fratribus
2176 3714 2395 3790 ipsius
2411 3730 2566 3775 esse
2583 3712 3135 3793 relinquendam,

675 3828 750 3883 ut
781 3822 1038 3884 minori
1067 3839 1230 3883 cum
1259 3821 1574 3901 ipsorum
1605 3820 1931 3883 molestia
1962 3829 2031 3882 et
2060 3837 2190 3882 sua
2222 3819 2361 3882 alia
2399 3821 2629 3883 media
2669 3829 2870 3899 parte
2908 3817 3151 3883 Socie·.

674 3935 787 3989 tas
811 3926 1051 4007 juvari
1080 3937 1354 4008 posset;
1388 3928 1511 3989 sed
1541 3927 1737 3990 Patri
1764 3927 2033 4009 Jacobo
2063 3926 2351 4006 Laynez
2380 3928 2587 3989 aliter
2615 3927 3009 4000 videbatur,
3036 3936 3138 4005 ut,

759 4134 774 4165 ¹
835 4133 1025 4186 Ignatii
1047 4140 1283 4187 patentes
1303 4134 1528 4182 litterae.
1551 4133 1733 4187 quibus
1754 4133 1965 4176 Patrem
1982 4132 2229 4185 jacobum
2247 4131 2453 4188 Laynez
2471 4132 2828 4186 Praepositum
2847 4131 3140 4177 Provincia·

673 4206 774 4249 lem
796 4206 1060 4249 constituit
1083 4206 1306 4249 omnium
1327 4204 1376 4248 in
1398 4205 1550 4249 Italia
1573 4205 1850 4255 societatis
1871 4206 2152 4255 domorum,
2187 4204 2350 4248 Roma
2380 4211 2431 4247 et
2462 4203 2677 4257 Neapoli
2712 4206 2958 4259 exceptis,
2989 4207 3034 4248 11
3058 4206 3138 4258 Ju-

673 4277 762 4321 nil.
785 4277 965 4320 Eidem
985 4277 1252 4330 Polancus‚
1275 4288 1340 4319 ex
1360 4289 1510 4329 com„
1531 4289 1592 4320 ne
1614 4276 1834 4330 amplius
1858 4276 2201 4319 Provincialls
2220 4287 2403 4319 munus
2423 4283 2644 4329 recuset,
2661 4276 2750 4319 sed
2771 4287 2862 4319 nec
2883 4288 2943 4319 eo
2963 4277 3140 4331 sunga-

674 4355 777 4401 tur,
799 4349 895 4392 nisi
917 4360 1032 4392 cum
1053 4349 1163 4402 ejus
1184 4349 1430 4392 valetudo
1451 4357 1502 4391 et
1533 4350 1671 4392 vires
1693 4349 1742 4391 id
1764 4348 1901 4391 ferre
1932 4349 2146 4391 valeant
2161 4380 2171 4400 ,
2203 4347 2385 4390 eadem
2405 4347 2503 4391 die.
2527 4347 2668 4391 Idem
2689 4348 2930 4391 Andreae
2954 4347 3144 4392 Frusio.

675 4420 738 4463 de
760 4420 916 4464 Patre
936 4418 1145 4476 Laynez
1167 4419 1480 4464 Provinciall
1507 4420 1686 4464 ltaliae
1703 4454 1713 4473 ,
1736 4432 1798 4462 ne
1820 4420 1938 4463 dum
1969 4431 2069 4463 non
2103 4420 2230 4462 bene
2253 4419 2396 4461 valet
2412 4452 2422 4471 ,
2445 4431 2561 4462 eum
2596 4419 2801 4471 litteris,
2824 4427 2921 4462 etc.
2938 4453 2948 4473 ,
2971 4421 3136 4474 quoad

676 4491 786 4534 fieri
806 4492 985 4545 possit,
1007 4492 1316 4545 opprimant,
1338 4492 1391 4534 ae
1410 4491 1562 4544 junii:
1584 4492 1764 4534 eadem
1781 4492 1861 4534 die
1879 4491 2023 4535 Patri
2042 4490 2266 4544 Laynez,
2286 4491 2538 4544 quomodo
2554 4491 2894 4534 provincialis
2912 4503 3140 4545 munere,

672 4563 823 4616 juxta
843 4563 1033 4617 Ignatii
1055 4570 1293 4614 mentem,
1317 4563 1415 4607 erit
1437 4564 1482 4607 ei
1504 4563 1830 4617 fungendum,
1852 4562 2165 4617 praesertim
2186 4561 2428 4616 quamdiu
2449 4561 2650 4605 infirma
2665 4596 2675 4614 ,
2697 4570 2751 4606 ut
2771 4574 2901 4605 nunc
2916 4594 2926 4614 ,
2958 4570 3136 4606 utatur

677 4634 999 4678 valetudine:
1034 4636 1308 4689 respondet
1339 4635 1497 4678 etiam
1526 4636 1835 4688 rationibus,
1857 4642 2070 4689 propter
2093 4645 2222 4688 quas
2251 4634 2481 4687 ineptum
2516 4646 2568 4677 se
2604 4634 2669 4677 ad
2700 4634 3039 4677 provincialis
3068 4635 3141 4677 of«

679 4703 849 4748 ficium
865 4706 1130 4760 judicabat
1152 4705 1373 4762 Laynez,
1395 4707 1449 4749 28
1467 4706 1619 4759 Junll.
3008 4715 3013 4719 ·
