3679 5414
1667 463 1794 521 AN.
1841 463 1980 523 1550
2978 467 3042 524 61

713 607 845 669 136.
934 608 1137 670 Initio
1189 609 1470 688 quidem
1510 609 1700 672 domi
1750 628 1922 673 suae
1964 627 2086 673 eos
2130 609 2331 673 Prior
2361 609 2641 675 SSmae.
2687 611 3058 675 Trinitatis

581 713 893 794 excepit,
930 715 1055 777 sed
1084 725 1247 793 post
1266 733 1535 795 paucos
1558 716 1711 779 dics
1735 716 2039 780 mediam
2062 726 2335 797 partem
2360 718 2543 781 illius
2567 719 2846 796 domuS,
2875 736 3055 799 quae

589 821 903 884 Pietatis
960 821 1356 902 dicebatur,
1414 823 1948 887 inhabitandam
1997 825 2217 903 dedit,
2293 842 2473 905 quae
2518 825 2740 906 ipsius
2789 824 3060 889 Prioris

591 929 826 992 domui
858 928 1237 1009 conjuncta
1269 940 1455 1010 erat;
1492 931 1682 994 dedit
1712 940 1781 995 et
1813 934 2153 994 sacellum
2182 932 2413 995 Divae
2445 931 2714 996 Mariae
2745 951 3051 1007 sacrum,

592 1038 777 1117 quod
816 1038 903 1100 de
943 1036 1372 1101 Humilitate
1422 1039 1812 1118 dicebatur,
1862 1038 2064 1118 cujus
2101 1040 2278 1102 situs
2320 1040 2391 1102 in
2432 1040 2696 1103 extimo
2745 1041 3057 1104 civitatis

591 1145 770 1223 loc0,
805 1145 930 1207 sed
959 1163 1102 1207 non
1132 1146 1203 1208 in
1226 1145 1513 1226 celebri,
1550 1146 1823 1224 positus
1842 1147 1933 1209 ad
1963 1147 2304 1210 orientem
2329 1156 2396 1209 et
2419 1148 2784 1210 meridiem
2805 1165 3058 1211 versus

593 1261 698 1314 est
716 1302 730 1331 ,
765 1252 1113 1332 habetque
1138 1262 1422 1332 portum
1442 1254 1637 1316 urbis
1661 1253 2071 1334 adversum,
2098 1253 2282 1317 unde
2322 1271 2534 1333 quam
2567 1255 3060 1333 longissimum

592 1378 682 1422 ex
711 1376 797 1421 ea
828 1359 1002 1422 liber
1032 1360 1105 1421 in
1136 1377 1334 1423 mare
1372 1369 1790 1441 prospectus
1820 1369 2035 1442 patet.
2085 1360 2426 1439 Quamvis
2467 1370 2703 1424 autem
2741 1362 3059 1425 fundato-

593 1466 692 1528 ris
721 1466 1143 1529 charitatem
1176 1467 1505 1529 eximiam
1538 1484 1818 1547 semper
1847 1467 2073 1530 nostri
2103 1477 2265 1530 sunt
2295 1469 2603 1548 experti,
2637 1468 2799 1548 quia
2824 1477 3061 1532 tamen

594 1573 829 1636 multis
861 1572 1193 1653 operibus
1223 1574 1503 1654 pietatis
1534 1590 1809 1654 semper
1841 1574 1970 1636 fuit
2001 1574 2309 1653 deditus,
2355 1593 2484 1637 nec
2515 1575 2792 1655 opimos
2823 1576 3062 1638 admo·

595 1680 761 1743 dum
828 1680 1094 1742 reditus
1156 1680 1492 1760 habebat,
1556 1680 2088 1744 fundamentum
2142 1681 2523 1762 patientiae
2566 1682 2686 1743 illo
2738 1683 2808 1744 in
2863 1682 3064 1745 initio

492 1790 499 1797 ’
585 1785 897 1866 J'aciendi
951 1787 1401 1849 occasionem
1451 1804 1787 1865 magnam
1832 1787 2178 1868 praebuit.
2234 1787 2391 1851 Non
2443 1789 2735 1851 deerant
2784 1789 3069 1869 quidem

597 1911 777 1974 quae
818 1892 908 1955 ad
954 1894 1218 1956 vic-tum
1266 1894 1672 1957 necessaria
1720 1904 1955 1973 erant,
2013 1894 2137 1957 sed
2175 1895 2339 1974 quia
2399 1913 2488 1957 ex
2539 1893 2747 1958 domo
2798 1894 3065 1958 Prioris

600 2010 801 2063 cocta
836 2001 1324 2081 portabantur,
1352 2002 1422 2064 in
1454 2002 1669 2064 certis
1691 2002 1886 2064 horis
1913 2019 2075 2065 cum
2104 2019 2364 2082 magno
2390 2001 2782 2065 studiorum
2805 2004 3062 2065 incom-

602 2107 810 2171 modo
841 2108 1038 2171 cibus
1062 2108 1448 2189 capiendus
1471 2118 1655 2188 erat,
1681 2109 1882 2171 multi
1904 2110 2116 2171 etiam
2139 2110 2444 2188 externi,
2473 2110 2636 2190 quia
2659 2110 2850 2172 nulla
2880 2112 3065 2173 clau-

604 2233 767 2278 sura
799 2214 1031 2278 adhuc
1063 2224 1245 2294 erat,
1281 2233 1442 2279 cum
1471 2234 1593 2278 eos
1631 2216 1940 2278 mitteret
1979 2216 2128 2296 ipse
2166 2215 2391 2296 Prior,
2426 2225 2628 2279 erant
2667 2217 2740 2279 in
2777 2217 3067 2280 domum

609 2321 1053 2400 admittendi,
1087 2322 1338 2402 quibus
1366 2323 1800 2403 excipiendis
1830 2331 2236 2385 nostrorum
2266 2324 2464 2403 quies
2493 2323 3064 2404 perturbabatur;

606 2428 1049 2492 vocabantur
1078 2429 1291 2491 etiam
1320 2429 1538 2510 aliqui
1565 2447 1655 2492 ex
1686 2430 1948 2492 nostris
1976 2430 2068 2492 ad
2096 2430 2332 2509 aliqua
2360 2430 2431 2492 in
2463 2430 2613 2510 ipsa
2639 2428 2846 2493 domo
2870 2430 3064 2494 Prio-

607 2536 706 2598 ris
752 2536 1160 2598 necessaria
1210 2535 1674 2616 praestanda;
1734 2536 2036 2599 vestitus
2081 2536 2266 2598 idern
2315 2535 2462 2599 fere
2506 2535 2633 2600 fuit
2671 2554 2797 2617 per
2840 2546 3067 2607 totam

607 2651 971 2720 aestatem,
1000 2659 1206 2723 quern
1226 2641 1452 2705 Roma
1478 2642 1903 2724 detulerant;
1937 2644 2102 2706 lecti
2123 2660 2253 2724 pro
2279 2643 2593 2707 culcitris
2616 2661 2866 2707 saccos
2889 2655 3060 2707 stra·

607 2751 791 2814 mine
819 2753 1065 2831 plenos
1093 2750 1479 2829 habebant,
1514 2751 1837 2813 cubicula
1869 2751 2023 2831 ipsa
2052 2751 2504 2814 incommoda
2527 2760 2595 2814 et
2623 2762 3063 2833 perstrepen-

607 2858 793 2921 tibus
821 2858 1055 2920 nautis
1083 2867 1152 2920 et
1192 2858 1618 2922 clamoribus
1657 2858 2021 2921 hominum
2063 2859 2401 2936 obnoxia;
2443 2859 2601 2921 libri
2641 2877 2814 2922 vero
2854 2861 3061 2939 pauci

605 2973 826 3028 erant.
864 2963 1041 3028 Cum
1070 2973 1310 3027 autem
1337 2966 1515 3028 haec
1552 2983 1696 3027 non
1725 2983 1814 3027 ex
1837 2964 2206 3027 charitatis
2237 2964 2514 3028 defectu
2536 2967 2915 3045 provenire
2944 2984 3062 3028 no-

608 3072 734 3134 stri
764 3072 1265 3151 intelligerent,
1300 3072 1425 3135 sed
1448 3071 1614 3152 quia
1645 3071 1931 3135 omnino
1964 3072 2264 3151 amplius
2294 3070 2497 3135 Prior
2525 3081 2891 3151 praestare
2921 3091 3066 3135 non

603 3186 917 3260 poterat,
949 3181 1135 3241 laeto
1178 3179 1414 3241 animo
1446 3179 1683 3241 omnia
1723 3177 2078 3258 serebant;
2121 3186 2188 3241 et
2232 3179 2606 3259 paulatim,
2660 3188 2871 3259 prout
2911 3178 3064 3242 fieri

605 3293 910 3367 poterat,
945 3286 1123 3349 haec
1154 3285 1599 3348 incommoda
1632 3285 2148 3348 minuebantur.
2181 3284 2617 3348 Duodecima
2648 3285 2760 3348 die
2798 3284 3068 3366 Aprilis

607 3393 677 3455 in
706 3411 790 3456 eo
821 3391 1135 3472 Collegio
1167 3393 1492 3464 collocati
1522 3400 1714 3470 sunt;
1741 3392 1867 3455 sed
1888 3401 2049 3471 post
2077 3390 2509 3471 aliquamdiu
2533 3409 2782 3455 cocum
2804 3392 3067 3456 habere

604 3501 969 3580 proprium
1008 3509 1421 3579 coeperunt,
1466 3509 1534 3562 et
1574 3517 1688 3562 res
1729 3499 2072 3579 paulatim
2109 3497 2183 3560 in
2221 3499 2540 3561 ordinem
2585 3516 2787 3562 suum
2840 3500 3066 3579 redigi

606 3615 984 3686 potuerunt
1016 3604 1057 3668 ¹.

730 3714 863 3776 137.
954 3712 1159 3792 Quod
1207 3713 1300 3776 ad
1348 3712 1785 3792 spiritualem
1832 3712 2140 3775 fructum
2189 3712 2475 3791 attinet,
2519 3730 2679 3775 cum
2729 3715 3070 3778 sacellum

607 3825 791 3883 esset
820 3818 1369 3898 incommodum,
1406 3818 1601 3898 prius
1632 3819 2048 3882 concinnari
2078 3819 2315 3881 debuit
2344 3837 2556 3900 quam
2598 3821 2964 3883 commode
2995 3821 3068 3884 in

607 3945 690 3990 eo
717 3926 1116 4008 praedicari
1161 3935 1423 4005 posset.
1473 3925 1652 3988 Cum
1689 3924 1902 3988 etiam
1944 3925 2183 3988 italica
2215 3926 2457 4005 lingua
2494 3944 2636 3989 non
2687 3927 3069 3990 admodum

609 4034 935 4115 expedita
974 4032 1051 4095 P.
1104 4032 1437 4096 Nicolaus
1484 4040 1824 4111 uteretur,
1881 4033 1972 4096 ad
2023 4030 2502 4096 confessiones
2552 4032 2939 4096 audiendas
2987 4051 3067 4098 se

610 4141 990 4219 convertit3
1023 4148 1093 4202 et
1121 4139 1287 4220 quia
1318 4139 1515 4202 initio
1545 4139 1681 4202 hae
1713 4138 1909 4218 ipsae
1937 4155 2210 4220 paucae
2239 4149 2474 4219 erant,
2508 4139 2718 4203 Pater
2746 4140 3069 4219 Ignatius

608 4258 866 4312 octavo
896 4264 1173 4328 quoque
1205 4246 1317 4310 die
1347 4246 1514 4327 quid
1544 4247 1615 4308 in
1639 4264 1723 4309 ea
1752 4256 1954 4326 parte
1980 4255 2311 4326 ageretur
2335 4247 2427 4310 ad
2458 4264 2534 4310 se
2573 4247 2787 4310 scribi
2817 4249 3063 4327 voluit,

687 4491 703 4522 ¹
763 4490 1040 4538 Polancus,
1073 4499 1138 4531 cx
1166 4488 1568 4537 commissione,
1591 4485 1782 4529 nostris
1804 4485 2040 4528 Venetiis
2060 4486 2391 4541 degentibus,
2414 4486 2475 4529 de
2498 4498 2671 4529 rerum
2703 4489 3065 4542 temporalium

608 4562 821 4615 penuria
842 4566 894 4604 et
917 4560 1119 4604 aedium
1139 4559 1493 4611 incommodis»,
1517 4565 1573 4602 ut
1591 4593 1601 4611 ,
1623 4559 1742 4602 dum
1762 4558 1942 4602 melius
1962 4558 2024 4600 de
2054 4557 2117 4600 iis
2147 4559 2467 4613 caeterisque
2499 4558 2835 4612 provideatur
2850 4591 2862 4611 ,
2884 4558 3068 4604 existi-

608 4639 745 4677 ment
775 4645 830 4676 se
865 4632 915 4675 in
945 4630 1089 4675 India
1125 4642 1223 4673 non
1257 4628 1493 4673 Venetils
1522 4631 1753 4684 versari;
1789 4627 1915 4673 item
1951 4628 2012 4672 de
2053 4627 2239 4673 Fulvio
2262 4627 2484 4673 Cardulo
2525 4630 2732 4684 ejusque
2774 4631 2980 4684 studiis,
3015 4630 3067 4673 19

609 4705 819 4758 Aprilis.
