3679 5414
625 441 735 498 694
1548 442 1802 502 Canon.
1848 444 2000 503 Soc.
2043 445 2184 518 Jsss.

630 598 818 652 stros
853 587 1253 651 Eborenses
1281 587 1358 651 P.
1398 587 1653 666 Miron,
1689 590 1807 669 qui
1837 591 2239 669 complures
2277 608 2556 654 menses
2601 592 2675 654 in
2718 610 2801 655 eo
2846 592 3095 657 Archi—

628 696 1041 775 episcopatu
1097 695 1354 774 haesit,
1417 696 1880 780 christianam
1936 695 2332 761 doctrinam
2401 698 2755 778 docende,
2824 701 3101 782 praedi·

632 803 863 866 cando
891 804 1155 883 populo
1185 812 1254 865 et
1284 803 1597 867 ostiatim
1627 806 2120 884 eleemosynas
2149 804 2644 870 mendicando,
2962 867 2965 870 ,

747 908 891 971 608.
976 909 1138 973 Duo
1166 910 1306 973 viri
1346 910 1565 989 docti,
1610 912 1790 974 alter
1829 912 1904 974 in
1944 912 2337 992 theologia,
2382 914 2560 976 alter
2589 914 2661 977 in
2694 912 2851 994 jure
2892 933 3096 980 cano·

632 1017 791 1079 nico
810 1065 827 1096 ,
860 1018 951 1080 ad
981 1018 1384 1097 ingressum
1411 1017 1485 1081 in
1513 1016 1944 1082 Societatem
1973 1037 2017 1081 a
2046 1019 2355 1084 Domino
2386 1021 2559 1083 moti
2589 1021 2895 1085 fuerunt.

747 1123 889 1187 609.
974 1123 1153 1188 Cum
1180 1125 1321 1188 alio
1350 1125 1608 1188 missus
1636 1136 1825 1189 esset
1856 1125 1931 1190 P.
1965 1126 2309 1190 Melchior
2340 1127 2679 1209 Carnem,
2714 1129 2996 1208 Rector,
3028 1141 3097 1193 et

630 1232 751 1294 alii
791 1232 1237 1310 sacerdoteS,
1292 1233 1415 1313 qui
1456 1250 1617 1295 eum
1652 1233 2031 1313 juvabant,
2093 1235 2404 1315 oportuit
2453 1244 2529 1299 ut
2579 1237 2894 1316 ipsorum
2944 1239 3098 1300 loco

631 1337 707 1400 P.
738 1338 972 1402 Miron
1000 1357 1161 1402 cum
1190 1340 1386 1402 socio
1426 1339 1909 1404 confessiones
1950 1341 2306 1421 audirent3
2352 1343 2635 1423 plurimi
2674 1344 2860 1407 enim
2899 1362 3099 1425 urge·

633 1447 838 1525 bant,
892 1445 1145 1527 quibus
1191 1447 1327 1510 hoc
1368 1447 1843 1511 ministerium
1892 1448 2231 1530 denegari
2280 1468 2424 1513 non
2472 1459 2788 1530 poterat;
2841 1460 2910 1515 et
2960 1471 3102 1516 non

635 1555 864 1617 solum
894 1553 1166 1617 duobus
1196 1555 1322 1617 sed
1353 1565 1514 1619 octo
1545 1554 2036 1620 sacerdotibus
2065 1557 2242 1619 satis
2283 1558 2554 1637 negotii
2593 1559 3097 1638 exhibuissent,
3160 1637 3167 1644 .

631 1660 754 1738 qui
806 1678 1022 1741 opera
1060 1671 1470 1750 nostrorum
1519 1663 1591 1724 in
1642 1663 1894 1743 spiritu
1945 1661 2272 1742 adjuvari
2319 1667 2798 1745 postulabant.
2852 1665 3101 1730 Studia

631 1767 849 1831 etiam
913 1768 1341 1848 litterarum,
1411 1769 1722 1850 quodam
1789 1771 2080 1850 egregio
2148 1781 2615 1853 praeceptore
2680 1774 3100 1837 adveniente

631 1873 904 1937 ordinis
932 1874 1058 1938 Sti.
1093 1875 1477 1955 Dominici‚
1514 1878 1999 1942 accessionem
2027 1897 2170 1943 non
2201 1880 2537 1958 exiguam
2567 1891 3017 1960 acceperunt.

1174 2169 1302 2233 DE
1346 2171 1810 2235 COLLEGIO
1857 2171 2571 2237 CONJMBRICENSI

748 2396 893 2473 610.
979 2412 1136 2475 Hoc
1166 2430 1354 2475 anno
1393 2413 1787 2493 Collegium
1828 2416 2406 2480 Conimbricense
2438 2435 2738 2497 magnas
2779 2420 3106 2483 mutatio-

633 2538 760 2582 nes
789 2536 1080 2599 passum
1110 2530 1245 2598 est,
1281 2530 1352 2585 et
1391 2522 1781 2585 cribratum
1826 2522 2260 2587 frumentum
2312 2543 2354 2587 a
2394 2527 2617 2605 paleis
2656 2536 2724 2590 et
2765 2545 3018 2591 aurum
3061 2546 3105 2591 a

634 2628 875 2691 scoria
904 2637 1361 2709 segregatum
1389 2638 1530 2706 est,
1564 2631 1890 2710 quamvis
1932 2631 2004 2693 in
2043 2641 2190 2695 tota
2223 2633 2593 2713 provincia
2623 2633 3104 2715 Portugalliae

634 2737 771 2799 hoc
808 2735 954 2799 fere
993 2736 1226 2816 ipsum
1256 2738 1546 2817 accidit,
1588 2739 1715 2801 sed
1756 2739 2202 2818 potissimum
2242 2742 2314 2803 in
2357 2741 2671 2821 Collegio
2715 2741 3102 2805 Conimbri-

636 2843 860 2921 censi‚
895 2845 1135 2923 inquo
1166 2862 1501 2908 numerus
1542 2855 1950 2909 nostrorum
1993 2858 2148 2911 erat
2193 2846 2440 2927 major.
2475 2847 2613 2912 Sed
2649 2850 2848 2929 prius
2879 2849 2965 2912 de
2994 2849 3105 2911 his

634 2959 909 3030 agetur,
957 2970 1139 3031 quae
1182 2952 1274 3015 ad
1314 2953 1803 3032 proximorum
1853 2954 2228 3017 utilitatem
2269 2973 2313 3017 a
2357 2954 2512 3019 Deo
2558 2956 2875 3035 perfecta
2914 2966 3099 3031 sunt,

635 3057 893 3122 deinde
932 3076 1106 3121 vero
1136 3057 1224 3122 de
1254 3058 1667 3122 domesticis
1697 3060 1935 3123 rebuS.

752 3165 895 3229 611.
983 3165 1320 3230 Praeerat
1357 3168 1556 3230 initio
1584 3166 1792 3246 hujus
1836 3169 2005 3231 anni
2035 3170 2521 3249 collegialibus
2563 3168 2638 3234 P.
2666 3171 2919 3233 Miron.
2962 3168 3100 3232 Ad-

634 3273 764 3336 fuit
793 3274 1075 3353 quidem
1105 3275 1513 3354 aliquandiu
1544 3273 1619 3336 P.
1653 3274 1929 3356 Simon,
1978 3278 2103 3341 sed
2130 3295 2173 3339 a
2203 3276 2432 3357 Rege,
2466 3288 2542 3340 ut
2571 3279 2898 3358 superius
2925 3276 3094 3340 dixi-

633 3397 823 3456 muS,
867 3391 1210 3444 evocatus
1247 3391 1375 3445 est.
1417 3383 1620 3445 Multi
1652 3382 1952 3463 juvenes
1994 3403 2084 3447 ex
2126 3385 2605 3448 Universitate
2635 3404 2679 3447 a
2708 3384 2970 3448 nostris
3007 3384 3099 3447 ad

636 3491 931 3553 consilia
961 3489 1224 3554 Christi
1263 3491 1621 3569 sequenda
1660 3491 2127 3554 familiaribus
2171 3492 2538 3573 colloquiis
2580 3492 3091 3555 excitabantur.

635 3598 900 3679 Magna
951 3598 1316 3661 hominum
1360 3598 1732 3661 multitudo
1773 3599 2001 3679 primo
2045 3600 2159 3663 die
2201 3601 2369 3664 anni
2410 3601 2924 3680 indulgentiam
2962 3600 3097 3679 ple·

635 3706 910 3770 nariam
961 3725 1003 3768 a
1059 3706 1136 3769 Ρ.
1169 3705 1480 3793 ‘Simone
1531 3705 1798 3769 Romae
1849 3708 2303 3787 impetratam
2356 3709 2429 3770 in
2488 3707 2803 3786 Collegio
2855 3716 3099 3770 nostro

636 3823 800 3878 sunt
842 3815 1231 3893 consecuti,
1282 3813 1850 3877 confessionibus
1880 3824 1950 3877 et
1979 3814 2592 3878 communionibus
2621 3814 3100 3895 praecedenti·

635 3923 787 3986 bus.
819 3923 1071 3986 Frater
1103 3921 1513 3985 Ludovicus
1543 3921 1629 3983 de
1660 3921 2033 4014 Montoya,
2067 3921 2440 4001 religiosus
2485 3921 2753 3984 ordinis
2782 3922 3097 3984 eremita·

636 4047 794 4092 rum
824 4028 1091 4092 ordinis
1120 4027 1190 4092 S.
1212 4028 1249 4071 τί
1281 4027 1688 4107 Augustini,
1723 4029 1842 4107 qui
1873 4030 1944 4091 in
1972 4045 2195 4108 regno
2225 4028 2704 4108 Portugalliae
2733 4027 2825 4090 ad
2855 4028 2965 4091 sui
2996 4045 3102 4091 or·

639 4136 821 4198 dinis
847 4136 1425 4199 reformationem
1466 4136 1685 4199 multa
1730 4136 2019 4215 egregie
2062 4136 2550 4216 praestiterat,
2601 4153 2760 4199 cum
2804 4135 3102 4199 Romam

636 4244 992 4320 venisset,
1035 4253 1104 4306 et
1135 4260 1295 4306 cum
1327 4243 1401 4306 P.
1449 4243 1724 4323 Ignatio
1755 4241 1844 4306 de
1882 4246 2092 4307 rebus
2130 4243 2615 4324 spiritualibus
2664 4245 3100 4319 contulisset,

641 4369 725 4414 ac
754 4351 1052 4432 proinde
1083 4368 1243 4414 cum
1288 4368 1549 4430 magna
1598 4352 1952 4432 spirituali
1991 4352 2476 4415 consolatione
2516 4353 2605 4415 ab
2644 4370 2727 4414 eo
2776 4352 3103 4415 recessis-

641 4468 768 4536 set,
797 4459 1040 4522 scribit
1064 4459 1290 4521 eidem
1313 4477 1404 4521 ex
1426 4458 1881 4523 Conimbrica
1902 4461 2168 4523 nullam
2190 4478 2265 4522 se
2282 4460 2775 4540 pretiosiorem
2803 4477 2892 4521 ex
2914 4458 3106 4521 Urbe

642 4584 774 4628 nec
812 4567 944 4629 sibi
983 4567 1338 4630 utiliorem
1376 4566 1745 4647 reliquiam
1785 4567 2105 4630 attulisse
2146 4584 2357 4648 quam
2400 4567 2593 4648 quod
2630 4565 2708 4629 P.
2753 4565 3107 4645 Ignatium

644 4672 972 4752 vidisset,
1007 4683 1077 4737 et
1107 4674 1178 4736 in
1209 4683 1484 4752 patrem
1515 4674 1954 4753 spiritualem
1986 4675 2414 4754 accepisset,
2453 4692 2537 4737 ac
2578 4674 2799 4755 ipsius
2827 4672 3113 4736 benedi-
