3679 5414
668 441 780 499 492
1596 439 1849 498 Cimon.
1894 439 2047 499 Soc,
2088 440 2227 513 Jsss.

675 598 750 650 ut
779 588 839 650 si
869 588 1050 649 alius
1078 586 1350 649 fructus
1381 605 1469 649 ex
1500 585 1820 665 Collegio
1851 586 2294 650 Ferrariensi
2330 595 2706 667 perceptus
2747 605 2892 649 non
2922 599 3134 664 esset,

673 696 861 758 hunc
894 713 1038 757 non
1066 694 1567 774 poenitendum
1593 712 1749 757 esse
1780 694 2080 771 diceret,
2113 695 2298 773 quod
2337 693 2676 757 Societati
2713 694 3133 775 Magistrum

672 802 1130 865 Laurentium
1181 802 1628 882 acquisisset,
1684 802 1802 881 qui
1843 819 1985 864 non
2034 800 2265 864 minus
2315 802 2637 881 exemplo
2683 801 2872 864 vitae
2920 819 3129 882 quam

672 919 825 973 arte
868 909 1342 972 aedificationi
1392 909 1542 971 fuit.
1592 908 1908 972 Celebris
1959 917 2113 971 erat
2153 908 2225 970 in
2275 907 2500 971 officio
2553 925 2680 970 suo
2731 908 2789 970 F
2792 910 3129 971 errariae.

674 1016 955 1078 Tertius
987 1016 1200 1105 etiam
1229 1016 1582 1079 admissus
1610 1025 1749 1094 est,
1784 1023 2145 1095 spectatae
2175 1014 2454 1094 indolis,
2491 1016 2608 1095 qui
2641 1016 2731 1078 ad
2761 1025 3133 1096 parentum

674 1123 922 1186 turbas
952 1122 1284 1186 vitandas
1312 1122 1687 1185 Patavium
1726 1131 1831 1185 est
1872 1123 2151 1185 missus,
2195 1121 2340 1185 Alii
2381 1123 2664 1200 plurimi
2708 1122 2780 1186 in
2820 1133 3136 1186 nostram

661 1230 1101 1293 Societatem
1140 1231 1462 1310 cooptari
1506 1230 1921 1310 cupiebant;
1963 1230 2088 1292 sed
2127 1230 2630 1292 admissionem
2675 1229 3134 1293 differendam

673 1355 827 1400 esse
862 1336 1315 1417 judicabatur
1352 1347 1422 1400 et
1452 1335 1750 1417 juvenes
1790 1346 2402 1400 sacramentorum
2443 1336 2835 1418 frequentia
2875 1348 2944 1401 et
2983 1356 3132 1401 ora-

674 1446 863 1508 tione
894 1463 979 1507 ac
1011 1445 1485 1507 conscientiae
1509 1444 2032 1507 examinatione
2060 1444 2134 1506 in
2161 1443 2345 1506 bono
2370 1444 2733 1525 proposito
2764 1443 3129 1507 fovendos

674 1552 836 1614 Duo
858 1554 975 1614 vel
1004 1560 1151 1615 tres
1173 1553 1357 1614 inter
1387 1561 1711 1614 caeteros
1734 1550 2102 1630 conspicui
2127 1552 2310 1614 inter
2334 1550 2463 1613 hos
2493 1551 2875 1613 viciniores
2905 1560 3130 1614 erant.

673 1658 984 1722 Litterae
1006 1659 1246 1723 Indiae
1274 1678 1416 1722 non
1444 1659 1579 1722 hos
1610 1668 1886 1722 tantum
1915 1659 2040 1722 sed
2069 1668 2137 1722 et
2169 1659 2344 1722 alios
2384 1659 2641 1721 multos
2681 1659 3135 1722 vehementer

676 1768 1211 1830 inflammabant
1244 1766 1284 1831 ¹.

800 1874 934 1937 186.
1022 1874 1361 1953 Virgines
1392 1876 1789 1954 complures
1818 1884 2432 1937 sacramentorum
2461 1873 2856 1954 frequentia
2881 1882 2950 1936 et
2982 1873 3137 1935 aliis

676 1982 957 2061 pietatis
1004 1981 1633 2044 exercitationibus
1682 1982 1785 2044 sic
1835 1981 1909 2044 in
1958 1981 2210 2061 spiritu
2259 1980 2711 2061 profecerunt
2759 1989 2835 2042 ut
2883 1979 3135 2058 viginti

661 2084 982 2168 ⁴quinque
1013 2107 1102 2151 ex
1134 2088 1270 2151 illis
1295 2089 1449 2151 Deo
1480 2105 1557 2150 se
1582 2097 1768 2151 totas
1799 2105 1961 2150 cum
1990 2097 2159 2151 voto
2193 2087 2652 2168 paupertatiS,
2687 2087 3038 2150 castitatis
3068 2095 3134 2149 et

662 2196 1115 2259 obedientiae
1164 2196 1771 2273 consecraverint,
1808 2205 1877 2258 et
1927 2195 2191 2275 optimo
2232 2194 2339 2257 sui
2382 2195 2597 2258 odore
2639 2203 2863 2257 totam
2893 2193 3133 2257 civita·

679 2314 821 2366 tem
851 2305 1323 2383 repleverunt.

804 2409 938 2473 187.
1026 2409 1140 2473 Ad
1170 2410 1347 2472 haec
1378 2408 1844 2473 Sacramenta
1875 2410 2341 2473 confessionis
2372 2419 2440 2473 et
2482 2409 2997 2473 communionis
3026 2426 3136 2471 ar-

663 2518 806 2580 ·dor
839 2519 1240 2595 multorum,
1285 2517 1409 2579 sed
1447 2518 1827 2597 praecipue
1858 2517 2182 2580 foeminei
2214 2534 2448 2595 sexuS,
2477 2517 2893 2595 augebatur,
2926 2525 3003 2578 ut
3031 2514 3139 2577 bis

674 2634 921 2703 terque
953 2626 1025 2687 in
1051 2624 1496 2688 hebdomada
1519 2625 1610 2687 ad
1634 2642 1718 2687 ea
1740 2624 2079 2688 accedere
2103 2633 2552 2705 exoptarent3
2587 2641 2884 2704 quarum
2908 2624 2978 2686 in
3002 2622 3133 2703 spi·
3197 2646 3203 2651 ·

674 2733 817 2794 ritu
847 2731 1207 2812 profectus
1239 2751 1446 2795 rarus
1477 2733 1858 2796 admodum
1887 2742 2060 2795 erat.
2106 2733 2378 2795 Horum
2408 2733 2643 2810 etiam,
2679 2733 2795 2813 qui
2824 2749 2969 2795 non
2991 2740 3138 2793 tam

664 2840 928 2902 crebro
960 2839 1495 2919 confitebantur,
1530 2857 1659 2919 pro
1682 2856 1976 2903 numero
2001 2839 2599 2903 confessariorum
2630 2840 2805 2902 satis
2832 2855 3139 2919 magnus

674 2958 832 3010 erat
862 2964 1195 3010 numerus
1225 2957 1292 3010 et
1323 2948 1394 3009 in
1418 2947 1567 3011 dies
1598 2947 2031 3027 augebatur;
2073 2957 2142 3010 et
2183 2949 2255 3010 in
2294 2947 2404 3011 die
2440 2947 2700 3010 natalis
2739 2945 3026 3009 Domini
3067 2945 3138 3007 in

668 3055 936 3135 templo
968 3055 1205 3117 domui
1226 3064 1520 3136 ,nostrae
1550 3055 1813 3132 vicin0,
1848 3055 2035 3134 quod
2066 3063 2312 3135 postea
2341 3052 2676 3117 Societati
2706 3053 3138 3134 applicatum

675 3171 804 3236 est,
848 3161 1347 3242 quadringenti
1386 3170 1453 3224 et
1493 3161 2003 3242 quinquaginta
2048 3178 2309 3240 magna
2349 3178 2510 3223 cum
2538 3161 2797 3241 pietate
2840 3159 3138 3240 Corpori

675 3268 961 3332 Domini
992 3269 1626 3348 communicarunt;
1660 3267 1850 3348 quod
1877 3269 2199 3331 miraculi
2229 3270 2388 3330 loco
2419 3269 2491 3330 in
2519 3286 2603 3330 ea
2635 3268 2924 3330 civitate
2956 3266 3136 3329 acci-

676 3377 1024 3456 piebatur;
1077 3376 1489 3439 inusitatum
1529 3377 1713 3438 enim
1763 3374 2164 3456 hujusmodi
2205 3376 2687 3454 spectaculum
2727 3374 2821 3437 ibi
2861 3383 3036 3451 erat;
3070 3383 3138 3436 et

667 3483 929 3547 horum
959 3484 1281 3563 exemplo
1314 3483 1433 3546 alii
1463 3481 1756 3545 subinde
1788 3483 1880 3546 ad
1909 3482 2096 3546 idem
2117 3483 2311 3562 pium
2343 3499 2517 3562 opus
2547 3481 3054 3544 invitabantur.

803 3589 937 3653 188.
1026 3590 1227 3652 Miles
1251 3590 1536 3669 quidam
1566 3588 1790 3652 Ducis
1820 3590 2231 3666 Ferrariae,
2275 3589 2391 3668 qui
2424 3588 2646 3650 vitam
2686 3588 2756 3650 in
2793 3588 2993 3650 bellis
3021 3603 3131 3665 ge·

676 3698 916 3760 rendis
947 3698 1403 3774 contriverat,
1439 3697 1779 3760 concione
1819 3706 1925 3759 ter
1965 3705 2087 3759 aut
2125 3704 2372 3776 quater
2403 3696 2677 3772 audita,
2714 3694 2786 3757 P.
2836 3693 3134 3756 Pascha-

670 3805 860 3867 ·sium
891 3806 1239 3867 allocutus
1278 3813 1416 3881 est,
1460 3805 1581 3884 qui
1616 3804 1976 3866 hominem
2009 3804 2206 3866 verbi
2235 3801 2371 3866 Dei
2401 3802 2663 3881 sagitta
2693 3802 2961 3881 potenti
2991 3802 3136 3864 vul·

676 3921 1004 3974 neratum
1034 3912 1124 3974 ad
1155 3911 1677 3974 confessionem
1715 3919 1820 3973 est
1852 3910 2298 3989 adhortatus;
2333 3927 2547 3990 quam
2576 3926 2736 3971 cum
2767 3908 2879 3971 ille
2908 3908 3022 3988 pie
3052 3926 3139 3970 ac

670 4018 1052 4097 diligenter
1080 4018 1384 4097 fecisset,
1420 4038 1461 4082 a
1490 4019 1739 4082 militia
1768 4017 1993 4081 Ducis
2022 4018 2094 4080 in
2117 4015 2378 4081 Christi
2408 4016 2729 4079 militiam
2758 4016 3134 4090 transienS,

669 4126 769 4188 ad
800 4124 1251 4190 Carthusiam
1293 4144 1368 4189 se
1407 4126 1719 4190 contulit.
1753 4124 2139 4188 Fatebatur
2181 4124 2478 4203 Collegii
2519 4123 2777 4186 Rector
2818 4125 3034 4186 talem
3062 4140 3138 4186 se
3184 4151 3194 4161 ·

680 4233 974 4296 militem
1004 4250 1386 4314 numquam
1420 4233 1870 4312 cognovisse.
2915 4233 2920 4238 '

806 4339 939 4403 189.
1028 4339 1277 4402 Incidit
1320 4340 1391 4401 in
1433 4356 1684 4402 manus
1726 4337 2042 4418 ejusdem
2090 4335 2167 4399 P.
2220 4336 2588 4401 Paschasii
2633 4336 2880 4399 mulier
2934 4354 3138 4417 quae-

761 4543 779 4575 ¹
840 4543 1092 4588 Polaticus
1108 4575 1118 4594 ‚
1136 4555 1201 4588 ex
1222 4556 1380 4595 com„
1400 4544 1545 4588 Patri
1567 4543 1848 4589 Paschasio
1871 4543 2052 4596 Broet,
2086 4549 2142 4587 ut
2171 4543 2448 4595 neminem,
2473 4552 2659 4597 pueros
2684 4543 2992 4596 praesertim
3007 4576 3017 4595 ,
3040 4540 3138 4585 Ro·

676 4625 818 4657 mam
838 4616 887 4658 in
910 4615 1224 4659 Societatem
1245 4616 1589 4660 admittendos
1608 4616 1800 4667 mittat,
1822 4615 1942 4671 quin
1968 4615 2110 4670 prius
2130 4614 2390 4669 Ignatium
2411 4619 2633 4666 moneat,
2658 4614 2708 4655 17
2729 4612 2951 4668 Aprilis-3
2975 4613 3140 4657 eidem

673 4685 742 4728 de
762 4686 1095 4731 admittendis
1118 4694 1170 4731 et
1186 4688 1479 4742 rejiciendis
1494 4721 1504 4739 .
1530 4688 1580 4731 18
1599 4687 1750 4740 Junii.
