3679 5414
2677 252 2688 259 ,

2525 294 2660 373 fs

2431 424 2472 437 ,σι’

747 450 858 510 526
1675 412 1928 514 Canon.
1973 453 2306 528 Socz-ffin.

748 598 1119 679 Neapolim
1147 600 1349 663 brevi
1377 610 1566 663 esset
1596 610 1970 680 venturuS,
2004 600 2090 664 de
2128 601 2204 665 P.
2248 600 2614 665 Bobadilla
2652 600 3028 666 Salernum
3065 604 3220 666 mit«

746 706 960 769 tendo
992 716 1249 786 rogatu
1270 708 1811 788 Archiepiscopi
1835 710 2200 788 agebatur.
2228 707 2367 772 Sed
2392 726 2552 772 cum
2581 727 2724 773 non
2752 720 3047 774 vacaret
3069 712 3224 775 suis

746 814 1213 878 incommodis
1262 816 1440 879 haec
1480 815 1755 895 missi0,
1799 825 1871 879 et
1912 816 2005 879 ad
2049 833 2206 879 eam
2244 816 2395 896 ipse
2435 814 2511 879 P.
2556 816 2923 880 Bobadilla
2961 835 3215 898 parum

744 930 933 984 esset
961 940 1387 1002 propensuS,
1423 941 1509 986 ac
1551 932 1924 1003 praeterea
1963 921 2130 986 Dux
2167 923 2430 986 Montis
2474 923 2734 986 Leonis
2775 923 2923 986 suis
2964 924 3216 988 litteris

739 1031 1170 1108 postulasset
1200 1039 1274 1093 ut
1304 1030 1440 1093 sibi
1480 1031 1541 1093 is
1579 1030 1792 1094 Pater
1830 1032 2088 1094 saltem
2127 1031 2217 1093 ad
2258 1031 2437 1094 duos
2475 1048 2757 1094 menses
2797 1031 3212 1096 concedere·

740 1146 878 1217 tur,
913 1145 987 1199 ut
1017 1155 1188 1200 suae
1217 1137 1506 1201 ditionis
1548 1138 1754 1201 varia
1794 1139 1953 1201 loca
1996 1138 2333 1201 inviseret
2374 1137 2584 1200 simul
2625 1155 2787 1200 cum
2824 1155 2955 1201 suo
2996 1138 3212 1202 Audi-

739 1253 923 1320 tore,
958 1255 1027 1308 et
1055 1244 1116 1308 si
1144 1245 1311 1325 quid
1337 1248 1454 1309 vel
1488 1247 1577 1309 ab
1608 1246 1764 1325 ipso
1794 1246 1913 1309 vel
1943 1264 1985 1308 a
2017 1245 2164 1307 suis
2207 1244 2779 1308 antecessoribus
2816 1246 3072 1326 aliquis
3111 1246 3212 1309 in-

728 1350 961 1431 Juriae
990 1370 1067 1415 se
1099 1354 1464 1433 accepisse
1488 1362 1925 1434 quereretur,
1953 1363 2031 1416 ut
2048 1352 2250 1432 juxta
2275 1352 2626 1415 rationem
2652 1352 2717 1414 ei
2740 1352 3071 1416 satisfieri
3094 1371 3211 1416 cu-

733 1468 951 1539 raret,
988 1468 1057 1523 et
1087 1461 1189 1524 sic
1219 1461 1503 1524 demum
1534 1461 2042 1525 conscientiam
2072 1459 2296 1524 Ducis
2325 1468 2782 1539 exoneraret,
2828 1461 3095 1541 placuit
3135 1461 3208 1525 id

735 1564 811 1628 Ρ.
847 1565 1153 1648 Ignatio‚
1189 1577 1257 1631 et
1287 1570 1386 1632 ita
1417 1570 1511 1633 ad
1540 1587 1624 1632 ea
1653 1570 1813 1632 loca
1842 1568 2204 1649 profectus
2233 1585 2376 1631 non
2400 1567 2470 1631 id
2499 1576 2796 1647 tantum,
2831 1568 3018 1648 quod
3038 1567 3208 1634 Dux

735 1673 1126 1750 scribebat,
1163 1676 1473 1755 curavit,
1508 1675 1633 1739 sed
1664 1675 2124 1739 concionibus
2155 1675 2369 1737 etiam
2399 1692 2484 1737 ac
2513 1675 2801 1755 pietatis
2833 1675 3203 1739 functioni-

732 1781 864 1843 bus
894 1782 1049 1844 loca
1080 1782 1199 1845 illa
1228 1783 1301 1846 in
1329 1783 1580 1864 spiritu
1609 1800 2032 1863 promovere
2062 1780 2349 1845 studuit.
2378 1781 2860 1862 Expetebatur
2889 1770 3205 1862 ejus'dem

732 1887 964 1951 Patris
993 1891 1396 1970 praesentia
1425 1891 1500 1953 in
1530 1890 1818 1953 civitate
1861 1889 2208 1978 Ragusia,
2257 1907 2437 1968 quae
2479 1889 2551 1951 in
2589 1888 2874 1968 Illyrico
2919 1890 3055 1952 sita
3095 1898 3202 1953 est

731 2003 801 2057 et
845 2003 1210 2060 turcarum
1247 1998 1493 2061 ditioni
1544 1996 1868 2077 confiniS,
1924 1997 2049 2059 sed
2100 2014 2184 2059 ea
2234 1996 2476 2059 missio
2529 1996 2940 2076 aliquandiu
2983 1996 3198 2060 dilata

730 2101 881 2165 fuit.
916 2103 1207 2168 Miserat
1239 2116 1476 2169 autem
1506 2105 2099 2185 subscriptionem
2128 2122 2298 2167 suae
2328 2121 2580 2167 manus
2611 2121 2772 2166 cum
2804 2104 3035 2183 sigillo
3078 2105 3202 2168 im-

725 2228 977 2290 presso
1009 2223 1085 2276 ut
1117 2213 1188 2275 in
1219 2213 1379 2276 alba
1408 2230 1684 2293 papyro
1721 2210 2103 2275 conficeret
2132 2211 2208 2274 P.
2251 2210 2620 2274 Bobadilla
2660 2220 2984 2290 patentes
3022 2212 3200 2275 litte-

724 2334 868 2396 ras,
902 2328 1112 2398 prout
1141 2318 1278 2400 ipsi
1310 2320 1381 2383 in
1409 2318 1717 2382 Domino
1748 2318 2144 2397 videretur3
2178 2336 2359 2398 quae
2401 2334 2518 2380 res
2549 2335 2711 2380 cum
2742 2318 2833 2380 ad
2860 2335 3200 2397 magnam

725 2424 1225 2489 confidentiam
1266 2427 1621 2507 pertinere
1660 2425 1737 2489 Ρ.
1782 2425 2151 2489 Bobadilla
2188 2420 2797 2504 interpretaretur,
2845 2426 3203 2491 maximas

724 2531 859 2611 ipsi
888 2534 1161 2610 gratias
1191 2533 1278 2596 de
1308 2551 1393 2597 eo
1419 2533 1669 2598 favore
1699 2552 1826 2615 per
1856 2534 2135 2597 litteras
2165 2533 2311 2612 egit
2347 2531 2388 2591 ¹.

840 2638 980 2703 272.
1068 2640 1286 2723 Juxta
1329 2639 1636 2704 medium
1676 2640 2062 2705 Octobrem
2101 2639 2176 2702 P.
2221 2638 2592 2703 Salmeron
2630 2638 3000 2721 Neapolim
3040 2657 3195 2721 per-

721 2748 939 2827 venit,
974 2748 1087 2811 cui
1116 2748 1483 2812 Bobadilla
1514 2766 1718 2812 suum
1748 2749 2075 2827 officium,
2104 2756 2486 2829 antequam
2507 2764 2763 2810 versus
2787 2746 3193 2811 Calabriam

719 2853 1115 2934 recederet,
1149 2856 1577 2937 resignavit3
1611 2865 1707 2935 et,
1739 2856 1860 2919 illo
1891 2856 2294 2934 recedente,
2342 2855 2581 2934 aliqua
2620 2855 2712 2918 ad
2742 2854 3192 2935 disciplinam

720 2960 1191 3026 domesticam
1216 2964 1646 3044 pertinentia
1676 2970 1745 3026 et
1775 2951 1868 3025 ad
1899 2961 2307 3026 scholarum
2335 2961 2700 3025 meliorem
2731 2961 3196 3032 directionem

722 3069 1118 3149 constituit,
1161 3079 1231 3132 et
1267 3073 1680 3150 regularum
1729 3070 2262 3134 observantiam
2311 3069 2503 3132 domi
2552 3076 2620 3132 et
2659 3068 2838 3132 soris
2887 3069 3186 3149 induxit,

721 3192 885 3240 cum
924 3177 1235 3258 libertaS,
1277 3196 1460 3258 quae
1498 3179 1695 3259 prius
1737 3178 1996 3241 ibidem
2031 3178 2295 3254 fuerat,
2331 3185 2478 3240 tam
2523 3176 2720 3239 domi
2762 3195 2973 3256 quam
3013 3176 3191 3239 soris

719 3282 1059 3346 damnum
1088 3285 1407 3348 attulisse
1435 3284 1877 3365 deprehensa
1907 3285 2029 3364 sit;
2086 3293 2157 3347 et
2185 3284 2351 3364 quia
2392 3284 2530 3346 duo
2566 3285 2680 3346 vel
2721 3292 2868 3347 tres
2909 3285 3188 3347 externi

717 3389 1129 3454 scholastici
1157 3392 1355 3455 noxii
1384 3402 1619 3472 erant,
1664 3401 1993 3456 curatum
2033 3402 2140 3455 est
2179 3401 2256 3455 ut
2301 3390 2585 3454 omnino
2619 3409 2660 3452 a
2701 3390 2966 3454 scholis
2994 3408 3184 3455 rece-

716 3497 985 3561 derent.
1018 3498 1264 3579 Itaque
1296 3509 1365 3562 et
1395 3499 1586 3562 domi
1612 3510 1683 3562 et
1713 3499 1786 3562 in
1816 3498 2081 3561 scholis
2109 3498 2406 3562 mutatio
2437 3496 2615 3560 haec
2657 3497 2749 3560 ad
2786 3498 3187 3578 profectum

716 3604 951 3668 cessit.
985 3604 1061 3669 P.
1095 3605 1432 3670 Andreae
1461 3606 1548 3670 de
1579 3605 1875 3686 Ovied0,
1918 3605 2234 3685 Rectori,
2279 3616 2356 3669 ut
2400 3623 2607 3669 suum
2648 3606 2955 3670 officium
2984 3622 3181 3668 exse·

715 3720 1047 3791 queretur
1078 3714 1285 3792 pleno
1309 3711 1471 3792 jure·
1493 3712 1827 3794 injunxit,
1863 3722 1934 3776 et
1964 3730 2127 3776 cum
2154 3712 2378 3776 Roma
2412 3714 2760 3777 attulisset
2789 3714 3075 3792 regulas
3105 3712 3183 3775 in

796 4060 815 4093 ¹
874 4061 1107 4114 Ignatius
1128 4060 1259 4105 Duci
1279 4060 1629 4105 Montinleonis
1644 4094 1654 4114 ,
1674 4063 1827 4116 plura
1849 4061 1909 4106 de
1929 4059 2228 4105 Salmerone
2249 4061 2386 4105 ituro
2406 4060 2674 4116 Neapolim
2693 4062 2927 4116 proximo
2950 4059 3182 4115 Septem-

715 4131 813 4186 bri,
837 4132 886 4176 11
907 4132 1067 4185 ‚tanin
1086 4132 1355 4186 Polancus,
1379 4143 1445 4176 ex
1464 4144 1613 4186 com„
1632 4133 1846 4177 Nicolao
1865 4131 2136 4177 Bobadilla
2151 4165 2162 4186 ,
2183 4138 2240 4176 ut
2256 4133 2406 4189 juxta
2436 4133 2825 4187 promissionem
2849 4130 3181 4176 salernitano

716 4201 1124 4258 Archiepiscopo
1168 4204 1363 4250 factam
1401 4204 1511 4259 ejus
1553 4204 2072 4259 Archiepiscopatum
2110 4204 2329 4248 visitare
2368 4204 2727 4258 aggrediatur,
2759 4215 2874 4247 cum
2909 4203 3180 4258 Neapolim

714 4274 920 4319 demum
941 4275 1208 4320 Saimeron
1228 4276 1489 4330 adveniet,
1509 4275 1563 4319 20
1583 4276 1830 4330 Augusti;
1855 4275 2090 4329 Ignatius
2109 4275 2337 4320 'rhomae
2367 4274 2572 4329 Gomez,
2610 4275 2672 4319 de
2703 4276 3015 4320 removendo
3048 4275 3182 4319 Nea·

715 4346 819 4400 poli
847 4346 1119 4391 Bobadilla
1153 4353 1206 4391 et
1240 4348 1301 4391 de
1334 4348 1540 4392 Abbate
1564 4346 1835 4397 Feltrensi.
1866 4347 1896 4390 3
1930 4346 2275 4402 Septembris;
2298 4347 2532 4401 Ignatius
2563 4347 2796 4401 Pro-regi
2818 4346 3177 4401 Neapolitano,

713 4414 864 4472 Lupo
882 4417 1155 4463 Mardonee
1185 4425 1238 4463 et
1271 4418 1404 4462 Duci
1437 4418 1803 4471 Montisleonis,
1825 4419 1886 4462 de
1908 4419 2174 4474 Alphonso
2202 4418 2503 4463 Salmerone
2519 4452 2530 4473 ,
2551 4419 2580 4461 8
2609 4417 2873 4471 Octobris;
2896 4418 3076 4462 eadem
3094 4417 3177 4461 die

714 4488 985 4544 PolancuS,
1014 4490 1160 4535 Patri
1179 4491 1468 4544 Bobadilla,
1490 4490 1551 4533 de
1571 4490 1978 4545 Arcbiepiscopo
2000 4490 2325 4535 salernitano
2340 4523 2352 4545 ,
2369 4497 2421 4536 et
2440 4497 2498 4535 ut
2514 4502 2568 4533 se
2591 4489 2921 4534 Consentiam
2940 4495 3031 4533 aut
3051 4488 3178 4533 Bisi-

712 4572 940 4616 gnanum
959 4563 1221 4616 conseram
1243 4562 1409 4606 eidem
1423 4595 1435 4615 ,
1457 4562 1519 4606 de
1538 4561 1602 4606 iis
1630 4573 1761 4616 quae
1782 4563 1835 4607 in
1854 4562 2175 4607 subditorum
2194 4574 2402 4620 suorum
2431 4564 2618 4607 bonum
2645 4563 2879 4617 postulat
2898 4560 3017 4604 Dux
3036 4559 3175 4604 Mon·

714 4633 962 4689 tisleonis,
986 4635 1038 4679 15
1057 4634 1310 4679 Octobris.
1330 4633 1531 4678 Eadem
1550 4634 1632 4678 die
1651 4633 1886 4687 Ignatius
1905 4633 2035 4702 Duci
2056 4633 2407 4680 Montisleonis
2421 4668 2432 4690 ,
2455 4635 2502 4678 ei
2522 4634 2828 4690 permittens
2851 4631 3061 4676 Patrem
3080 4631 3177 4675 Bo-

712 4704 923 4749 badula.
