3679 5414
665 446 734 504 10
1583 441 1843 502 Cimon.
1884 441 2042 501 Soc.
2082 440 2224 514 Jas.

788 590 880 653 15.
969 589 1131 670 Jam
1160 589 1433 668 pridem
1466 596 1535 651 et
1564 586 1776 651 Pater
1806 588 1959 668 ipse
1989 586 2308 666 Ignatius
2336 595 2405 649 et
2434 586 2552 648 alii
2589 603 2680 648 ex
2719 586 2965 665 primis
3005 585 3131 649 Pa-

662 698 886 761 tribus
917 704 1344 777 optaverant
1374 695 1446 757 in
1475 695 1615 757 hoc
1647 710 1833 757 anno
1861 693 2149 774 Jubilaei
2177 693 2449 756 Romae
2478 692 2893 772 convenire,
2926 702 3003 755 ut
3045 694 3134 756 de

666 805 874 868 rebus
904 802 1324 884 quibusdam
1353 799 1645 881 majoris
1676 801 2013 864 momenti
2043 800 2134 863 ad
2163 799 2588 864 Societatem
2623 799 3131 879 pertinentibus

660 919 1019 991 ageretur;
1055 926 1216 972 cum
1247 917 1485 972 autem
1504 907 1589 971 P.
1625 907 1908 987 Simon,
1932 908 2062 988 -qui
2099 908 2236 970 hoc
2279 907 2509 987 ipsum
2546 907 2956 985 expetebat,
2990 924 3132 969 non

662 1017 870 1081 facile
921 1035 965 1079 a
1013 1016 1230 1094 Regis
1272 1014 1759 1094 Portugalliae
1800 1014 1999 1078 curia
2040 1013 2252 1077 avelli
2289 1021 2565 1094 posset,
2606 1013 2888 1093 scripsit
2922 1011 3136 1075 Pater

664 1124 981 1203 Ignatius
1011 1123 1193 1204 Regi
1231 1123 1750 1203 Portugalliae,
1794 1124 1884 1186 ab
1924 1121 2311 1201 eodemque
2350 1120 2556 1183 enixe
2598 1121 3012 1200 postulavit,
3057 1129 3134 1183 ut

666 1230 862 1295 Patri
890 1230 1161 1294 Simoni
1205 1248 1365 1293 cum
1406 1231 1595 1293 bona
1636 1230 1858 1311 ipsius
1895 1229 2132 1308 gratia
2167 1229 2412 1291 liceret
2448 1228 2749 1291 Romam
2788 1245 2949 1290 cum
2978 1227 3137 1290 aliis

667 1337 993 1401 Patribus
1016 1337 1589 1417 hispaniensibus
1614 1337 1880 1399 venire.
1910 1335 2265 1416 Scriptum
2289 1343 2396 1398 est
2414 1335 2628 1397 etiam
2652 1333 2844 1397 Patri
2866 1333 3133 1398 Simoni

667 1454 741 1508 ut
772 1444 957 1507 idem
987 1444 1364 1522 diligenter
1396 1453 1706 1522 curaret,
1734 1461 1896 1506 cum
1928 1443 2148 1524 ipsius
2168 1442 2572 1523 praesentia
2600 1441 3005 1504 necessaria
3028 1459 3138 1503 sa·

665 1552 757 1614 tis
785 1552 1147 1615 videretur
1173 1559 1272 1630 ut,
1303 1551 1545 1613 habita
1576 1550 1948 1613 sufficienti
1985 1549 2482 1612 informatione
2511 1565 2748 1612 rerum
2778 1549 2870 1611 ad
2892 1564 3139 1611 omnes

669 1657 1043 1721 Societatis
1074 1666 1315 1737 partes
1347 1657 1871 1738 pertinentium,
1907 1658 1979 1720 in
2007 1655 2317 1719 medium
2348 1655 2620 1718 consuli
2641 1664 2880 1735 posset
2908 1654 2995 1717 de
3023 1654 3136 1731 iis,

670 1783 851 1845 quae
881 1765 1262 1827 universae
1291 1763 1630 1828 Societati
1662 1765 2151 1841 convenirent;
2183 1761 2371 1843 quod
2401 1763 2462 1824 si
2490 1760 2668 1840 Regi
2698 1779 2840 1824 non
2867 1762 3134 1824 videre-

668 1880 781 1935 tur
811 1890 899 1934 ne
931 1872 1021 1935 ad
1051 1872 1268 1935 breve
1295 1880 1573 1953 tempus
1604 1872 1742 1934 hoc
1770 1870 2344 1952 permittendum,
2375 1877 2452 1931 ut
2488 1878 2653 1931 tunc
2697 1869 2971 1949 aliquos
3008 1886 3138 1931 suo

670 1981 826 2041 loco
850 1978 1094 2043 Simon
1117 1979 1445 2058 mitteret,
1476 1979 1731 2060 quibus
1754 1996 1876 2047 res
1895 1978 2078 2041 illius
2099 1976 2513 2058 provinciae
2526 1977 2704 2038 bene
2722 1985 3139 2056 perspectae

670 2094 929 2166 essent,
965 2104 1050 2148 ac
1079 2086 1501 2149 nominatim
1529 2085 1605 2149 P.
1640 2086 2082 2149 Ludovicum
2112 2084 2472 2148 Gonzalez
2510 2099 2670 2145 cum
2709 2082 2784 2145 P.
2827 2082 3142 2161 Georgio

675 2192 958 2256 Morera
991 2191 1032 2256 ¹.

798 2300 892 2365 16.
980 2300 1347 2363 Venerunt
1399 2298 1701 2362 Romam
1750 2300 1887 2362 hoc
1938 2317 2125 2363 anno
2176 2317 2264 2363 ex
2315 2299 2663 2380 Hispania
2710 2297 3139 2361 Franciscus

674 2407 961 2487 Borgia,
994 2408 1114 2488 qui
1144 2405 1374 2469 adhuc
1407 2405 1729 2470 Gandiae
1759 2406 1924 2469 Dux
1948 2407 2363 2486 habebatur,
2398 2423 2484 2468 ac
2515 2405 2763 2468 Patres
2786 2403 3143 2466 Antonius

675 2514 762 2577 de
812 2513 1091 2592 Araoz,
1144 2513 1571 2577 Franciscus
1620 2513 1919 2594 Strada,
1971 2513 2281 2596 Jacobus
2332 2513 2565 2577 Miron
2596 2562 2610 2591 ,
2671 2511 2999 2574 Andreas
3052 2511 3141 2572 de

678 2620 975 2700 Ovied0,
1010 2620 1260 2700 quibus
1290 2621 1504 2683 etiam
1550 2619 1926 2699 adjunctus
1962 2630 2068 2684 est
2105 2620 2182 2684 P.
2223 2620 2281 2683 F
2285 2619 2651 2682 ranciscus
2690 2618 2776 2681 de
2815 2616 3031 2697 Rojas
3073 2625 3140 2678 et

678 2727 1022 2807 Magister
1049 2727 1464 2791 Emmanuel
1489 2728 1576 2791 de
1601 2727 1717 2808 Sa,
1743 2729 2056 2791 nondum
2079 2726 2416 2790 sacerdos
2438 2726 2481 2789 ².
2511 2726 2690 2790 Cum
2713 2725 2900 2788 enim
2921 2724 3138 2787 Fran·

680 2835 913 2897 ciscus
943 2834 1205 2913 Borgia
1235 2851 1350 2897 res
1372 2834 1807 2898 domesticas·
1821 2834 2358 2915 composuisset,
2384 2851 2527 2896 non
2549 2834 2777 2895 solum
2799 2830 2979 2894 filias
3001 2833 3141 2893 col·

762 3113 779 3145 ¹
838 3111 1028 3166 Ignatii
1062 3111 1270 3155 litteras
1304 3111 1370 3154 ad
1399 3111 1595 3165 Regem
1627 3111 1983 3165 Portugalliae
2018 3111 2178 3154 habes
2210 3108 2263 3153 in
2298 3108 2488 3153 Cartas
2518 3110 2584 3152 de
2619 3108 2730 3152 San
2766 3108 3002 3162 Ignacio,
3032 3115 3068 3152 t.
3091 3118 3144 3159 ιι,

680 3185 799 3237 pag.
820 3182 916 3238 241,
938 3193 1065 3237 quas
1086 3193 1199 3226 cum
1221 3183 1486 3234 edidimus,
1510 3194 1608 3236 quo
1631 3182 1728 3233 die,
1746 3193 1919 3225 mense
1942 3187 1994 3225 et
2016 3193 2149 3225 anno
2171 3181 2325 3225 datae
2347 3180 2536 3224 fuerint
2559 3182 2924 3234 ignorabamus
2941 3185 2992 3223 et
3010 3180 3145 3233 igno·
3183 3212 3189 3218 .

680 3266 856 3299 ramus
886 3254 1072 3299 adhuc.
1090 3253 1306 3298 Cuidam
1336 3260 1510 3298 tamen
1542 3264 1720 3297 earum
1738 3254 2040 3297 litterarum
2069 3253 2398 3307 apographo,
2421 3254 2625 3296 saeculo
2646 3263 2757 3296 xvn
2779 3253 2985 3296 ineunte
3007 3252 3146 3296 facto

680 3332 732 3370 et
755 3325 971 3370 Romam
986 3338 1047 3368 ex
1066 3325 1391 3380 Portugallia
1411 3323 1583 3378 misso,
1606 3324 1738 3379 quod
1761 3325 1811 3367 in
1832 3336 1960 3368 rom.
1984 3324 2098 3368 Soc.
2119 3325 2280 3368 Arch.
2298 3329 2619 3376 asservatur,
2642 3324 2993 3378 subscriptum
3006 3323 3147 3367 vide·

681 3409 792 3441 mus
811 3409 1002 3442 annum
1021 3398 1141 3440 1549.
1169 3396 1287 3450 Sed,
1309 3397 1548 3452 quamvis
1564 3397 1675 3451 jam
1694 3407 1827 3439 anno
1851 3396 1957 3439 1549
1976 3402 2152 3440 actum
2171 3395 2366 3439 Romae
2389 3396 2545 3439 suerit
2567 3396 2629 3438 de
2652 3396 2767 3449 hac,
2789 3406 2944 3449 quam
2964 3394 3147 3437 Polan·

681 3479 771 3511 cus
790 3469 913 3511 alibi
935 3470 1399 3522 congregationem
1417 3469 1660 3523 primam
1684 3478 1968 3510 romanam
2001 3472 2175 3521 vocat,
2207 3466 2455 3521 cogenda;
2489 3467 2818 3511 nihilominus
2845 3468 2942 3510 has
2961 3466 3027 3509 ad
3049 3464 3145 3507 Re·

682 3548 797 3590 gem
820 3536 1173 3591 Portugalliae
1196 3537 1419 3591 litteras,
1442 3537 1640 3581 nonnisi
1664 3544 1783 3592 post
1806 3543 2012 3581 tentata
2033 3538 2230 3582 frustra
2245 3538 2351 3581 alia
2371 3537 2558 3589 media,
2582 3538 2734 3582 datas
2753 3537 2924 3590 fuisse,
2945 3536 3144 3579 scilicet

682 3619 855 3652 mense
875 3608 1009 3662 Julio
1028 3610 1179 3664 hujus
1199 3610 1318 3653 anni
1351 3611 1471 3663 1550,
1506 3615 1658 3665 prout
1693 3609 1887 3653 dictum
1921 3615 2000 3653 est
2034 3610 2084 3653 in
2114 3615 2152 3653 t.
2187 3620 2224 3653 u
2253 3610 2424 3663 operis
2459 3609 2649 3652 Cartas
2678 3610 2743 3652 de
2773 3609 2882 3652 San
2912 3597 3148 3660 sgnacioe

682 3683 803 3735 pag.
824 3680 927 3734 242,
950 3685 1124 3724 annot.
1144 3681 1185 3734 2,
1204 3681 1574 3725 existimamus.

762 3749 995 3795 Litteras
1014 3758 1205 3806 autem,
1227 3753 1410 3807 quibus
1433 3753 1578 3798 Patri
1601 3753 1793 3798 Simoni
1817 3754 2092 3797 Rodericio
2114 3753 2397 3808 injunctum
2425 3758 2505 3795 est
2536 3757 2592 3795 ut
2622 3763 2653 3794 a
2683 3750 2823 3805 Rege
2853 3752 3058 3795 veniam
3079 3751 3144 3795 ad

682 3825 779 3867 hoc
813 3823 914 3866 iter
945 3834 1212 3867 romanum
1247 3824 1569 3878 impetraret.
1606 3836 2014 3868 commemorans
2050 3825 2302 3868 Polancus
2336 3824 2425 3867 ait:
2462 3822 2736 3877 Scriptum
2773 3825 2868 3875 cst,
2897 3833 2997 3866 uon
3019 3833 3147 3866 vero

685 3893 920 3947 Scripsit
937 3892 996 3936 P.
1019 3893 1285 3946 Ignatius,
1315 3900 1405 3937 aut
1427 3895 1546 3947 quid
1567 3895 1758 3948 simi1e;
1779 3901 1924 3938 recte
1947 3894 2176 3949 quidem;
2199 3905 2317 3937 nam
2338 3905 2427 3937 eas
2448 3894 2656 3937 litteras
2683 3904 2784 3936 non
2803 3892 3037 3946 Ignatius
3055 3894 3144 3937 sed

682 3976 747 4008 ex
782 3965 892 4020 ejus
925 3967 1301 4008 commissione
1333 3965 1588 4009 Polancus
1620 3967 1830 4021 scripsit
1865 3977 2056 4020 suoque
2091 3967 2291 4009 nomine
2326 3966 2667 4019 subsignavit,
2702 3970 2758 4008 ut
2788 3965 2966 4009 videre
2994 3965 3147 4010 estin

683 4036 859 4079 eodem
886 4041 923 4079 t.
946 4046 997 4090 11,
1018 4039 1138 4090 pa'g.
1165 4036 1260 4079 239.
1284 4036 1359 4079 Ne
1381 4042 1554 4080 tamen
1574 4037 1686 4092 quis
1709 4049 1823 4081 cum
1845 4037 2135 4081 clarissimo
2156 4036 2350 4089 Joanne
2380 4035 2598 4088 Janssen
2618 4035 2907 4091 decipiatur
2926 4038 3148 4081 arbitre-

684 4115 868 4161 turque
889 4108 1112 4160 litteras,
1137 4119 1265 4162 quas
1286 4119 1352 4150 ex
1372 4110 1746 4153 commissione
1768 4108 1946 4153 Sancti
1966 4109 2156 4163 Ignatii
2181 4109 2292 4163 ejus
2309 4107 2648 4162 Secretarius,
2670 4109 2941 4163 Polaticus,
2962 4110 3150 4153 scribe·

683 4181 789 4233 bat,
810 4178 1024 4222 minoris
1044 4189 1156 4222 esse
1177 4179 1416 4233 ponderis
1438 4185 1490 4223 et
1512 4181 1861 4236 auctoritatis,
1884 4192 2038 4236 quam
2057 4181 2160 4225 sint
2180 4180 2317 4232 iliae,
2341 4180 2523 4234 quibus
2538 4191 2720 4224 nomen
2736 4193 2883 4225 suum
2902 4192 3148 4236 suppone·

683 4252 775 4294 bat
795 4250 1053 4305 Ignatius,
1074 4251 1366 4294 meminisse
1388 4251 1667 4306 diligenter
1685 4258 1891 4307 oportet
1914 4264 2091 4296 eorum
2105 4285 2116 4306 ,
2138 4263 2268 4306 quae
2291 4251 2342 4294 in
2371 4256 2548 4294 annot.
2567 4251 2594 4294 7
2613 4253 2947 4308 (typographi
2969 4263 3146 4296 errore

684 4327 763 4365 est
787 4323 843 4374 1),
865 4325 985 4376 pag.
1017 4321 1114 4375 240,
1146 4321 1385 4376 diximus,
1419 4324 1633 4377 scilicet,
1669 4325 1855 4367 harum
1887 4324 1951 4367 ad
1988 4323 2245 4367 Simonem
2280 4322 2577 4366 litterarum
2606 4323 2983 4377 adversarium,
3006 4335 3037 4367 a
3056 4323 3149 4367 Po·

684 4394 834 4436 laneo
854 4393 1218 4449 conscriptum,
1249 4392 1303 4436 iu
1331 4394 1564 4446 pluribus
1585 4407 1696 4439 esse
1717 4407 1872 4440 manu
1893 4395 2070 4440 Sancti
2098 4393 2283 4449 ignatii
2306 4394 2517 4448 propria
2547 4395 2898 4449 emendatum,
2921 4395 3074 4439 immo
3092 4403 3147 4438 et

684 4472 908 4509 auctum.
930 4465 988 4509 In
1010 4466 1072 4509 iis
1091 4471 1284 4519 autem,
1306 4478 1438 4520 quae
1459 4467 1674 4521 addidit,
1698 4468 1922 4523 seipsum
1955 4467 2190 4523 Ignatius
2224 4466 2455 4510 nominat
2493 4468 2711 4509 nuestro
2742 4466 2937 4520 Padre,
2972 4478 3147 4522 perso·

685 4547 805 4579 nam
824 4548 1002 4591 nempe
1034 4537 1292 4581 sustinens
1326 4537 1553 4592 Poianci,
1587 4538 1669 4583 cui
1706 4539 1910 4583 demum
1931 4538 2330 4593 subsignandam
2353 4543 2518 4581 totam
2553 4538 2826 4591 epistolam
2854 4544 2970 4583 erat
2990 4539 3150 4582 tradi-

685 4614 850 4652 turus.
872 4606 972 4652 Sed
991 4609 1052 4652 de
1074 4609 1171 4652 hoc
1192 4610 1355 4653 fusius
1374 4610 1673 4666 pleniusque
1695 4612 1820 4656 alibi
1842 4613 2167 4657 disseremus.

770 4680 792 4711 ²
848 4680 1005 4724 Recte
1027 4681 1089 4726 iis
1108 4683 1345 4738 adjungit
1367 4682 1677 4727 orlandinus
1699 4684 1911 4728 Petrum
1931 4685 1991 4728 de
2013 4684 2278 4728 Tablares.
