3679 5414
1544 502 1672 560 ΑΝ.
1719 501 1860 560 1552
2818 500 2941 560 739

576 643 718 709 689.
805 644 1232 710 Pervaserat
1253 647 1503 710 urbem
1521 647 1714 710 illam
1730 663 1945 727 quam
1960 646 2301 709 latissime
2324 645 2631 709 libidinis
2645 646 2920 726 vitium,

453 762 528 816 et
557 752 887 816 mulieres
915 752 1293 829 lusitanae,
1326 753 1604 833 publice
1633 761 1704 816 et
1733 754 2010 817 occulte
2039 752 2203 816 huic
2232 759 2529 832 peccato
2561 751 2922 833 indulgen-

455 871 593 939 teS,
623 860 1217 938 gravissimorum
1254 858 1866 925 incommodorum
1891 860 2070 923 viris
2109 876 2330 923 causa
2366 858 2683 939 fuerunt;
2728 877 2920 940 nam,

456 976 738 1047 praeter
767 966 904 1030 Dei
935 966 1268 1044 offensaS,
1295 967 1368 1030 in
1398 967 1582 1048 odia,
1615 968 2025 1031 inimicitias
2053 977 2123 1030 et
2152 966 2535 1030 homicidia
2559 969 2779 1031 multa
2805 984 2926 1031 res

454 1075 887 1155 erumpebat;
919 1084 989 1137 et
1019 1075 1348 1155 quamvis
1376 1073 1775 1155 hujusmodi
1803 1075 2136 1138 mulieres
2165 1075 2254 1137 ob
2285 1073 2690 1137 diuturnam
2718 1074 2922 1138 liber·

455 1188 673 1244 tatem
710 1189 779 1244 et
816 1181 1182 1245 daemonis
1219 1181 1708 1262 deceptionem
1746 1182 1923 1245 satis
1965 1191 2202 1245 essent
2246 1181 2466 1244 durae
2507 1189 2576 1243 et
2616 1182 2920 1244 obstina—

453 1296 601 1367 tae,
634 1288 1014 1351 conciones
1045 1297 1283 1352 tamen
1311 1288 1388 1351 P.
1422 1288 1790 1370 Gasparis,
1824 1289 1912 1352 de
1940 1287 2283 1352 Passione
2320 1288 2743 1369 praesertim
2780 1287 2919 1351 Do·

453 1394 657 1473 mini,
692 1412 972 1458 omnem
1001 1413 1248 1460 earum
1276 1396 1606 1461 duritiam
1643 1406 1713 1460 et
1747 1396 2297 1460 obstinationem
2335 1396 2408 1459 in
2445 1398 2807 1475 lacrymas
2849 1406 2919 1460 et

456 1501 951 1564 contritionem
987 1504 1361 1567 convertit.
1404 1503 1582 1567 Cum
1623 1519 1887 1580 magna
1925 1503 2113 1566 enirn
2155 1502 2475 1565 interiori
2513 1501 2922 1581 cognitione

453 1624 584 1670 sua
614 1608 1032 1689 magnisque
1063 1610 1724 1691 compunctionibus
1754 1608 2013 1688 cordis,
2040 1618 2110 1672 et
2138 1609 2637 1690 poenitentiae,
2665 1619 2734 1672 et
2766 1626 2920 1672 ora·

450 1714 655 1793 tioni,
690 1723 760 1778 et
789 1713 1227 1796 frequentiae
1256 1716 1721 1780 confessionis
1751 1735 1829 1781 se
1859 1716 2115 1779 dedere
2155 1724 2576 1796 coeperunt,
2622 1725 2693 1781 et
2731 1716 2922 1796 quod

452 1820 543 1884 ab
572 1822 677 1884 eis
706 1839 913 1885 nemo
942 1833 1460 1903 exspectasset,
1504 1841 1647 1886 non
1676 1823 1809 1887 sibi
1838 1823 1965 1887 sed
1994 1823 2276 1888 Christo
2306 1823 2552 1886 vivere
2582 1822 2917 1887 videban-

451 1937 593 2002 tur;
628 1945 925 2009 pompas
960 1930 1261 1994 vestium
1292 1939 1361 1993 et
1390 1940 1808 1994 ornamenta
1833 1931 2150 2011 pretiosa
2195 1948 2287 1993 ex
2314 1947 2489 1993 auro
2520 1940 2589 1993 et
2617 1932 2919 2010 gemmis

453 2035 853 2115 relinquere
882 2045 1287 2117 coeperunt.
1322 2036 1413 2100 Et
1439 2046 1517 2100 ut
1546 2037 1632 2100 de
1661 2055 1803 2101 una
1835 2037 2207 2117 insigniori
2249 2036 2514 2117 aliquid
2555 2037 2921 2115 sigillatim

450 2141 751 2221 dicatur,
785 2160 947 2222 cum
980 2143 1053 2206 in
1083 2143 1391 2224 quadam
1420 2145 1761 2207 concione
1799 2143 1972 2207 illud
2008 2143 2235 2207 Isaiae
2274 2142 2351 2205 Ρ.
2398 2142 2683 2223 Gaspar
2719 2161 2919 2206 enar·

450 2256 645 2310 raret
693 2247 1011 2312 elevatae
1059 2255 1236 2312 sunt
1264 2249 1478 2330 filiae
1517 2251 1692 2313 Sion
1740 2256 1809 2313 et
1857 2249 2409 2313 ambulaverunt
2447 2255 2739 2313 extento
2783 2250 2916 2312 col-

448 2353 548 2433 lo,
577 2364 710 2418 ete.
734 2404 749 2435 ,
783 2354 1243 2421 discurrendo
1273 2375 1400 2438 per
1443 2358 1780 2421 mundum
1813 2358 2008 2421 illum
2038 2358 2470 2434 muliebrem,
2512 2357 2599 2420 de
2629 2375 2767 2438 quo
2801 2358 2917 2421 hic

456 2461 534 2525 fit
584 2463 869 2542 mentio,
923 2472 1250 2528 matrona
1301 2465 1650 2545 quaedam
1693 2465 2065 2545 primaria,
2109 2481 2323 2544 quam
2360 2472 2591 2527 terror
2629 2463 2920 2528 Domini

451 2580 916 2633 concusserat
963 2588 1135 2651 prae
1187 2573 1521 2650 caeteriS,
1575 2572 1899 2635 absoluta
1936 2572 2310 2650 concione,
2354 2572 2587 2651 coepit
2629 2571 2917 2635 monilia

449 2693 611 2756 sua,
645 2676 1100 2758 destrariola,
1134 2687 1203 2742 et
1230 2678 1617 2759 pendentes
1655 2696 1744 2741 ex
1788 2678 2078 2742 auribus
2105 2694 2427 2758 gemmas
2457 2689 2669 2760 atque
2700 2696 2914 2744 annu·

450 2784 561 2846 los
612 2785 1120 2864 comminuere,
1175 2794 1276 2865 et,
1329 2786 1679 2866 pretiosas
1723 2803 1992 2848 exuens
2036 2794 2302 2864 vesteS,
2346 2786 2437 2848 ad
2466 2803 2749 2866 arcam,
2798 2787 2918 2850 ubi

448 2907 656 2952 suum
685 2900 1012 2954 ornatum
1042 2891 1501 2971 custodiebat,
1535 2910 1612 2955 se
1642 2892 1971 2970 contulit,
2005 2903 2074 2954 et
2104 2892 2338 2954 omnia
2371 2892 2742 2973 dissipavit
2772 2902 2842 2956 et
2872 2910 2915 2955 a

447 3013 525 3058 se
553 2995 871 3076 projecit,
907 2998 1275 3078 coepitque
1305 3000 1565 3077 statim,
1599 2997 1833 3078 quoad
1874 2996 2024 3078 ejus
2051 2998 2205 3062 fieri
2246 2998 2507 3078 potuit,
2540 3009 2916 3080 pauperta-

449 3112 592 3165 tem
641 3102 907 3167 Christi
967 3114 1037 3166 et
1085 3104 1547 3169 Beatissimae
1596 3106 1848 3169 Matris
1884 3101 2058 3184 Ejus
2106 3105 2179 3168 in
2232 3107 2427 3169 cultu
2474 3105 2917 3170 honestatem

447 3219 756 3289 gestare.
791 3211 955 3274 Alia
986 3212 1201 3275 etiam
1230 3213 1445 3276 vidua
1476 3212 1824 3276 ditissima
1855 3192 2034 3275 dixit
2061 3212 2137 3274 P.
2172 3211 2481 3291 Gaspari
2521 3214 2758 3276 omnia
2787 3232 2919 3277 sua

448 3317 634 3380 bona
664 3317 755 3380 ad
783 3319 1292 3382 monasterium
1324 3319 1521 3383 Goae
1551 3319 2069 3382 conficiendum
2098 3320 2279 3382 velle
2310 3319 2599 3398 donare,
2629 3320 2699 3383 in
2730 3321 2918 3400 quod

449 3423 668 3485 etiam
701 3424 858 3504 ipsa
899 3441 975 3487 se
1013 3435 1258 3504 posset
1296 3425 1633 3506 recipere.
1677 3426 1841 3488 Alia
1881 3442 2102 3505 usque
2140 3426 2521 3489 admodum
2564 3427 2636 3489 in
2680 3428 2914 3507 poeni-

450 3530 671 3593 tentia
700 3531 1038 3610 excessit,
1069 3542 1145 3595 ut
1189 3549 1413 3613 prope
1452 3533 1542 3595 ad
1580 3542 1881 3596 mortem
1911 3533 2314 3595 accesserit.
2348 3531 2555 3596 Aliae
2585 3550 2748 3596 cum
2776 3536 2916 3597 vel·

449 3639 595 3700 lent
641 3637 904 3701 mundo
945 3638 1326 3702 crucifixae
1364 3639 1625 3718 videri,
1680 3639 1875 3701 velut
1923 3639 2380 3719 opprobrium
2426 3640 2792 3703 hominum
2849 3650 2918 3704 et

450 3744 674 3824 plebis
730 3743 1198 3825 abjectionem
1254 3747 1527 3825 seipsas
1575 3745 1915 3809 fecerunt.
1965 3743 2250 3824 Multae,
2298 3755 2445 3808 tam
2493 3744 2916 3826 conjugatae

451 3868 667 3931 quam
694 3851 954 3915 viduae
985 3870 1070 3915 ac
1099 3853 1390 3932 liberae,
1424 3863 1680 3916 octavo
1705 3869 1982 3933 quoque
2012 3851 2125 3915 die
2163 3852 2481 3916 confiteri
2510 3862 2580 3916 et
2609 3871 2915 3917 commu-

449 3959 694 4022 nicare
724 3969 1108 4040 coeperunt
1131 4010 1145 4039 ,
1178 3971 1247 4024 et
1278 3962 1351 4024 in
1379 3961 1569 4024 vitae
1600 3960 2014 4024 austeritate
2045 3960 2541 4039 religiosarum
2582 3961 2915 4025 foemina·

447 4083 638 4146 rum,
673 4067 956 4147 quaein
985 4068 1437 4130 monasteriis
1466 4084 1716 4130 severe
1746 4066 2023 4145 vivunt,
2057 4066 2282 4130 vitam
2305 4066 2794 4145 imitabantur;
2821 4077 2913 4147 et,

447 4172 583 4235 nisi
610 4173 838 4235 nostri
870 4172 1289 4237 confessarii
1316 4173 1819 4254 impediissent,
1849 4172 2136 4237 modum
2160 4174 2231 4237 in
2253 4174 2685 4253 poenitentia
2707 4175 2916 4237 valde

450 4280 943 4344 excessissent.
979 4281 1142 4345 Fuit
1173 4282 1354 4345 inter
1386 4299 1509 4344 eas
1538 4298 1720 4362 quae
1751 4281 2226 4344 continentiae
2256 4291 2505 4345 votum
2545 4282 2914 4345 emitteret.

447 4385 538 4448 Et
560 4387 635 4448 in
655 4387 996 4467 ecclesiiS,
1026 4387 1445 4468 praesertim
1469 4388 1541 4450 in
1563 4395 1830 4466 nostra,
1857 4387 1947 4450 ad
1968 4389 2267 4450 verbum
2289 4387 2605 4450 divinum
2631 4388 2913 4452 audien·

447 4492 617 4555 dum
646 4502 715 4556 et
747 4493 838 4557 ad
868 4495 1216 4558 orandum
1249 4506 1318 4557 et
1349 4512 1555 4557 sacra
1587 4494 1943 4558 audienda
1971 4495 2351 4558 vacabant.

570 4599 711 4663 690.
799 4602 1022 4665 Erant
1063 4601 1260 4665 Goae
1300 4603 1731 4682 complureS,
1778 4601 1898 4680 qui
1937 4618 2098 4664 cum
2141 4618 2404 4664 uxores
2460 4602 2800 4666 haberent
2842 4604 2914 4667 in

450 4704 918 4789 Portugallia,
963 4709 1398 4772 concubinas
1428 4709 1545 4772 diu
1583 4708 1775 4772 domi
1814 4717 2220 4787 tenuerant;
2263 4709 2450 4788 quod
2479 4722 2547 4772 et
2587 4710 2743 4773 aliis
2771 4729 2912 4774 non
