3679 5414
1605 461 1734 520 Ax.
1779 461 1920 521 1552:
2880 460 2996 521 537

511 609 865 691 pecuniae
906 623 1258 672 summam
1293 615 1726 687 statuerunt,
1768 614 1847 670 ut
1890 605 2040 688 ejus
2079 606 2455 685 reditibuS‚
2496 605 2617 686 qui
2665 605 2988 687 perpetui

512 715 738 780 futuri
768 726 993 794 erant,
1028 733 1173 779 non
1199 717 1430 782 solum
1456 714 1807 795 hospitale
1836 721 2378 792 sustentaretur,
2411 713 2537 776 sed
2566 713 2682 777 illi·
2706 730 2986 795 quoque

512 804 613 887 ex
639 823 935 887 inclusis
963 822 1037 886 in
1076 821 1398 886 custodia
1436 812 1720 902 publica
1759 821 2323 900 sublevarentur,
2370 820 2491 900 qui
2528 818 2985 885 facultatibus

479 1015 480 1020 ἵ
513 935 761 995 essent
803 931 895 994 ad
929 947 1010 993 se
1052 929 1555 993 sustentandos
1595 928 1932 993 destituti.
1976 928 2082 992 Illi
2120 946 2316 1007 ver0,
2360 928 2614 1009 quibus
2654 946 2832 992 onus
2870 946 2985 992 cu-

518 1037 732 1102 randi
758 1037 1161 1119 huJusmodi
1191 1045 1524 1116 aegrotos
1552 1036 2025 1115 incumbebat,
2057 1044 2328 1100 statuta
2356 1036 2539 1100 inter
2569 1054 2646 1099 se
2675 1036 2983 1100 conscri-

525 1154 842 1226 pserunt,
874 1153 1376 1226 procuratores
1403 1152 1473 1207 et
1499 1143 1869 1210 ministros
1896 1153 2255 1224 crearunt,
2290 1152 2360 1207 et
2389 1142 2672 1207 demum
2701 1151 2986 1207 nostros

510 1251 714 1316 omni
740 1269 914 1316 cura
943 1251 1434 1331 absolverunt,
1468 1251 1798 1331 quamvis
1828 1250 2084 1329 aliquis
2120 1267 2210 1314 ex
2252 1250 2742 1314 sacerdotibus
2785 1249 2984 1314 festis

510 1359 765 1423 diebus
794 1376 880 1423 eo
909 1354 1480 1439 mitteretur,'qui
1510 1375 1755 1422 coram
1783 1358 2320 1438 aegrotantibus
2349 1375 2633 1421 sacrum
2679 1358 2982 1421 celebra·

512 1475 629 1530 ret
657 1475 780 1530 aut
810 1465 1332 1529 confessionem
1360 1464 1690 1546 alicujuS,
1723 1465 1786 1530 si
1814 1482 2108 1530 necesse
2137 1475 2355 1544 esset,
2388 1465 2689 1528 audiret.

638 1572 780 1637 291.
867 1573 1024 1637 Hac
1056 1580 1329 1637 aestate
1359 1590 1516 1636 cum
1549 1573 1825 1636 turcica
1855 1573 2105 1636 classis
2126 1553 2501 1652 Neapolim
2516 1571 2986 1654 pervenisset,

513 1690 903 1760 antequam
931 1680 1327 1760 recederet,
1361 1681 1447 1744 de
1478 1677 1907 1744 redimendis
1945 1679 2365 1760 quibusdam
2403 1680 2710 1761 captivis
2748 1689 2990 1744 actum

518 1777 681 1868 fuit,
717 1797 786 1852 et
817 1788 1091 1852 duobus
1121 1788 1367 1852 diebus
1396 1789 1473 1853 P.
1505 1787 1779 1852 Natalis
1809 1787 2372 1867 quadringentos
2397 1787 2546 1851 fere
2569 1805 2827 1852 aureos
2849 1789 2986 1852 col·

520 1896 722 1976 legit;
756 1897 883 1960 sed
912 1912 1075 1960 cum
1101 1905 1347 1959 turcae
1376 1894 1788 1959 recedentes
1817 1894 2286 1975 redemptioni
2315 1894 2551 1958 locum
2578 1912 2721 1958 non
2760 1895 2988 1959 dedis-

515 2011 710 2082 sent,
736 2002 947 2084 jussit
977 2004 1275 2066 Pro-rex
1301 2019 1460 2066 eam
1487 2001 1864 2084 pecuniam
1894 2001 2170 2065 servari
2201 2009 2272 2065 et
2300 2019 2390 2065 ex
2420 2001 2667 2082 poenis
2697 2002 2986 2066 damna·

518 2119 748 2173 torum
781 2119 1158 2173 sexcentos
1187 2126 1444 2173 aureos
1473 2109 1667 2188 addi,
1712 2116 1791 2172 ut
1819 2107 1999 2171 haec
2028 2125 2305 2173 summa
2335 2109 2523 2172 mille
2565 2109 2986 2173 ducatorum

517 2216 1209 2297 Constantinopolim
1267 2216 1360 2280 ad
1419 2216 1743 2297 captivos
1809 2214 2260 2279 redimendos
2330 2215 2748 2300 mitteretur.
2809 2216 2988 2280 Cum

509 2332 757 2388 autem
786 2342 871 2388 ea
903 2305 1157 2387 classis
1185 2340 1270 2386 eo
1316 2323 1552 2387 animo
1594 2321 1974 2386 advenisse
2014 2322 2371 2387 diceretur
2405 2330 2484 2386 ut
2520 2323 2755 2388 omnia
2794 2322 2989 2386 ferro

510 2439 588 2494 et
615 2431 782 2511 igne
809 2439 1170 2507 vastaret,
1214 2430 1319 2493 sic
1349 2430 1595 2493 divina
1633 2429 1917 2492 bonitas
1945 2444 2171 2508 regno
2200 2427 2486 2494 Siciliae
2514 2430 2880 2511 prospexit
2912 2439 2990 2493 ut

509 2521 784 2602 nullam
813 2554 1108 2619 prorsus
1138 2536 1228 2600 ab
1259 2553 1345 2599 ea
1374 2536 1775 2600 molestiam
1815 2536 1911 2600 sit
1947 2553 2196 2617 passa,
2244 2537 2432 2618 quod
2471 2535 2772 2601 Pro-rex
2814 2537 2988 2601 divi·

517 2664 654 2712 nae
681 2646 1109 2729 protectioni
1137 2645 1455 2710 tribuens
1483 2652 1556 2709 et
1583 2644 2045 2725 orationibuS,
2072 2661 2254 2724 quae
2284 2645 2437 2710 sine
2469 2644 2989 2710 intermissione

519 2754 781 2818 fiebant
799 2803 814 2834 ,
858 2754 1415 2834 supplicationes
1441 2751 1597 2815 fieri
1626 2760 1696 2816 et
1725 2753 2216 2833 eleemosynas
2248 2753 2321 2819 in
2349 2753 2743 2848 gratiarum
2774 2754 2988 2816 actio-

520 2878 648 2925 nes
669 2860 903 2941 jussit,
935 2871 1005 2924 et
1034 2861 1326 2939 triginta
1355 2859 1788 2941 pauperibus
1816 2867 2059 2923 vestes
2085 2858 2455 2923 confectae
2485 2869 2680 2940 sunt;
2713 2869 2783 2923 et
2826 2876 2990 2923 cum

520 2985 661 3032 una
701 2986 792 3032 ex
830 2968 943 3031 his
980 2967 1613 3049 supplicationibus
1650 2966 1766 3030 vel
1793 2967 2367 3048 processionibus
2394 2984 2602 3030 mane
2633 2967 2724 3030 ad
2754 2967 2987 3031 cathe-

512 3074 790 3139 dralem
819 3076 1200 3140 ecclesiam
1222 3075 1699 3154 convenisset,
1733 3074 1828 3139 ibi
1857 3074 2200 3154 magister
2224 3074 2646 3138 Benedictus
2666 3073 2989 3154 frequen·

515 3182 795 3246 tissimo
834 3182 1188 3246 auditorio
1228 3182 1694 3246 concionatus
1738 3190 1877 3262 est,
1921 3180 2261 3261 Pro-rege
2310 3181 2382 3245 id
2431 3183 2865 3262 postulante,
2912 3189 2991 3245 ut

511 3289 846 3352 omnibus
874 3288 1293 3353 beneficium
1321 3288 1459 3352 hoc
1488 3288 2163 3368 Dei-innotesceret;
2207 3289 2435 3352 altera
2477 3287 2898 3369 supplicatio
2946 3307 2990 3352 a

518 3396 820 3476 prandio
851 3405 957 3459 est
989 3395 1232 3459 habita
1265 3406 1334 3459 et
1364 3396 1437 3459 in
1467 3413 1552 3459 ea
1579 3413 1752 3477 pars
1780 3395 2132 3476 quaedam
2160 3395 2394 3459 crucis
2425 3394 2712 3460 Domini
2741 3395 2990 3476 depor-

518 3510 672 3566 tata
699 3512 807 3567 est
833 3520 962 3584 per
990 3503 1259 3583 urbem,
1295 3519 1508 3583 quam
1536 3503 1834 3568 Pro-rex
1867 3512 2115 3584 aperto
2145 3503 2402 3584 capite,
2437 3519 2723 3567 cereum
2752 3503 2992 3567 album

517 3610 592 3673 in
621 3596 838 3675 manu
866 3610 1125 3691 ferens,
1152 3608 1599 3691 sequebatur,
1627 3611 1817 3690 quod
1847 3627 2092 3674 omnes
2119 3610 2443 3692 primarii
2471 3610 2611 3673 viri
2641 3610 2732 3674 ad
2756 3610 2991 3674 crucis

517 3717 806 3782 Domini
827 3719 1361 3782 venerationem
1389 3726 1554 3781 sunt
1583 3717 1857 3782 imitati.

637 3825 780 3889 292.
868 3825 1045 3890 Cum
1073 3826 1287 3890 etiam
1317 3824 1623 3888 Domina
1660 3823 1961 3888 Isabella
2001 3825 2087 3889 de
2125 3822 2336 3905 Vega
2375 3824 2634 3888 Comiti
2674 3823 2989 3907 Bibonae

519 3934 767 4015 nuptui
795 3934 1062 3998 tradita
1086 3933 1358 4013 fuisset,
1385 3932 1663 3996 curavit
1692 3932 1906 3996 Pater
1932 3932 2338 4014 nuptiarum
2367 3932 2765 4011 occasione,
2795 3939 2871 3994 ut
2900 3949 2989 3994 ne

516 4055 704 4105 unus
756 4041 1039 4122 quidem
1085 4057 1359 4122 pauper
1410 4040 1950 4121 relinqueretur,
2005 4040 2127 4120 qui
2170 4056 2317 4103 non
2367 4038 2816 4103 commodum
2854 4039 2993 4102 illis

513 4147 769 4213 diebus
797 4148 1271 4229 experiretur;
1304 4164 1473 4211 nam
1501 4164 1628 4227 per
1659 4146 2060 4227 quindecim
2091 4146 2241 4210 dies
2270 4146 2443 4210 nihil
2473 4145 2622 4210 fere
2660 4146 2995 4226 cuiquam

515 4255 766 4320 defuit.

641 4363 784 4428 293.
872 4362 1173 4428 Curavit
1202 4361 1391 4425 idem
1420 4361 1632 4425 Pater
1671 4369 1749 4424 ut
1788 4377 1995 4454 mons
2036 4359 2320 4441 pietatis
2357 4359 2732 4424 Messanae
2771 4359 2993 4439 erige-

525 4480 744 4552 retur,
793 4472 912 4552 qui
962 4470 1394 4552 pauperibus
1447 4468 1762 4533 civitatis
1811 4468 2250 4550 provideret,
2307 4467 2428 4548 qui
2469 4485 2612 4531 non
2651 4468 2996 4531 haberent

520 4578 811 4643 aliunde
840 4576 1288 4642 sustentandi
1310 4593 1387 4640 se
1408 4576 1844 4653 facultatem;
1869 4576 2195 4657 quamvis
2215 4591 2522 4655 magnae
2544 4574 2996 4639 difficultates

523 4687 617 4750 ad
640 4685 791 4767 eJ’us
821 4685 1352 4749 exsecutionem
1382 4700 1539 4748 sese
1568 4685 1990 4763 obtulerunt,
2018 4674 2144 4747 sed
2171 4683 2309 4746 illis
2335 4700 2479 4747 non
2508 4683 2748 4748 statim
2778 4684 2994 4748 cessit
