3679 5414
1630 476 1757 535 An.
1802 477 1936 535 1551
2898 477 3010 540 233

540 629 768 683 morte
791 619 1238 682 mulctandus
1265 629 1474 699 esset,
1507 620 1621 683 cui
1659 636 1824 683 cum
1856 637 1971 684 res
1992 630 2180 685 esset
2205 618 2640 700 significata,
2676 622 2999 703 despera-

539 727 733 791 tione
762 726 1070 808 quadam
1092 744 1170 790 se
1199 727 1524 790 omnibus
1546 726 2010 791 daemonibus
2040 727 2379 791 offerebat
2397 778 2412 807 ,
2452 737 2521 792 et
2554 729 2834 794 demum
2871 734 2999 795 sei-

538 851 746 914 psum
775 833 1172 897 interficere
1200 835 1542 897 tentabat.
1575 833 1783 897 Hunc
1815 837 2170 898 allocutus
2199 834 2275 898 P.
2308 833 2581 898 Natalis
2610 836 2699 898 ad
2732 838 2996 902 confes·

540 942 811 1004 sionem
855 940 1181 1020 adduxit,
1214 950 1283 1004 et
1322 941 1412 1004 ad
1451 941 1780 1022 supplicii
1815 944 2050 1006 locum
2093 943 2470 1006 comitatus
2508 953 2645 1022 est,
2680 954 2748 1008 et
2779 963 2999 1026 usque

540 1049 631 1112 ad
662 1056 962 1111 mortem
986 1049 1085 1111 illi
1106 1047 1349 1127 adfuit;
1376 1057 1448 1112 et
1469 1049 1571 1112 sic
1595 1047 1946 1111 Dominus
1969 1049 2121 1130 ejus
2145 1067 2363 1130 opera
2385 1051 2742 1114 hominem
2768 1052 2995 1132 dispo·

540 1156 678 1220 suit
722 1165 797 1218 ut
836 1156 922 1218 de
965 1154 1115 1235 ejus
1159 1156 1384 1219 salute
1426 1164 1717 1219 aeterna
1760 1157 1936 1219 bene
1979 1157 2407 1236 sperandum
2446 1168 2653 1220 esset.
2704 1157 3001 1222 Curavit

537 1262 751 1326 etiam
812 1271 887 1325 ut
938 1262 1009 1324 in
1070 1279 1460 1342 pauperum
1519 1262 1910 1325 subsidium
1970 1264 2462 1343 eleemosynae
2520 1281 2610 1326 ex
2659 1263 2998 1328 mandato

537 1369 900 1449 Pro-regis
939 1379 1473 1449 quaererentur,
1516 1379 1584 1433 et
1624 1369 1695 1432 id
1733 1370 2002 1448 negotii
2040 1369 2346 1434 Domino
2385 1369 2608 1434 Suero
2646 1371 2733 1434 de
2763 1371 2994 1452 Vega,

533 1477 895 1556 Pro-regis
926 1475 1090 1554 filio,
1126 1493 1288 1538 cum
1313 1475 1590 1539 duobus
1619 1476 1777 1539 aliis
1817 1476 2168 1540 nobilibus
2210 1487 2317 1540 est
2361 1476 2896 1559 demandatum;
2930 1490 2998 1543 et

535 1583 842 1664 quadam
865 1582 1212 1645 industria
1236 1583 1422 1646 mille
1447 1600 1702 1646 aureos
1742 1583 1813 1645 in
1845 1600 2236 1664 pauperum
2280 1584 2839 1649 sublevationem
2883 1588 3000 1650 ob·

534 1691 758 1754 tinere
788 1691 1100 1770 curavit;
1135 1691 1401 1771 aliquot
1431 1690 1646 1754 etiam
1665 1690 1939 1753 carceri
1960 1690 2403 1770 mancipatos
2425 1702 2712 1771 propter
2734 1694 2995 1772 debita,

532 1799 635 1861 eis
662 1797 1046 1876 dissolutiS,
1088 1796 1491 1860 liberandos
1529 1797 1841 1875 curavit;
1886 1807 1954 1861 et
1994 1798 2268 1877 aliquos
2307 1797 2571 1861 viatico
2616 1800 2999 1864 instructos

532 1906 818 1969 domum
840 1922 1046 1968 suam
1073 1904 1363 1967 remisit.

656 2011 791 2075 148.
876 2012 956 2075 In
1011 2011 1457 2074 hebdomada
1512 2019 1761 2074 sancta
1816 2011 2075 2075 multos
2133 2031 2223 2075 ex
2270 2012 2697 2091 primoribus
2749 2016 2994 2094 palatii

528 2130 825 2201 peccata
849 2119 1261 2184 confitentes
1285 2119 1577 2198 audivit;
1599 2120 1979 2199 quamdam
2004 2120 2448 2184 meretricem
2465 2119 2740 2185 florenti
2763 2130 2995 2185 aetate

530 2238 598 2293 et
634 2227 1157 2310 pulchritudine
1206 2226 1295 2289 ad
1339 2226 1601 2290 multos
1649 2226 1971 2290 homines
2021 2227 2336 2308 peccatis
2380 2227 2800 2291 irretiendos
2849 2230 2990 2293 ido-

530 2354 759 2416 neam,
793 2334 1176 2416 adjuvante
1204 2333 1510 2397 Domina
1539 2333 1860 2412 Isabella,
1896 2352 1939 2396 a
1968 2335 2157 2414 turpi
2187 2335 2334 2397 vita
2364 2336 2755 2414 revocavit,
2789 2336 2992 2417 cujus

529 2461 775 2508 curam
804 2442 1052 2507 eadem
1082 2442 1379 2505 Isabella
1408 2440 1750 2522 suscepit,
1784 2441 2009 2504 donec
2040 2442 2112 2504 in
2140 2443 2647 2506 monasterium
2686 2442 2991 2508 Conver-

527 2568 771 2615 sarum
820 2549 1339 2628 admitteretur3
1386 2548 1666 2611 curavit
1718 2547 1935 2611 etiam
1975 2548 2184 2611 simul
2226 2566 2390 2612 cum
2432 2548 2507 2612 P.
2555 2549 2992 2631 Hieronymo

528 2657 970 2737 Domenech,
1014 2656 1330 2721 adhibito
1358 2654 1719 2735 Pro-regis
1756 2664 1825 2719 et
1853 2654 2129 2720 Vicar'ii
2157 2655 2427 2738 favore,
2462 2667 2540 2721 ut
2571 2657 2993 2741 quicumque

527 2767 599 2830 in
628 2767 747 2829 illa
776 2766 950 2829 navi
977 2765 1441 2844 vehebantur,
1476 2764 1548 2827 in
1583 2781 1723 2844 qua
1755 2763 1941 2827 idem
1962 2763 2039 2827 P.
2080 2764 2560 2845 Hieronymus
2586 2764 2993 2830 Valentiam

526 2874 996 2953 navigaturus
1045 2880 1230 2951 erat,
1285 2871 1808 2935 confiterentur.
1864 2869 2128 2935 Omnes
2174 2888 2348 2951 ergo
2386 2882 2646 2936 nautae
2686 2873 2991 2937 confessi

528 2990 716 3059 sunt,
748 2998 879 3043 nec
909 2988 1155 3043 vector
1186 2980 1367 3042 ullus
1391 2978 1743 3042 admissus
1765 2987 1874 3041 est
1897 2978 1968 3041 in
1988 2978 2255 3058 navim,
2290 2979 2409 3059 qui
2436 2996 2579 3042 non
2601 2980 2798 3060 prius
2829 2998 2988 3043 con·

524 3088 757 3151 fessus
785 3096 972 3151 esset
1001 3096 1070 3150 et
1098 3084 1520 3151 Sanctisimo
1549 3084 2015 3149 sacramento
2038 3085 2528 3149 Eucharistiae
2557 3085 2894 3166 refectus;
2920 3096 2991 3150 et

526 3194 839 3259 secunda
868 3194 981 3258 die
1011 3192 1381 3257 Paschatis
1410 3210 1751 3274 prospero
1777 3202 1991 3256 vento
2019 3192 2094 3255 P.
2128 3191 2608 3273 Hieronymus
2637 3210 2797 3256 cum
2822 3195 2992 3257 navi

526 3303 880 3366 Panormo
901 3301 1219 3364 recessit.

648 3410 782 3473 149.
873 3409 1016 3472 Illis
1044 3409 1260 3472 etiam
1287 3409 1556 3472 sanctis
1588 3406 1833 3471 diebus
1864 3408 2158 3471 multum
2184 3409 2796 3489 eleemosynarum
2823 3426 2988 3489 pau-

525 3518 806 3598 peribus
836 3517 1289 3581 distributum
1317 3524 1425 3579 est
1452 3514 1663 3595 quod,
1707 3524 1784 3578 ut
1823 3515 2147 3593 superius
2186 3515 2515 3596 diximuS,
2564 3516 2988 3580 auctoritate

523 3625 884 3704 Pro-regis
912 3624 1142 3688 fuerat
1182 3612 1588 3699 collectum,
1620 3632 1692 3686 et
1731 3623 1969 3703 aliqua
2010 3622 2223 3686 etiam
2260 3623 2547 3703 pietatis
2586 3640 2804 3703 opera
2845 3623 2989 3686 sue·

528 3724 691 3796 r'unt
719 3732 1073 3795 inchoata.
1108 3731 1406 3795 Curavit
1433 3730 1619 3794 idem
1649 3729 1725 3793 P.
1758 3728 2038 3793 Natalis
2076 3737 2152 3793 ut
2180 3728 2475 3793 Pro-rex
2515 3729 2841 3793 omnibus
2869 3748 2988 3810 po·

527 3840 854 3919 pulorum
880 3839 1416 3918 magistratibus
1444 3855 1569 3919 per
1598 3837 1875 3901 litteras
1906 3836 2432 3901 commendaret
2461 3845 2538 3900 ut
2576 3832 2825 3900 curam
2853 3837 2988 3918 ipsi

522 3946 962 4028 susciperent
993 3955 1063 4009 et
1090 3946 1478 4027 quaerendi
1506 3953 1577 4009 et
1605 3944 2073 4009 distribuendi
2102 3946 2625 4025 eleemosynam
2664 3945 2984 4026 pauperi·

522 4055 674 4134 buS,
708 4054 829 4134 qui
858 4071 1135 4118 summa
1161 4053 1457 4133 penuria
1485 4053 1558 4116 in
1588 4062 1737 4116 tota
1769 4053 2000 4116 insula
2029 4052 2552 4133 premebantur.

648 4161 782 4224 150.
871 4161 1081 4225 Circa
1108 4160 1248 4224 hoc
1278 4169 1553 4241 tempus
1591 4159 1911 4223 Paschae
1955 4160 2403 4224 Gubernator
2440 4158 2671 4222 no'vus
2700 4157 2990 4222 Montis·

521 4270 808 4349 regalis,
842 4287 886 4332 a
917 4267 1280 4333 Cardinali
1309 4267 1651 4332 Farnesio
1681 4267 1961 4343 missus,
1998 4285 2160 4331 cum
2189 4266 2507 4348 Drepani
2549 4275 2984 4344 versaretur,

519 4384 782 4440 nostrls
826 4376 1178 4439 obtulerat
1238 4375 1548 4456 aliquam
1597 4372 1975 4437 Societatis
2031 4373 2333 4437 domum·
2368 4373 2441 4436 in
2488 4373 2644 4454 ipsa
2694 4372 2986 4437 civitate

516 4483 1075 4562 Montis-regalis
1102 4482 1631 4562 inchoaturum;
1666 4482 1852 4546 idem
1889 4481 2103 4546 etiam
2131 4480 2454 4561 Pro-regi
2493 4480 2764 4544 obtulit.
2809 4479 2988 4544 Con·

519 4592 675 4656 tulit
704 4607 881 4672 ergo
911 4607 990 4653 se
1021 4589 1098 4653 P.
1132 4587 1407 4654 Natalis
1436 4590 2095 4673 Mentem-regalem
2127 4599 2198 4654 et
2225 4588 2741 4668 viditdomum,
2774 4604 2989 4668 quam

519 4699 977 4763 Gubernator
1001 4697 1483 4778 applicaturus
1494 4709 1648 4762 erat
1664 4699 1754 4762 ad
1772 4699 2236 4778 Collegiolum
2253 4694 2779 4775 instituendum,
2807 4712 2990 4776 quae
