3679 5414
706 439 813 498 432
1632 436 1887 498 Cimon.
1930 435 2091 495 Soc.·
2123 436 2264 509 Jsss.

705 585 1172 663 mitterentur,
1208 601 1368 646 cum
1401 582 1935 663 magistratibus
1966 590 2033 645 et
2064 583 2223 645 aliis
2251 582 2574 663 privatiS,
2625 582 2745 663 qui
2775 581 2949 645 clari
2978 582 3049 644 in
3080 601 3168 645 ea

706 692 996 755 civitate
1023 698 1247 769 erant,
1281 708 1397 753 res
1427 690 1947 753 communicata
1976 689 2229 769 fuerat,
2263 699 2331 753 et
2359 692 2594 753 locum
2624 689 2940 769 Collegio
2986 689 3164 752 desi-

705 807 1135 877 gnaverant,
1169 797 1288 877 qui
1317 807 1555 859 tamen
1584 805 1819 860 certus
1848 814 1990 860 non
2019 806 2205 877 erat,
2249 797 2373 860 sed
2415 796 2660 859 haberi
2702 814 2913 877 posse
2958 795 3166 859 facile

705 906 838 968 sibi
867 904 1408 985 persuadebant.
1444 904 1623 968 Cum
1653 904 1891 985 itaque
1922 904 2181 984 partim
2220 903 2532 967 civitatis
2581 920 2663 966 ac
2706 903 2971 967 civium
3008 903 3164 965 sub-

704 1013 1067 1091 ventione,
1111 1012 1370 1092 partim
1399 1012 1545 1075 suis
1573 1012 1906 1093 expensis
1935 1010 2333 1075 Cardinalis
2363 1010 2745 1074 Perusinus
2776 1010 3171 1091 Collegium

705 1120 839 1182 hoc
869 1118 1122 1183 instrui
1151 1128 1218 1182 et
1258 1120 1889 1203 sustentarioposse
1920 1118 2426 1197 existimasset,
2470 1118 2716 1182 decem
2747 1126 2868 1181 aut
2907 1118 3164 1181 duode-

706 1227 845 1289 cim
884 1243 974 1289 ex
1020 1226 1313 1304 nostris,
1362 1234 1654 1306 accepta
1694 1223 1964 1288 Summi
2001 1224 2363 1288 Pontificis
2401 1225 2918 1304 benedictione,
2965 1223 3166 1304 junio

705 1351 946 1396 mense
976 1352 1065 1396 ex
1096 1332 1285 1396 Urbe
1317 1332 1588 1396 dimissi
1618 1340 1805 1395 sunt.

823 1440 924 1503 33.
1012 1440 1271 1503 Rector
1301 1440 1592 1520 primuS,
1627 1458 1669 1503 a
1701 1438 1774 1502 P.
1809 1439 2087 1518 Ignatio
2116 1441 2382 1503 electus
2409 1448 2486 1503 ut
2515 1440 2678 1502 huic
2709 1458 2897 1502 novo
2944 1439 3161 1503 Colle·

707 1547 825 1628 gio
842 1557 1228 1628 praeesset,
1255 1546 1331 1610 Ρ.
1359 1546 1764 1610 Everardus
1787 1546 2278 1611 Mercurianus
2299 1546 2448 1626 fuit,
2477 1557 2637 1627 post
2662 1548 2918 1610 multos
2942 1565 3169 1610 annos

708 1654 1161 1735 Praepositus
1188 1653 1559 1717 Generalis
1588 1652 1969 1718 Societatis
1998 1654 2319 1733 effectus,
2353 1655 2474 1734 qui
2511 1655 2710 1718 initio
2750 1654 2958 1736 hujus
2998 1655 3169 1717 anni

709 1761 1030 1840 Parisiis,
1075 1770 1154 1823 ut
1197 1761 1522 1841 superius
1567 1760 1833 1835 dictum
1873 1771 2012 1839 est,
2057 1759 2357 1824 Romam
2399 1770 2716 1824 venerat.
2770 1759 3167 1841 Adjunctus

707 1879 814 1931 est
842 1869 940 1931 illi
969 1866 1348 1944 SacerdOS,
1390 1867 1466 1931 P.
1510 1867 1821 1948 Joannes
1851 1867 2094 1947 Niger,
2138 1868 2424 1931 natione
2466 1869 2733 1948 galluS,
2780 1868 3049 1931 Romae
3092 1868 3165 1931 in

708 1974 1136 2039 Societatem
1166 1975 1547 2054 admissus3
1583 1985 1654 2037 et
1682 1974 1845 2054 quia
1877 1975 2161 2038 scholae
2192 1975 2282 2037 ad
2313 1975 2822 2038 institutionem
2838 1972 3161 2054 juventu-

707 2083 799 2146 tis
848 2090 1082 2145 essent
1132 2064 1587 2162 aperiendae,
1640 2091 2143 2162 praeceptores
2191 2081 2409 2145 futuri
2459 2081 2814 2163 designati
2857 2082 3163 2157 fuerunt,

709 2191 889 2257 inter
933 2207 1112 2270 quos
1154 2189 1422 2268 primas
1450 2189 1671 2251 tenuit
1700 2188 2043 2267 Magister
2074 2188 2485 2252 Edmundus
2515 2187 2903 2268 AugeriuS,
2940 2187 3164 2252 adole-

709 2313 948 2375 scenS,
983 2295 1101 2376 qui
1132 2312 1317 2358 anno
1341 2295 1628 2375 jubilaei
1658 2295 1730 2357 in
1759 2293 2186 2359 Societatem
2215 2294 2484 2359 Romae
2511 2295 2744 2358 fuerat
2786 2296 3161 2359 admissus.

711 2403 973 2467 Omnes
1011 2419 1305 2465 numero
1346 2401 1624 2481 decem,
1659 2403 1838 2464 inter
1880 2419 2059 2483 quos
2086 2403 2452 2483 praecipui
2495 2412 2901 2466 exterarum
2943 2404 3167 2465 natio-

709 2527 877 2573 num
927 2518 1162 2588 erant,
1215 2526 1346 2572 nec
1397 2509 1855 2571 concionator
1896 2511 2111 2589 ulluS,
2144 2510 2266 2589 qui
2295 2511 2430 2572 hoc
2459 2510 2661 2573 titulo
2693 2510 3164 2573 concionandi

711 2616 1078 2680 Petusium
1116 2617 1531 2678 mitteretur.
1576 2615 2045 2679 Existimabat
2091 2616 2278 2679 enim
2321 2615 2395 2679 P.
2444 2616 2760 2697 Ignatius
2799 2626 3169 2697 praestare

707 2732 781 2786 ut
813 2725 901 2787 ab
930 2723 1308 2787 humilibus
1338 2723 1556 2786 initiis
1587 2724 1920 2787 inchoata
1960 2722 2279 2804 Collegia
2321 2725 2666 2805 paulatim
2707 2733 3159 2805 augerentur,

708 2848 919 2911 quam
974 2839 1050 2893 ut
1105 2829 1489 2910 splendidis
1540 2830 1921 2894 admodum
1972 2831 2191 2894 initiis
2238 2848 2355 2894 res
2405 2832 2808 2895 inchoando
2859 2831 3165 2912 difficile,

708 2938 894 3018 quod
925 2945 1251 3018 coeptum
1280 2947 1489 3016 esset,
1525 2947 2035 3001 conservarent
2071 2936 2112 3001 ¹.

827 3044 927 3107 34.
1013 3046 1093 3108 In
1132 3046 1417 3124 itinere,
1465 3045 1652 3126 quod
1680 3044 1974 3125 pedibus
2013 3046 2086 3108 in
2122 3046 2663 3126 peregrinorum
2698 3065 2968 3111 morem
2999 3065 3162 3110 con-

705 3152 1030 3215 ficiebant
1060 3151 1418 3233 (quamvis
1447 3160 1684 3214 vestes
1714 3170 1945 3215 novae
1976 3139 2240 3215 tal‘ares
2278 3154 2713 3233 praemissae
2752 3172 2879 3234 per
2918 3153 3165 3216 mulio·

705 3278 866 3323 nem
909 3258 1206 3338 essent),
1249 3276 1393 3321 non
1430 3259 1580 3322 sine
1622 3258 2112 3322 aedificatione
2152 3260 2639 3340 proximorum
2679 3261 2947 3323 versati
2978 3266 3164 3338 sunt,

706 3377 774 3430 et
803 3368 876 3430 in
903 3366 1046 3446 via,
1081 3367 1154 3429 in
1184 3366 1596 3428 diversoriis
1625 3374 1694 3428 et
1725 3366 1794 3428 in
1820 3365 2118 3446 oppidiS,
2148 3367 2262 3429 vel
2284 3367 2651 3446 colloquiis
2675 3367 3165 3445 familiaribuS,

707 3475 821 3538 vel
851 3472 1496 3551 exhortationibuS,
1531 3473 1644 3535 vel
1689 3472 1902 3535 etiam
1932 3470 2022 3536 ad
2050 3474 2387 3553 populum
2418 3474 2876 3536 concionibus
2907 3474 2978 3536 in
3021 3475 3165 3554 pla·

710 3582 840 3644 teis
882 3591 949 3644 et
998 3572 1118 3644 ubi
1166 3581 1449 3666 occasio
1491 3578 1893 3642 auditorum
1932 3597 2007 3643 se
2049 3579 2416 3659 offerebat,
2472 3599 2615 3644 non
2660 3581 3035 3644 cessabant
3085 3581 3170 3644 de

709 3687 1051 3769 proximis
1078 3667 1536 3749 benemereri.
1581 3685 1727 3749 Nec
1758 3686 1910 3749 sine
1949 3685 2183 3749 fructu
2226 3686 2622 3767 aliquorum
2660 3688 2837 3750 haec
2876 3704 3171 3768 perage·

711 3795 991 3873 bantur,
1026 3812 1187 3857 cum
1213 3793 1567 3857 fervorem
1591 3791 1930 3874 juvenum
1970 3792 2295 3857 Rectoris
2333 3795 2708 3874 prudentia
2747 3803 3170 3876 temperaret

712 3919 796 3964 ac
840 3900 1198 3979 dirigeret.
1241 3899 1655 3962 Retulerunt
1699 3900 1916 3979 aliqui
1955 3917 2045 3962 ex
2086 3900 2371 3979 nostriS,
2402 3901 2520 3981 qui
2551 3901 2959 3980 aliquandiu
3008 3910 3168 3980 post

712 4007 897 4070 idem
926 4008 1058 4070 iter
1090 4006 1567 4082 confecerunt,
1604 4006 1835 4069 adhuc
1866 4006 2281 4070 memoriam
2304 4024 2519 4087 penes
2541 4008 2857 4089 hospites
2885 4017 3170 4087 gratam

712 4132 1076 4177 remanere
1106 4131 1387 4192 eorum,
1422 4129 1600 4192 quae
1631 4130 1674 4174 a
1703 4113 1966 4175 nostris
2003 4113 2394 4176 audierant.
2720 4189 2725 4196 ²

828 4221 928 4284 35.
1017 4221 1195 4285 Cum
1233 4219 1603 4284 Petusium
1655 4219 2106 4299 accederent,
2158 4220 2428 4283 amicus
2467 4219 2754 4300 quidam
2794 4219 3175 4284 Societatis

712 4329 999 4392 obviam
1028 4327 1419 4409 procedens
1457 4336 1525 4389 et
1564 4335 1887 4390 amanter
1918 4344 2161 4390 omnes
2191 4328 2555 4408 excipiens
2577 4376 2592 4407 ,
2636 4328 2924 4390 domum
2964 4345 3166 4392 suam

793 4534 810 4566 ¹
866 4532 937 4577 Iis
957 4533 1082 4577 data
1103 4539 1182 4577 est
1197 4566 1207 4585 .
1229 4545 1342 4577 cum
1365 4533 1465 4576 iter
1485 4533 1718 4586 aggressi
1747 4538 1867 4576 sunt
1886 4565 1898 4587 ,
1929 4534 2082 4587 plena
2112 4533 2164 4576 in
2198 4533 2406 4587 scriptis
2437 4539 2489 4578 et
2510 4533 2754 4577 distincta
2775 4534 2959 4579 notitia
2981 4546 3171 4590 eorum,
3270 4574 3278 4582 .

714 4615 844 4658 quae
859 4606 1010 4661 juxta
1029 4605 1219 4659 Ignatii
1242 4611 1489 4658 mentem,
1516 4611 1624 4648 tum
1644 4604 1694 4647 in
1718 4605 1934 4658 scholis,
1958 4610 2067 4649 tum
2087 4605 2137 4647 in
2160 4605 2276 4650 aliis
2298 4605 2547 4649 societati
2579 4605 2837 4649 consuetis
2859 4606 3171 4657 ministeriis.

714 4686 870 4729 agere
893 4676 1090 4721 Perusii
1106 4677 1378 4720 debebant.
3085 4682 3094 4688 ”
