3679 5414
1575 461 1703 521 Aa.
1757 462 1898 522 1552
2714 444 2719 449 ’
2859 466 2985 525 431

503 605 852 685 permisit,
888 613 961 668 at
990 606 1205 669 semel
1234 605 1502 686 scripta
1529 607 2118 687 praecedentibus
2148 607 2776 689 quadrimestribus
2815 610 2965 695 bre-

501 711 665 774 vius
693 712 1290 793 perstringerent,
1335 722 1405 774 et
1445 720 1722 776 tantum
1760 713 1834 797 in
1875 713 2086 777 rebus
2119 722 2367 777 notatu
2408 714 2849 795 dignioribus
2874 716 2964 781 ad

502 818 962 899 particularia
987 818 1518 898 descenderent,
1538 829 1606 882 et
1634 828 1712 883 ut
1734 821 2141 899 catalogum
2164 838 2653 901 personarum,
2680 840 2862 903 quae
2887 824 2959 888 in

496 925 758 1005 quovis
788 925 1105 1005 Collegio
1137 936 1331 1005 sunt,
1365 927 1482 990 vel
1512 927 1650 990 alio
1693 926 1955 990 missae
1993 925 2322 1005 fuissent,
2365 945 2527 991 cum
2566 930 2959 1010 quadrime-

499 1032 767 1096 stribus
795 1032 1211 1096 mitteretur.

622 1139 722 1203 29.
809 1139 1160 1203 Dominus
1183 1139 1269 1202 de
1292 1139 1581 1219 Ozaeta,
1598 1142 1943 1221 sanguine
1965 1141 2042 1205 P.
2071 1142 2345 1221 Ignatio
2369 1141 2810 1224 conjunctuS,
2839 1162 2957 1207 no-

505 1246 692 1310 mine
724 1246 949 1311 Ducis
977 1244 1264 1326 Nagera
1292 1246 1368 1311 P.
1404 1247 1680 1327 Ignatio
1711 1248 2099 1329 scripserat
2131 1247 2174 1309 ¹.
2216 1336 2219 1337 γ

623 1353 723 1418 30.
813 1353 981 1417 Dux
1008 1354 1336 1434 Nagerae
1367 1354 1752 1436 scripserat
1792 1354 1870 1418 P.
1916 1355 2190 1435 Ignatio
2231 1356 2318 1419 de
2357 1357 2810 1420 matrimonio
2851 1375 2965 1420 ne-

507 1462 646 1542 ptis
676 1461 918 1542 ipsiuS,
953 1461 1044 1524 ad
1073 1479 1285 1541 quarn
1316 1461 1566 1525 domus
1598 1462 1684 1525 de
1713 1462 2011 1542 Loyola,
2045 1462 2222 1525 viris
2259 1461 2779 1540 deficientibuS,
2812 1483 2961 1545 per-

508 1577 834 1648 venerat,
869 1585 1030 1631 cum
1057 1569 1278 1631 nobili
1306 1568 1616 1649 quodam
1644 1578 1713 1631 et
1751 1570 2103 1650 locuplete
2131 1568 2312 1649 vir0,
2347 1569 2654 1634 Domino
2687 1570 2962 1634 Gueva·

508 1692 620 1755 ra;
653 1675 767 1738 cui
795 1675 1158 1755 respondit
1186 1675 1505 1753 Ignatius
1528 1675 1663 1738 hoc
1686 1675 2050 1755 negotium
2074 1694 2117 1739 a
2140 1694 2269 1739 sua
2295 1677 2734 1756 professione
2759 1678 2968 1741 valde

507 1782 815 1845 alienum
845 1798 1023 1860 esse,
1058 1782 1171 1844 cui
1199 1781 1485 1844 minime
1515 1782 1894 1845 conveniat
1925 1783 2183 1846 talibus
2213 1800 2289 1846 se
2319 1783 2625 1863 negotiis
2654 1785 2966 1848 saecula-

505 1889 698 1952 ribus
722 1889 1121 1952 immiscere
1140 1906 1154 1968 ;
1185 1905 1265 1951 se
1288 1886 1436 1967 jam
1458 1906 1501 1950 a
1524 1889 1846 1969 plurimis
1875 1889 2080 1952 annis
2109 1891 2282 1953 nulli
2312 1890 2399 1953 de
2422 1891 2631 1954 domo
2652 1890 2969 1973 Loyolae
2996 1912 3001 1918 ·

503 1997 902 2077 scripsisse,
937 2014 1099 2059 cum
1128 2006 1197 2059 et
1226 1996 1419 2059 illam
1449 2004 1518 2058 et
1546 1996 1886 2059 mundum
1915 1998 2134 2061 semel
2162 2015 2237 2060 se
2267 1998 2636 2078 reliquisse
2678 2008 2967 2080 propter

511 2103 870 2167 Christum
915 2103 1298 2183 cogitaret;
1340 2102 1525 2166 unde
1554 2121 1696 2165 non
1736 2103 1988 2167 decere
2028 2121 2103 2166 se
2145 2104 2217 2167 id
2245 2105 2586 2184 tanquam
2628 2122 2780 2168 rem
2806 2122 2966 2186 pro·

507 2210 737 2290 priam
789 2209 1050 2272 habere
1101 2217 1222 2272 aut
1262 2208 1349 2272 de
1387 2226 1471 2271 ea
1501 2217 1843 2289 tractare;
1877 2209 1938 2272 si
1966 2217 2205 2273 tamen
2234 2210 2369 2291 ipsi
2397 2210 2759 2275 videretur
2781 2212 2968 2276 hanc

509 2316 789 2380 illarum
830 2317 1199 2379 domorum
1247 2315 1818 2397 conjunctionem
1871 2317 1962 2380 ad
2009 2316 2145 2380 Dei
2191 2318 2495 2396 gloriam
2546 2326 2615 2380 et
2654 2318 2970 2400 ipsarum

504 2423 768 2487 bonum
803 2423 989 2503 sore,
1032 2433 1109 2487 ut
1156 2422 1539 2487 Dominum
1588 2415 1674 2486 de
1714 2422 1984 2487 Ozaeta
2022 2432 2091 2487 et
2141 2424 2527 2489 Martinum
2571 2425 2835 2489 Garcia
2875 2426 2962 2489 de

507 2531 810 2611 Loyola,
843 2531 1117 2612 puellae
1170 2530 1772 2610 consanguineOS,
1808 2540 2209 2595 accerseret
2240 2542 2309 2595 et
2339 2550 2500 2596 curn
2530 2534 2666 2597 illis
2710 2534 2797 2596 de
2827 2534 2965 2597 hoc

510 2637 797 2717 negotio
828 2645 1192 2700 tractaret.

623 2743 726 2808 31.
805 2732 984 2808 'Tria
1015 2744 1331 2824 Collegia
1353 2746 1489 2809 hoc
1520 2763 1706 2809 anno
1736 2746 1809 2808 in
1836 2746 2044 2810 varia
2073 2747 2229 2810 loca
2259 2745 2503 2810 Italiae
2533 2746 2607 2810 P.
2643 2747 2968 2827 Ignatius

505 2870 594 2914 ex
625 2850 815 2915 Urbe
844 2851 1066 2915 misit:
1097 2852 1406 2933 primum
1432 2853 1824 2930 Perusium,
1853 2852 2243 2916 secundum
2272 2853 2649 2934 Mutinam,
2685 2855 2968 2918 tertium

503 2959 926 3038 Eugubium.
963 2959 1281 3039 Urgebat
1311 2960 1525 3023 etiam
1555 2958 1954 3022 Cardinalis
1984 2957 2290 3022 Sanctae
2334 2960 2585 3024 Crucis
2623 2980 2747 3042 per
2793 2963 2966 3025 litte·

506 3082 626 3128 ras
653 3074 731 3128 ut
761 3064 1072 3129 Montern
1103 3065 1517 3130 Pulcianum
1548 3064 1739 3150 aliud
1768 3066 2194 3145 mitteretur;
2240 3067 2364 3129 sed
2402 3067 2475 3130 in
2514 3066 2666 3148 ejus
2709 3068 2964 3131 adven-

501 3181 655 3236 tum
684 3190 760 3236 re
790 3182 1145 3249 extracta,
1180 3175 1315 3237 hoc
1347 3192 1532 3237 anno
1563 3173 1859 3237 missum
1889 3189 2033 3236 non
2062 3181 2190 3235 est.

1182 3491 1728 3557 COLLEGIUM
1771 3491 2303 3558 PERUSINUM

622 3706 724 3769 32.
811 3706 1047 3771 Prima
1078 3707 1355 3771 colonia
1384 3708 1520 3769 hoc
1550 3723 1736 3769 anno
1780 3705 2084 3769 deducta
2128 3724 2219 3770 ex
2262 3706 2471 3769 domo
2517 3724 2602 3769 ac
2647 3704 2964 3785 Collegio

503 3813 823 3877 Romano
862 3813 1253 3894 Collegium
1293 3813 1421 3876 fuit
1451 3812 1892 3876 Perusinum.
1940 3812 2082 3876 Res
2122 3830 2283 3876 cum
2322 3812 2685 3876 Cardinali
2713 3812 2965 3878 Fulvio

500 3919 806 3999 Corne0,
860 3920 1049 3984 dicto
1089 3919 1462 3998 Perusin0,
1515 3920 1714 4001 prius
1753 3928 2064 3983 tractata
2101 3919 2364 3999 fuerat,
2400 3919 2517 4000 qui
2568 3920 2658 3983 ad
2707 3920 2967 3984 nobilis

497 4027 686 4090 illius
713 4028 909 4090 urbis
940 4046 1025 4091 ac
1067 4026 1339 4108 patriae
1367 4044 1540 4090 suae
1583 4026 1946 4107 spirituale
1992 4026 2334 4089 auxilium
2372 4026 2552 4106 erigi
2591 4026 2965 4091 Societatis

502 4143 788 4198 nostrae
817 4136 888 4198 in
919 4154 1004 4198 ea
1034 4134 1428 4214 Collegium
1457 4134 1813 4216 cupiebat,
1859 4143 1929 4197 et
1968 4151 2131 4197 cum
2160 4134 2617 4214 episcopatus
2648 4133 2963 4214 ejusdem

500 4242 691 4305 urbis
721 4242 951 4305 eidem
989 4241 1523 4305 commendatus
1553 4248 1769 4320 esset,
1818 4241 2032 4304 etiam
2068 4241 2205 4304 hoc
2243 4240 2528 4304 nomine
2572 4241 2964 4304 subsidium

495 4348 635 4412 hoc
687 4348 982 4428 Collegii
1032 4347 1526 4412 meditabatur.
1573 4348 1779 4412 Prius
1829 4356 2067 4411 tamen
2117 4365 2330 4429 quam
2375 4349 2602 4411 nostri
2644 4366 2733 4411 ex
2774 4348 2964 4412 Urbe

582 4552 600 4585 ¹
658 4550 741 4595 Sic
762 4553 812 4595 in
833 4563 975 4605 mss,
998 4551 1256 4596 sententia
1277 4563 1375 4595 non
1395 4552 1643 4607 perfecta.
1674 4552 1734 4596 Id
1764 4552 1937 4596 delere
1967 4552 2193 4596 voluisse
2215 4551 2422 4595 videtur
2453 4550 2705 4594 Polancus
2720 4582 2732 4602 ,
2755 4554 2807 4594 et
2826 4550 2964 4594 ratio

500 4623 781 4679 probabilis
801 4628 880 4665 est
901 4623 1020 4677 quia
1041 4622 1222 4666 eadem
1241 4623 1375 4667 forte
1397 4629 1516 4667 sunt
1546 4634 1677 4678 quae
1709 4624 1793 4668 hic
1824 4634 2073 4668 enarrare
2101 4622 2508 4677 aggrediebatur
2540 4633 2601 4666 ac
2633 4633 2696 4666 ea
2714 4654 2726 4676 ,
2758 4632 2891 4676 quae
2912 4622 2963 4665 in

499 4705 635 4738 num.
659 4694 892 4748 sequenti
914 4699 1116 4737 narrat.
2496 4695 2501 4706 ¹
