3679 5414
1550 468 1678 527 Aa.
1723 469 1858 528 1551
2825 468 2962 528 303·

457 610 662 686 teris,
695 610 768 672 in
798 609 1189 689 Ognatensi
1216 611 1426 675 domo
1469 611 1753 675 ordines
1795 629 2046 676 sacros
2091 613 2431 692 suscepit,
2478 613 2702 677 barba
2730 615 2927 694 prius

461 716 779 779 abscissa
809 765 823 794 ,
882 726 951 780 et
1008 718 1254 781 habitu
1308 719 1735 782 sacerdotali
1790 736 1922 800 pro
1981 736 2176 783 more
2227 718 2604 783 Societatis
2652 721 2924 785 induto.

460 822 620 904 Ipso
675 824 854 888 sesto
911 823 1416 889 Sanctissimae
1472 826 1844 891 Trinitatis
1892 828 2200 908 primum
2238 837 2526 890 sacrum
2565 828 2929 891 celebrare

458 931 953 1010 constituerat,
987 932 1125 996 nisi
1151 933 1228 996 P.
1261 933 1520 1013 Ignatii
1549 934 1821 997 litteras
1853 935 2276 1014 accepisset,
2313 934 2566 1014 quibus
2609 944 2685 998 ut
2724 933 2930 1024 difer—
3021 928 3030 932 ’

458 1047 569 1101 ret
611 1037 1017 1119 aliquandiu
1073 1040 1620 1104 celebrationem
1657 1041 1931 1121 primae
1971 1042 2230 1104 missae
2285 1041 2786 1121 admonuerat;
2831 1042 2928 1105 in·

459 1145 899 1224 dulgentiam
938 1146 1128 1209 enim
1165 1147 1478 1227 aliquam
1512 1165 1672 1211 eam
1709 1147 2157 1211 audientibus
2198 1167 2241 1211 a
2270 1147 2559 1213 Summo
2589 1148 2929 1212 Pontifice

460 1252 841 1331 impetrare
870 1253 1225 1331 voluerat,
1259 1262 1334 1316 ut
1361 1253 1616 1334 majori
1661 1272 1823 1318 cum
1863 1254 2352 1318 aedificatione
2399 1255 2928 1319 sanctissimum

458 1358 630 1421 illud
656 1358 1085 1423 sacrificium
1108 1345 1360 1423 offerre
1383 1361 1746 1441 inciperet.
1779 1361 1959 1425 Cum
1987 1362 2202 1425 etiam
2232 1362 2556 1442 podagra
2578 1380 2707 1442 pro
2733 1380 2929 1425 more

459 1466 749 1547 antiquo
786 1467 1040 1546 pedem
1089 1469 1392 1530 alterum
1443 1466 1665 1530 Ducis
1715 1469 2130 1544 invasisset,
2185 1469 2419 1531 minus
2470 1467 2751 1531 difficile
2799 1469 2931 1533 fuit

458 1574 727 1653 aliquot
755 1574 905 1636 dies
935 1582 1372 1654 exspectare.
1406 1574 1611 1637 Prius
1650 1583 1889 1638 tamen
1929 1592 2143 1654 quam
2183 1575 2467 1638 ordines
2507 1576 2925 1656 susciperet,

460 1679 796 1743 ducatum
823 1679 964 1743 filio
994 1680 1570 1760 su0,‘Marchioni
1599 1681 1685 1744 de
1715 1681 2060 1761 Lombay,
2092 1682 2572 1760 renunciavit,
2607 1693 2677 1745 et
2709 1684 2927 1746 omni-

458 1785 590 1848 bus
639 1804 714 1849 se
760 1787 1080 1850 vestibus
1129 1789 1438 1867 antiquis
1487 1805 1712 1869 usque
1763 1789 1854 1851 ad
1901 1788 2255 1852 indusium
2303 1790 2636 1869 spoliavit
2656 1839 2670 1868 ,
2726 1798 2795 1852 et
2855 1790 2930 1853 in

456 1893 982 1974 eleemosynam
1008 1903 1274 1973 vestes,
1319 1895 1570 1974 quibus
1620 1895 2052 1972 indueretur,
2101 1895 2361 1959 habere
2413 1896 2667 1975 voluit;
2716 1905 2785 1959 et
2826 1898 2927 1961 ita

457 2001 705 2079 nostri,
749 2000 862 2062 hic
908 2018 1125 2064 unam
1164 2010 1472 2081 partem,
1507 2001 1622 2065 ille
1671 2002 1887 2065 aliam
1915 2002 2501 2066 vestimentorum
2528 2002 2629 2064 illi
2657 2005 2924 2083 petenti

454 2107 834 2186 dederunt,
870 2117 939 2171 et
968 2117 1159 2188 tunc,
1194 2111 1381 2172 laeto
1421 2110 1660 2173 animo
1693 2127 1900 2173 suam
1922 2109 2158 2172 ferens
2181 2109 2598 2189 podagram,
2634 2110 2917 2173 dicebat

457 2224 747 2294 propter
782 2233 1011 2279 novas
1049 2216 1336 2279 divitias
1376 2217 1817 2297 paupertatis
1861 2216 2047 2280 hunc
2092 2216 2392 2280 divitum
2444 2217 2769 2280 morbum
2807 2235 2924 2297 op-

457 2330 754 2401 portune
805 2323 1169 2385 accedere.
1223 2323 1371 2386 Nec
1421 2325 1648 2386 solum
1700 2324 1773 2386 in
1814 2323 1936 2386 illa
1972 2323 2377 2402 provincia,
2433 2323 2558 2387 sed
2601 2325 2674 2387 in
2725 2325 2943 2388 curia*

456 2428 960 2508 Hispaniarum
998 2437 1067 2491 et
1107 2438 1254 2492 toto
1292 2445 1517 2509 regno
1557 2430 1818 2492 celebri
1857 2429 2238 2493 admodum
2277 2446 2605 2493 sermone
2647 2439 2717 2493 et
2761 2449 2924 2494 cum

458 2552 721 2615 magna
770 2535 1261 2599 aedificatione
1313 2535 1461 2616 ejus
1510 2526 1896 2617 paupertas
1938 2545 2007 2599 et
2045 2545 2337 2599 sanctae
2376 2537 2926 2602 exercitationes

458 2642 532 2706 in
580 2661 702 2706 ore
754 2643 1068 2706 omnium
1115 2643 1611 2707 versabantur.
1665 2643 2051 2724 Postquam
2089 2643 2182 2706 ad
2222 2643 2506 2707 ordines
2554 2647 2924 2725 promotus

461 2760 589 2830 est,
624 2752 865 2814 statim
893 2752 1174 2814 titulum
1196 2750 1418 2814 Ducis
1442 2762 1511 2815 et
1543 2751 1830 2815 modum
1850 2750 2178 2831 loquendi
2199 2749 2623 2831 hujusmodi,
2658 2763 2922 2834 tempo-

456 2858 724 2921 ralibus
776 2858 1083 2922 dominis
1131 2869 1578 2938 consuetum,
1626 2859 2089 2921 commutavit
2139 2876 2301 2921 cum
2329 2860 2687 2923 communi
2715 2860 2924 2924 modo

453 2965 824 3045 religiosos
867 2965 1371 3045 compellandi;
1414 2974 1483 3028 et
1521 2966 1620 3028 ita
1652 2965 2138 3028 Dominationi
2175 2965 2604 3030 Reverentia
2643 2984 2921 3030 succes-

454 3072 577 3151 sit,
619 3082 688 3136 et
737 3072 1005 3135 nomini
1033 3070 1276 3134 -Ducis
1327 3071 1649 3136 Gandiae
1698 3071 1934 3135 Patris
1982 3071 2353 3135 Francisci
2401 3091 2680 3136 nomen.
2733 3073 2927 3136 Nihil

452 3179 640 3243 enim
661 3179 963 3259 amplius
987 3196 1201 3259 quam
1221 3178 1492 3242 minimi
1517 3178 1833 3258 religiosi
1852 3178 2260 3259 possidebat
2282 3195 2370 3241 ne
2395 3178 2680 3258 quidem
2706 3198 2796 3242 ex
2819 3197 2926 3242 re-

454 3287 711 3350 ditibus
756 3287 863 3350 sui
895 3286 1228 3365 ducatuS,
1272 3304 1481 3366 quem
1529 3285 1680 3349 sine
1719 3286 1862 3348 ulla
1900 3286 2387 3349 reservatione
2425 3284 2568 3348 filio
2609 3286 2922 3365 resigna-

460 3403 664 3458 verat
699 3392 736 3456 ¹.

572 3500 712 3564 276.
799 3500 1053 3564 Totam
1099 3500 1286 3563 hanc
1335 3508 1681 3564 aestatem
1731 3499 1969 3580 exegit
2017 3498 2095 3561 Ρ.
2150 3498 2390 3562 Araoz
2427 3499 2499 3561 in
2542 3498 2924 3563 Provincia
2959 3518 2966 3525 ’

455 3606 942 3688 Guipuzcoae‚
977 3624 1120 3670 non
1150 3616 1388 3671 tamen
1417 3624 1698 3688 semper
1727 3606 1800 3669 in
1829 3606 2086 3687 oppido
2126 3605 2213 3669 de
2259 3605 2568 3686 Ognate,
2601 3624 2768 3670 nam
2798 3608 2918 3670 ali-

380 3692 389 3697 ’
452 3714 737 3797 quando
786 3715 878 3778 ad
920 3715 1250 3795 proxima
1292 3714 1383 3776 ad
1428 3715 1781 3795 quaedam
1817 3713 2102 3794 pietatis
2142 3729 2361 3792 opera
2399 3721 2468 3777 et
2511 3711 2602 3775 ad
2642 3714 2920 3777 concie>

451 3822 783 3900 nandum,
816 3821 1236 3902 praesertim
1265 3820 1671 3901 Vergaram
1709 3829 1777 3883 et
1813 3819 2247 3900 Azpeitiam,
2274 3837 2352 3883 se
2385 3818 2814 3899 conferebat,
2849 3829 2920 3884 et

447 3927 800 4008 Ognatem
829 3927 1133 4003 redibat;
1168 3937 1237 3992 et
1273 3946 1372 3992 ex
1403 3926 1553 4008 ejus
1591 3927 2051 3991 concionibus
2095 3926 2353 4006 ubique
2396 3926 2672 3990 fructus
2716 3943 2916 4007 egre-

453 4036 617 4115 gius
644 4037 1071 4117 sequebatur
1100 4034 1146 4099 ¹.

530 4278 549 4311 ¹
604 4277 840 4332 Ignatius
858 4277 991 4321 Duci
1020 4274 1254 4321 Gandiae
1271 4309 1281 4328 ,
1302 4282 1360 4320 ut
1379 4274 1589 4321 mmm
1608 4274 1859 4331 primm,
1890 4273 1935 4317 si
1954 4273 2222 4325 videatur,
2256 4283 2356 4316 non
2385 4272 2640 4327 celebret,
2674 4274 2833 4318 donec
2854 4275 2922 4318 ab

450 4351 560 4409 ipso
580 4349 1095 4405 ignatio-moneatur,
1120 4351 1139 4393 1
1162 4348 1300 4393 Maii.

530 4422 553 4454 ¹
608 4421 878 4475 Polaticus,
915 4433 981 4464 ex
1015 4433 1172 4472 com.‚
1204 4419 1351 4464 Patri
1386 4417 1614 4463 Antonio
1649 4418 1713 4461 de
1747 4419 1949 4468 Araoz,
1981 4416 2043 4459 de
2078 4415 2339 4460 beneficiis
2374 4416 2603 4473 collegio
2638 4416 2922 4472 oguatenai

450 4493 711 4547 uniendis,
747 4499 800 4536 et
833 4493 897 4536 de
929 4492 1280 4536 moderatione
1315 4490 1615 4535 adhibenda«
1640 4490 1692 4533 111
1725 4489 1960 4543 corporis
1992 4487 2475 4532 montificatlonibus
2516 4489 2657 4532 circa
2687 4499 2934 4533 somnum·

450 4565 761 4618 praesertim
782 4571 834 4609 et
856 4566 1051 4610 victum
1068 4597 1082 4618 ,
1103 4575 1167 4607 ne
1189 4563 1475 4608 valetudini
1495 4568 1689 4607 noceat
1712 4568 1766 4605 et
1795 4561 1964 4615 impar
1985 4560 2249 4605 laboribus
2269 4558 2362 4603 fiat
2376 4591 2388 4614 ,
2421 4561 2441 4604 l
2475 4559 2622 4614 Μιίίς
2644 4560 2837 4613 eidem.
2853 4572 2918 4607 ne

449 4637 564 4690 plus
583 4648 737 4691 quam
757 4638 918 4681 semel
938 4637 989 4680 111
1009 4647 1181 4680 mense
1203 4635 1558 4689 condonetur,
1595 4633 1692 4677 nisi
1726 4630 1870 4677 aliud
1904 4631 2036 4675 Duci
2059 4630 2292 4675 Gandiae
2314 4630 2584 4687 videatur,
2619 4638 2672 4676 et
2705 4638 2763 4677 ut
2796 4644 2852 4676 se
2886 4643 2921 4677 a.

450 4707 822 4754 mediol-seiron
840 4704 1841 4760 somntnaetmctnmeubemarbsmt,
1866 4704 1885 4746 1
1907 4701 2062 4755 Jmss.
