3679 5414
655 422 775 480 »494
1604 421 1860 481 Canon.
1902 419 2054 480 Soc,
2105 420 2245 494 JEs.

671 578 748 659 ut
777 567 868 629 ad
912 584 1197 645 sacrum
1240 567 1520 647 asylum
1569 565 2108 646 confugiebant,
2156 583 2294 645 quo
2336 584 2378 628 a
2417 563 2839 645 judaeorum
2867 564 3144 645 injuriis

654 692 792 737 ¹eos
837 673 1263 737 defenderet.
1308 674 1429 736 Ille
1480 674 1837 737 studiosus
1888 672 2196 753 augendi
2226 672 2561 736 dominici
2601 671 2875 752 gregiS,
2910 670 3144 752 hujus-

673 781 863 845 modi
904 778 1226 843 homines
1267 781 1458 843 domi
1496 781 1932 861 excipiebat,
1975 798 2270 860 seseque
2311 779 2530 843 veluti
2571 796 2853 842 murum
2882 795 3011 857 pro
3041 779 3146 842 eis

669 887 1074 968 opponebat
1104 897 1172 950 et
1202 888 1469 951 invicto
1502 888 1770 967 animo,
1805 888 1867 959 si
1894 886 2317 968 litigandum
2362 896 2548 966 erat,
2598 903 2726 966 pro
2768 885 2873 949 eis
2914 886 3142 964 litiga-

672 996 813 1058 bat.
847 994 1225 1058 Societatis
1249 995 1464 1058 etiam
1485 1012 1725 1075 opera,
1754 995 1870 1057 cui
1893 993 2508 1075 conjunctissimus
2531 994 2619 1056 ab
2637 993 2834 1056 initio
2866 1009 3144 1073 semper

671 1101 831 1180 fuit,
867 1102 1230 1180 utebatur;
1277 1102 1515 1182 itaque
1561 1102 1650 1164 ad
1693 1119 2043 1182 pauperes
2085 1101 2300 1165 etiam
2341 1100 2801 1180 xenodochii,
2838 1101 2952 1164 cui
2992 1100 3144 1179 ipse

673 1217 1037 1289 praeerat,
1072 1208 1339 1271 nostris
1379 1208 1629 1271 crebro
1664 1206 1974 1272 eundum
2017 1217 2202 1286 erat;
2243 1225 2411 1270 nam
2448 1207 2972 1287 aegrotantium
3010 1205 3143 1269 fre·

662 1315 959 1396 quentia
989 1332 1293 1378 messem
1321 1316 1585 1378 nostris
1616 1315 2094 1378 abundantem
2136 1325 2204 1378 et
2248 1324 2486 1378 tamen
2516 1314 2827 1377 vicinam
2855 1313 3142 1394 praebe-

673 1423 826 1501 bat;
870 1423 1118 1484 hortus
1158 1422 1344 1484 enim
1382 1421 1749 1502 hospitalis
1790 1422 2265 1502 amplissimus
2302 1421 2553 1484 domus
2592 1430 2882 1484 nostrae
2910 1420 3144 1482 hortui

658 1528 1094 1609 conjunctus
1124 1538 1308 1609 erat,
1351 1539 1419 1592 et
1458 1539 1535 1593 ut
1573 1529 1723 1610 ejus
1763 1529 2190 1592 amoenitate
2234 1529 2458 1591 nostri
2500 1528 2640 1591 frui
2684 1537 2752 1591 et
2795 1526 2886 1590 ad
2914 1527 3144 1606 hospi·

676 1638 816 1700 tale
846 1637 1291 1700 commodius
1323 1636 1626 1699 transire
1656 1645 1972 1718 possent,
2004 1645 2283 1716 portam
2314 1636 2577 1716 aperiri
2605 1635 2871 1698 nostris
2894 1635 3145 1714 permi-

666 1744 803 1822 sit,
839 1761 978 1823 qua
1009 1760 1378 1806 accessum
1411 1743 1501 1816 ad
1527 1743 1878 1824 hospitale
1907 1760 2035 1823 per
2063 1743 2349 1805 hortum
2387 1743 2750 1805 haberent.

803 1851 935 1914 192.
1023 1851 1212 1914 Inter
1253 1850 1598 1914 hebraeos
1638 1850 2033 1932 baptizatos
2078 1850 2375 1930 insignis
2417 1850 2544 1913 fuit
2587 1850 2873 1930 quidam
2915 1851 3143 1913 adole-

668 1975 914 2037 scenS,
961 1959 1080 2037 qui
1129 1975 1468 2037 magnum
1519 1958 1589 2020 in
1632 1958 1974 2037 religione
2026 1957 2415 2020 christiana
2465 1974 2923 2039 progressum
2979 1956 3146 2020 fecit

677 2082 895 2145 opera
934 2064 1009 2128 P.
1056 2063 1410 2127 Pelletarii
1453 2064 1813 2143 Rectoris;
1859 2065 2008 2145 qui,
2055 2072 2131 2126 ut
2176 2065 2413 2127 multis
2457 2064 2739 2127 dotibus
2781 2063 3144 2145 praeditus

677 2181 861 2251 erat,
910 2172 1001 2234 ad
1045 2170 1194 2253 ejus
1238 2171 1665 2251 baptismum
1709 2188 2090 2235 numerosa
2140 2171 2478 2234 nobilium
2522 2172 2726 2234 turba
2777 2171 3139 2234 confluxit.
3179 2238 3184 2243 ,

676 2278 878 2340 Alter
934 2278 1149 2341 etiam
1198 2278 1361 2340 huic
1410 2292 1554 2339 non
1603 2277 1965 2341 dissimilis
2009 2277 2162 2356 fuit,
2217 2278 2302 2341 de
2361 2296 2498 2359 quo
2555 2295 2819 2357 magna
2863 2278 3142 2358 sperari

682 2394 992 2464 possent.

803 2492 938 2555 193.
1027 2492 1423 2556 Conciones
1453 2492 1528 2556 P.
1565 2492 1918 2556 Pelletarii
1948 2493 2273 2556 assiduas
2323 2492 2395 2555 in
2445 2494 2706 2572 templo
2744 2493 3005 2571 vicino,
3050 2492 3140 2555 ad

676 2616 882 2661 usum
929 2598 1301 2662 Societatis
1351 2599 1550 2680 dato,
1602 2600 1875 2662 fructus
1925 2601 2139 2663 etiam
2202 2608 2270 2662 et
2321 2599 2801 2662 instructionis
2854 2609 2922 2662 et
2973 2617 3141 2662 con-

678 2706 1005 2769 motionis
1035 2707 1416 2770 multorum
1446 2706 1904 2788 sequebatur;
1940 2726 2102 2771 cum
2143 2724 2408 2786 magna
2438 2707 2625 2771 enim
2655 2709 3045 2771 attentione
3074 2716 3143 2770 et

677 2815 1063 2876 multorum
1093 2814 1359 2877 crebris
1386 2814 1725 2894 lacrymis
1764 2833 1805 2876 a
1841 2813 2320 2893 frequentibus
2357 2815 2722 2893 ,utriusque
2766 2832 2980 2878 sexus
3024 2815 3142 2877 ho·

678 2921 982 2984 minibus
1034 2921 1481 3001 audiebatur;
1526 2931 1593 2984 et
1636 2930 1711 2984 ut
1753 2939 1844 2984 ex
1884 2922 2130 2985 intimo
2175 2906 2388 2984 cord‘e
2431 2922 2655 2985 verba
2697 2921 2984 2985 Domini
3028 2922 3140 2985 de-

600 3038 607 3046 ·
676 3028 1075 3107 promebat,
1108 3028 1207 3091 ita
1236 3046 1363 3108 per
1393 3047 1477 3092 ea
1509 3028 1942 3092 audientium
1980 3029 2255 3092 animos
2293 3046 2437 3091 non
2476 3046 2727 3108 parum
2768 3028 3136 3104 afficiebat,

655 3133 765 3196 -ad
799 3144 1244 3197 sacramenta
1278 3136 1527 3198 crebro
1566 3136 1910 3198 sumenda
1940 3136 2323 3213 alliciebat,
2368 3145 2437 3198 et
2478 3152 2520 3197 a
2557 3136 2773 3198 nimia
2813 3135 3142 3198 sollicitu-

637 3241 837 3304 7==dine
884 3241 957 3303 in
986 3242 1456 3320 congerendis
1484 3241 1748 3304 divitiis
1778 3242 2205 3305 retrahebat.
2772 3308 2778 3314 ,

801 3347 934 3411 194.
1023 3348 1375 3411 Haereses
1418 3365 1696 3429 quoque
1735 3349 2024 3428 egregie
2064 3367 2150 3411 ac
2187 3349 2404 3411 libere
2426 3349 2931 3430 insectabatur,
2960 3368 3143 3430 quae

678 3463 841 3516 tunc
891 3455 1266 3518 Ferrariae
1309 3457 1467 3536 plus
1511 3473 1736 3535 aequo
1786 3455 1860 3518 in
1909 3455 2145 3518 multis
2189 3455 2548 3534 vigebant.
2603 3456 2713 3518 Ab
2757 3457 2912 3536 ipso
2961 3456 3142 3520 festo

656 3560 1012 3641 ‘Corporis
1070 3561 1332 3624 Christi
1391 3562 1827 3640 inchoandO,
1891 3561 2052 3624 inde
2109 3572 2390 3642 sumpta
2446 3564 2851 3638 occasione,
2908 3565 3144 3627 multis

674 3668 1135 3731 concionibus
1184 3668 1269 3730 de
1312 3669 1721 3731 venerando
1771 3668 2262 3732 Eucharistiae
2306 3668 2768 3732 Sacramento
2812 3671 3143 3734 disseruit

675 3785 745 3837 et
773 3792 1053 3839 errores
1102 3759 1623 3838 haereticorum
1652 3775 2079 3851 confutavit,
2116 3793 2205 3838 ex
2244 3793 2381 3855 quo
2422 3776 2492 3839 id
2536 3785 2856 3840 secutum
2896 3773 3031 3856 est,
3067 3788 3145 3841 ut

658 3881 914 3944 -abillo
952 3882 1313 3944 hominum
1350 3899 1643 3961 genere,
1692 3883 1810 3962 qui
1854 3900 1996 3945 non
2042 3883 2218 3945 bene
2258 3884 2683 3962 sentiebant,
2725 3902 2901 3946 cane
2943 3885 3142 3966 pejus

679 3998 748 4050 et
780 4005 1047 4067 angue,
1081 3998 1157 4051 ut
1188 3988 1406 4069 ajunt,
1440 3989 1484 4051 ii
1516 3999 1876 4067 caverent,
1914 3989 2034 4070 qui
2065 3988 2296 4053 Patris
2320 3991 3139 4072 conciones-audiebant,

678 4104 746 4157 et
774 4094 1357 4174 familiaritatem,
1394 4113 1605 4175 quam
1638 4114 1800 4158 cum
1825 4096 1928 4159 eis
1960 4096 2346 4175 habebant,
2382 4098 2905 4178 abrumperent.
2941 4099 3145 4163 Unde

676 4202 791 4263 vir
817 4200 946 4263 fuit
975 4202 1158 4265 inter
1188 4203 1398 4281 aliOS,
1435 4202 1551 4283 qui
1592 4220 1890 4265 uxorem
1927 4219 2130 4265 suam
2170 4204 2356 4283 apud
2395 4203 2809 4284 Ducissam,
2845 4223 3027 4285 quae
3057 4224 3142 4269 eo

675 4308 922 4370 morbo
954 4308 1211 4371 infecta
1243 4309 1693 4387 credebatur,
1730 4309 2036 4372 habebat
2081 4319 2148 4372 et
2179 4310 2418 4372 statim
2448 4311 2535 4373 ab
2569 4309 2718 4391 ejus
2749 4312 2959 4374 domo
2991 4314 3143 4376 abs·

677 4414 930 4493 traxit,
976 4417 1302 4495 quamvis
1346 4417 1538 4478 illam
1577 4416 1983 4495 incorrupte
2033 4417 2279 4479 vivere
2324 4416 2632 4480 Ducissa
2681 4418 3142 4498 permitteret.

678 4521 1172 4585 Familiaribus
1200 4523 1410 4586 etiam
1442 4523 1808 4602 colloquiis
1837 4523 1930 4586 ad
1959 4523 2320 4586 meliorem
2358 4533 2665 4588 mentem
2704 4543 2845 4587 non
2875 4543 3145 4605 paucos

674 4636 746 4689 et
781 4628 930 4708 ipse
969 4629 1045 4691 P.
1091 4630 1504 4693 Pelletarius
1547 4630 1938 4692 revocavit.
1967 4627 2372 4711 'Postquam
2415 4641 2651 4695 autem
2694 4633 2769 4695 P.
2825 4634 3145 4714 Baptista
