3679 5414
657 451 765 510 204
1602 448 1853 510 Canon.
1901 450 2054 509 Soc.
2096 452 2236 524 JEs.

660 605 845 660 stum
896 597 1258 659 Bononiae
1295 597 1556 677 exegit,
1612 605 1681 659 et
1724 607 1800 660 ut
1854 598 2141 678 scripsit
2180 597 2253 661 P.
2308 599 2366 661 F
2369 599 2735 662 ranciscus
2784 598 3118 676 Palmius,

658 720 922 782 magna
952 721 1115 765 cum
1145 704 1626 766 consolatione
1657 704 2060 767 auditorum
2091 706 2192 769 ibi
2219 707 2631 770 concionari
2665 706 2868 770 festis
2897 717 2966 771 et
3002 708 3118 770 do·

658 810 937 873 minicis
966 810 1209 873 diebus
1240 812 1493 891 coepit,
1529 819 1599 873 et
1630 812 1702 874 in
1731 812 1984 892 spiritu
2015 821 2084 876 et
2114 814 2379 876 virtute
2417 814 2614 877 Eliae
2644 832 2805 878 eum
2840 815 3122 878 venisse

659 918 983 996 affirmat,
1018 919 1485 998 reprehensor
1525 919 1862 982 vitiorum
1904 921 2317 1000 acerrimuS,
2359 922 2511 984 zelo
2542 921 2792 985 domus
2821 922 2955 986 Dei
2983 924 3121 1004 ple·

658 1042 816 1088 nus.
851 1023 1112 1087 Parum
1156 1025 1593 1105 loquebatur,
1638 1026 1871 1089 minus
1912 1028 2356 1108 comedebat,
2400 1030 2696 1092 multum
2723 1030 3116 1109 laborabat,

659 1140 734 1195 ut
760 1133 1025 1195 nostris
1054 1132 1268 1195 etiam
1299 1132 1750 1196 admirationi
1780 1143 1969 1196 esset
1998 1143 2066 1197 et
2097 1125 2362 1214 eorum’,
2406 1155 2448 1198 a
2479 1136 2732 1215 quibus
2773 1137 2971 1217 prius
3009 1155 3122 1200 co-

650 1239 892 1318 gnitus
920 1248 1095 1318 erat,
1130 1242 1699 1321 expectationem
1726 1242 1798 1304 in
1829 1242 2298 1306 concionandi
2322 1245 2586 1306 talento
2610 1243 3013 1323 superabat,
3049 1244 3123 1307 in

654 1346 1222 1409 confessionibus
1272 1348 1641 1411 audiendis
1680 1348 2143 1428 infatigabilis
2186 1359 2370 1429 erat,
2413 1359 2483 1412 et
2522 1367 2767 1413 omnes
2806 1349 2895 1413 ad
2945 1350 3123 1413 bene

656 1453 1012 1532 agendum
1044 1454 1149 1515 sic
1196 1455 1497 1540 urgebat
1526 1464 1602 1517 ut
1633 1473 1877 1518 amore
1909 1465 2031 1520 aut
2060 1456 2312 1519 timore
2356 1457 2875 1538 quodammodo
2914 1466 2991 1520 ut
3020 1459 3117 1520 in-

659 1568 931 1622 trarent
970 1560 1043 1622 in
1083 1560 1369 1623 domum
1411 1560 1700 1624 Domini
1737 1565 2224 1644 compelleret,
2278 1573 2347 1626 et
2389 1572 2588 1627 tanta
2645 1562 2795 1643 ejus
2843 1564 3015 1627 fides
3055 1574 3123 1627 et

655 1668 974 1731 charitas
1004 1669 1426 1732 cernebatur
1451 1678 1527 1731 ut
1557 1671 1793 1733 omnia
1819 1671 1918 1734 illi
1941 1671 2117 1735 bene
2143 1672 2633 1749 succederent;
2662 1689 2793 1734 nec
2817 1672 3124 1735 studium

657 1792 998 1854 magnum
1028 1776 1489 1839 concionibus
1519 1776 1923 1857 impendere
1960 1788 2272 1859 poterat;
2306 1779 2520 1842 immo
2550 1780 2684 1842 hoc
2717 1778 2815 1841 illi
2844 1778 3123 1856 accidit,

662 1899 825 1944 cum
853 1890 1039 1944 esset
1082 1883 1464 1957 Bononiae,
1519 1893 1597 1947 ut
1637 1901 1798 1947 cum
1851 1885 2160 1964 quodam
2203 1885 2315 1948 die
2359 1886 2538 1948 festo
2580 1885 2656 1948 P.
2703 1885 3128 1949 Franciscus

661 1989 973 2052 Palmius
1004 2007 1167 2053 eum
1209 1990 1546 2053 invitaret
1586 1998 1662 2053 ut
1705 1992 2270 2072 concionaretur,
2319 1970 2694 2073 invitatum
2723 2010 2799 2055 se
2828 1992 2943 2055 ille
2984 2010 3129 2055 non

666 2095 1028 2176 intellexit,
1072 2095 1256 2159 unde
1286 2114 1363 2159 se
1402 2115 1542 2159 non
1581 2099 2060 2178 praeparavit.
2106 2098 2286 2163 Cum
2326 2100 2542 2179 igitur
2581 2100 2673 2163 ad
2715 2099 3126 2163 concionem

650 2211 841 2265 esset
868 2203 1226 2283 pulsatum
1256 2211 1324 2266 et
1352 2204 1657 2284 populus
1681 2206 2155 2285 convenisset,
2184 2206 2391 2269 simul
2415 2205 2779 2287 Sylvester
2810 2214 2880 2270 et
2906 2207 2964 2269 F
2966 2224 3123 2269 ran·

655 2309 892 2373 ciscus
920 2310 992 2373 in
1015 2312 1351 2390 templum
1381 2328 1458 2372 se
1483 2310 1854 2374 conserunt
1878 2320 1947 2374 et
1987 2314 2165 2376 alter
2206 2314 2506 2377 alterum
2544 2315 3130 2377 concionaturum

660 2417 987 2496 putabat3
1029 2434 1192 2480 cum
1232 2434 1406 2496 ergo
1445 2419 1747 2497 populus
1785 2428 2234 2499 exspectaret
2274 2421 2716 2500 concionem,
2756 2429 3122 2501 perconta—

658 2521 771 2586 tu's
799 2532 906 2585 est
940 2524 1243 2586 sacrista
1280 2532 1436 2586 uter
1466 2542 1712 2587 eorum
1741 2535 1929 2588 esset
1968 2528 2538 2591 concionaturus.
2572 2527 2773 2591 Dixit
2798 2527 2875 2590 P.
2902 2528 3117 2591 Fran-

656 2629 930 2692 ciscus:
985 2631 1524 2694 concionabitur
1568 2630 1642 2694 P.
1690 2630 2090 2713 Sylvester;
2135 2635 2249 2697 ille
2290 2652 2462 2697 vero
2517 2635 2586 2697 id
2631 2636 2983 2715 pertinere
3032 2635 3124 2698 ad

653 2736 731 2799 P.
774 2737 831 2799 F
835 2739 1240 2801 ranciscum
1279 2739 1578 2802 dicebat.
1623 2740 1928 2805 Demum
1965 2752 2263 2821 rogatus
2302 2740 2668 2822 Sylvester
2706 2761 2749 2805 a
2787 2743 2862 2806 Ρ.
2905 2743 3122 2806 Fran·

650 2844 870 2923 cisc0,
914 2856 1329 2925 suggestum
1373 2847 1696 2910 ascendit
1738 2856 1836 2927 et,
1883 2866 2042 2911 cum
2079 2850 2255 2912 nihil
2293 2850 2705 2928 studuisset,
2749 2858 2893 2912 tam
2924 2868 3121 2929 prae-

648 2952 920 3015 claram
960 2953 1371 3016 concionem
1410 2963 1695 3034 tamque
1743 2954 2181 3019 fructuosam
2233 2974 2318 3020 ac
2368 2956 2617 3037 spiritu
2657 2956 2793 3019 Dei
2840 2957 3121 3037 plenam

648 3058 844 3138 fecit,
879 3068 954 3122 ut
983 3070 1325 3140 quotquot
1356 3078 1522 3124 eum
1552 3050 1964 3141 audiebant,
2004 3063 2076 3126 in
2113 3063 2317 3126 fletus
2346 3064 2608 3127 resolvi
2638 3074 3115 3142 cernerentur,

651 3175 721 3229 et
749 3167 950 3230 multi
978 3185 1061 3230 ea
1092 3169 1433 3231 concione
1471 3170 1803 3248 permoti,
1836 3170 2084 3233 relicto
2106 3172 2418 3249 saecu10,
2462 3171 2616 3234 Deo
2657 3172 2927 3234 servire
2958 3188 3117 3234 con-

648 3275 1061 3355 stituerunt,
1102 3284 1170 3338 et
1200 3284 1583 3355 antequam
1617 3276 1704 3339 ab
1735 3278 2037 3340 ecclesia
2066 3278 2502 3357 recederent,
2535 3279 2736 3342 multi
2765 3287 2928 3341 sunt
2958 3296 3120 3341 con·

652 3380 844 3444 fessi.

773 3486 874 3550 84.
964 3488 1109 3550 Nec
1140 3489 1368 3551 solum
1399 3489 1533 3551 hoc
1565 3497 1903 3570 tempore,
1937 3509 2076 3570 quo
2105 3490 2466 3555 Bononiae
2503 3502 2832 3555 versatus
2874 3500 3013 3570 est,
3049 3493 3119 3555 in

654 3595 912 3674 templo
955 3604 1199 3657 nostro
1242 3594 1331 3657 D.
1373 3595 1637 3659 Luciae
1685 3613 1894 3659 sacro
1938 3607 2046 3660 est
2090 3599 2581 3677 concionatuS,
2616 3598 2739 3662 sed
2768 3598 3118 3680 frequenti

649 3701 868 3764 etiam
893 3701 1241 3764 auditorio
1260 3702 1331 3764 in
1353 3703 1615 3782 templo
1632 3702 1818 3766 Stae.
1847 3703 2159 3768 Helenae
2185 3706 2255 3768 id
2273 3707 2503 3786 ipsum
2524 3706 2878 3786 praestitit
2900 3708 3117 3769 semel

654 3817 866 3888 atque
903 3808 1157 3871 iterum
1197 3827 1357 3871 cum
1396 3811 1637 3873 multis
1675 3811 2017 3891 lacrymis
2054 3821 2122 3876 et
2162 3814 2634 3876 commotione
2677 3830 2952 3889 eorum,
2997 3814 3113 3893 qui

651 3915 971 3978 aderant.
997 3915 1343 3979 Moniales
1364 3917 1579 3979 etiam
1601 3915 1751 3996 eJus
1774 3920 2189 3982 monasterii
2209 3938 2333 4000 per
2357 3920 2754 4000 spiritualia
2775 3920 3113 3983 exercitia

651 4021 746 4084 ad
773 4038 1110 4100 magnam
1139 4023 1248 4084 sui
1279 4023 1759 4102 cognitionem
1788 4024 2107 4104 adduxit,
2141 4035 2209 4088 et
2232 4025 2714 4089 confessiones
2741 4028 3114 4106 generales

654 4146 815 4191 cum
838 4130 1118 4209 magnis
1141 4129 1416 4193 fletibus
1439 4131 1502 4192 ei
1524 4131 1865 4194 fecerunt.
1899 4131 1987 4195 Et
2019 4150 2179 4195 cum
2209 4133 2495 4213 quidam
2525 4152 2615 4197 ex
2638 4134 3112 4216 quadraginta

647 4236 1120 4315 senatoribuS,
1170 4236 1478 4300 Romeus
1529 4247 1850 4318 vocatuS,
1905 4239 2105 4302 initio
2155 4239 2362 4320 hujus
2411 4241 2674 4304 mensis
2720 4241 3112 4305 Bononiam

649 4343 992 4422 venisset,
1035 4344 1155 4423 qui
1198 4346 1632 4408 contrarium
1671 4345 2048 4410 Societatis
2097 4349 2509 4412 ministeriis
2548 4366 2625 4411 se
2671 4348 3105 4428 ostendebat,

650 4451 755 4513 sic
784 4451 1087 4514 mutavit
1117 4454 1560 4530 sententiam,
1607 4463 1684 4515 ut
1714 4454 2019 4533 aliquem
2059 4457 2343 4518 omnino
2375 4456 2462 4518 de
2492 4455 2843 4526 Societate
2872 4475 3107 4520 neces-

652 4558 921 4625 sarium
963 4575 1118 4621 esse
1168 4559 1258 4621 ad
1300 4559 1751 4622 reformanda
1801 4561 2210 4624 monialium
2262 4564 2688 4627 monasteria
2733 4563 2998 4627 diceret
3038 4573 3108 4626 et

652 4663 875 4742 largis
906 4665 1525 4744 pollicitationibus
1554 4684 1727 4746 erga
1759 4668 1986 4747 ipsum
2016 4678 2350 4732 uteretur.
2386 4670 2684 4748 Quando
2715 4679 2951 4733 autem
2978 4672 3105 4734 Bo·

1923 4850 1944 4885 Χ
