<?xml version="1.0" encoding="UTF-8"?>
<!DOCTYPE html PUBLIC "-//W3C//DTD XHTML 1.0 Transitional//EN"
    "http://www.w3.org/TR/xhtml1/DTD/xhtml1-transitional.dtd">
<html xmlns="http://www.w3.org/1999/xhtml" xml:lang="en" lang="en">
 <head>
  <title>
</title>
<meta http-equiv="Content-Type" content="text/html;charset=utf-8" />
  <meta name='ocr-system' content='tesseract 3.04.00' />
  <meta name='ocr-capabilities' content='ocr_page ocr_carea ocr_par ocr_line ocrx_word'/>
</head>
<body>
  <div class='ocr_page' id='page_1' title='image "./vitaignatiiloio03polagoog_0432.png"; bbox 0 0 3679 5414; ppageno 0'>
   <div class='ocr_carea' id='block_1_1' title="bbox 709 453 2262 528">
    <p class='ocr_par' dir='ltr' id='par_1_1' title="bbox 709 453 2262 528">
     <span class='ocr_line' id='line_1_1' title="bbox 709 453 2262 528; baseline -0.01 -3"><span class='ocrx_word' id='word_1_1' title='bbox 709 454 818 514; x_wconf 60' lang='lat' dir='ltr'>‘iffi</span> <span class='ocrx_word' id='word_1_2' title='bbox 1628 454 1884 516; x_wconf 66' lang='lat' dir='ltr'>Canon.</span> <span class='ocrx_word' id='word_1_3' title='bbox 1926 453 2079 515; x_wconf 84' lang='lat' dir='ltr'>Soc.</span> <span class='ocrx_word' id='word_1_4' title='bbox 2121 455 2262 528; x_wconf 71' lang='lat' dir='ltr'>Jsss.</span> 
     </span>
    </p>
   </div>
   <div class='ocr_carea' id='block_1_2' title="bbox 710 599 3188 3239">
    <p class='ocr_par' dir='ltr' id='par_1_2' title="bbox 710 599 3180 1094">
     <span class='ocr_line' id='line_1_2' title="bbox 712 599 3175 683; baseline 0.001 -18"><span class='ocrx_word' id='word_1_5' title='bbox 712 600 1210 679; x_wconf 67' lang='lat' dir='ltr'>Cardinalibus</span> <span class='ocrx_word' id='word_1_6' title='bbox 1246 601 1374 665; x_wconf 92' lang='lat' dir='ltr'>sed</span> <span class='ocrx_word' id='word_1_7' title='bbox 1416 619 1579 666; x_wconf 91' lang='lat' dir='ltr'>cum</span> <span class='ocrx_word' id='word_1_8' title='bbox 1620 602 1775 683; x_wconf 91' lang='lat' dir='ltr'>ipso</span> <span class='ocrx_word' id='word_1_9' title='bbox 1826 599 2117 666; x_wconf 88' lang='lat' dir='ltr'>Summo</span> <span class='ocrx_word' id='word_1_10' title='bbox 2160 600 2500 665; x_wconf 89' lang='lat' dir='ltr'>Pontifice</span> <span class='ocrx_word' id='word_1_11' title='bbox 2537 601 2721 683; x_wconf 92' lang='lat' dir='ltr'>Julio</span> <span class='ocrx_word' id='word_1_12' title='bbox 2761 602 2852 665; x_wconf 89' lang='lat'>111</span> <span class='ocrx_word' id='word_1_13' title='bbox 2898 602 3043 682; x_wconf 89' lang='lat' dir='ltr'>egit</span> <span class='ocrx_word' id='word_1_14' title='bbox 3086 622 3175 667; x_wconf 91' lang='lat' dir='ltr'>ac</span> 
     </span>
     <span class='ocr_line' id='line_1_3' title="bbox 712 708 3171 791; baseline 0.001 -19"><span class='ocrx_word' id='word_1_15' title='bbox 712 708 1069 772; x_wconf 90' lang='lat' dir='ltr'>humiliter</span> <span class='ocrx_word' id='word_1_16' title='bbox 1097 709 1522 790; x_wconf 84' lang='lat' dir='ltr'>supplicavit</span> <span class='ocrx_word' id='word_1_17' title='bbox 1551 718 1628 773; x_wconf 95' lang='lat' dir='ltr'>ut</span> <span class='ocrx_word' id='word_1_18' title='bbox 1657 710 1731 772; x_wconf 92' lang='lat' dir='ltr'>in</span> <span class='ocrx_word' id='word_1_19' title='bbox 1759 727 1890 773; x_wconf 93' lang='lat' dir='ltr'>suo</span> <span class='ocrx_word' id='word_1_20' title='bbox 1919 708 2152 789; x_wconf 90' lang='lat' dir='ltr'>gradu</span> <span class='ocrx_word' id='word_1_21' title='bbox 2180 727 2341 773; x_wconf 88' lang='lat' dir='ltr'>eum</span> <span class='ocrx_word' id='word_1_22' title='bbox 2377 708 2802 789; x_wconf 87' lang='lat' dir='ltr'>relinqueret</span> <span class='ocrx_word' id='word_1_23' title='bbox 2819 757 2834 787; x_wconf 91' lang='lat'>,</span> <span class='ocrx_word' id='word_1_24' title='bbox 2874 710 2996 791; x_wconf 92' lang='lat' dir='ltr'>qui</span> <span class='ocrx_word' id='word_1_25' title='bbox 3033 720 3171 774; x_wconf 89' lang='lat' dir='ltr'>stu-</span> 
     </span>
     <span class='ocr_line' id='line_1_4' title="bbox 712 814 3180 898; baseline 0.002 -20"><span class='ocrx_word' id='word_1_26' title='bbox 712 814 829 879; x_wconf 88' lang='lat' dir='ltr'>dio</span> <span class='ocrx_word' id='word_1_27' title='bbox 857 815 1274 879; x_wconf 91' lang='lat' dir='ltr'>humilitatis</span> <span class='ocrx_word' id='word_1_28' title='bbox 1302 833 1508 880; x_wconf 89' lang='lat' dir='ltr'>suum</span> <span class='ocrx_word' id='word_1_29' title='bbox 1544 815 1880 880; x_wconf 89' lang='lat' dir='ltr'>ducatum</span> <span class='ocrx_word' id='word_1_30' title='bbox 1914 817 2329 898; x_wconf 88' lang='lat' dir='ltr'>reliquerat;</span> <span class='ocrx_word' id='word_1_31' title='bbox 2369 826 2440 880; x_wconf 91' lang='lat' dir='ltr'>et</span> <span class='ocrx_word' id='word_1_32' title='bbox 2477 815 2804 879; x_wconf 84' lang='lat' dir='ltr'>Pontifex</span> <span class='ocrx_word' id='word_1_33' title='bbox 2845 815 3180 882; x_wconf 86' lang='lat' dir='ltr'>Summus</span> 
     </span>
     <span class='ocr_line' id='line_1_5' title="bbox 710 922 3174 1004; baseline 0.001 -18"><span class='ocrx_word' id='word_1_34' title='bbox 710 940 843 1004; x_wconf 88' lang='lat' dir='ltr'>pro</span> <span class='ocrx_word' id='word_1_35' title='bbox 894 940 1023 986; x_wconf 92' lang='lat' dir='ltr'>sua</span> <span class='ocrx_word' id='word_1_36' title='bbox 1072 923 1509 1004; x_wconf 84' lang='lat' dir='ltr'>benignitate</span> <span class='ocrx_word' id='word_1_37' title='bbox 1558 941 1891 987; x_wconf 89' lang='lat' dir='ltr'>securum</span> <span class='ocrx_word' id='word_1_38' title='bbox 1937 924 2073 987; x_wconf 90' lang='lat' dir='ltr'>hac</span> <span class='ocrx_word' id='word_1_39' title='bbox 2121 923 2195 986; x_wconf 92' lang='lat' dir='ltr'>in</span> <span class='ocrx_word' id='word_1_40' title='bbox 2242 932 2447 1004; x_wconf 88' lang='lat' dir='ltr'>parte</span> <span class='ocrx_word' id='word_1_41' title='bbox 2493 922 2570 986; x_wconf 89' lang='lat' dir='ltr'>P.</span> <span class='ocrx_word' id='word_1_42' title='bbox 2623 923 2975 1002; x_wconf 85' lang='lat' dir='ltr'>Ignatium</span> <span class='ocrx_word' id='word_1_43' title='bbox 3022 924 3174 988; x_wconf 93' lang='lat' dir='ltr'>red·</span> 
     </span>
     <span class='ocr_line' id='line_1_6' title="bbox 715 1027 964 1094; baseline 0.016 -4"><span class='ocrx_word' id='word_1_44' title='bbox 715 1027 889 1093; x_wconf 91' lang='lat' dir='ltr'>didit</span> <span class='ocrx_word' id='word_1_45' title='bbox 920 1029 964 1094; x_wconf 87' lang='lat'>¹.</span> 
     </span>
    </p>

    <p class='ocr_par' dir='ltr' id='par_1_3' title="bbox 711 1136 3188 3149">
     <span class='ocr_line' id='line_1_7' title="bbox 831 1136 3174 1219; baseline 0.001 -19"><span class='ocrx_word' id='word_1_46' title='bbox 831 1136 935 1200; x_wconf 83' lang='lat'>20.</span> <span class='ocrx_word' id='word_1_47' title='bbox 1023 1136 1391 1201; x_wconf 91' lang='lat' dir='ltr'>Concessit</span> <span class='ocrx_word' id='word_1_48' title='bbox 1418 1137 1554 1202; x_wconf 94' lang='lat' dir='ltr'>hoc</span> <span class='ocrx_word' id='word_1_49' title='bbox 1593 1155 1782 1201; x_wconf 90' lang='lat' dir='ltr'>anno</span> <span class='ocrx_word' id='word_1_50' title='bbox 1818 1137 2007 1201; x_wconf 91' lang='lat' dir='ltr'>idem</span> <span class='ocrx_word' id='word_1_51' title='bbox 2045 1136 2373 1202; x_wconf 84' lang='lat' dir='ltr'>Pontifex</span> <span class='ocrx_word' id='word_1_52' title='bbox 2408 1137 2636 1219; x_wconf 89' lang='lat' dir='ltr'>Julius</span> <span class='ocrx_word' id='word_1_53' title='bbox 2679 1136 3019 1202; x_wconf 88' lang='lat' dir='ltr'>Societati</span> <span class='ocrx_word' id='word_1_54' title='bbox 3056 1155 3174 1202; x_wconf 91' lang='lat' dir='ltr'>no-</span> 
     </span>
     <span class='ocr_line' id='line_1_8' title="bbox 714 1244 3177 1327; baseline 0 -21"><span class='ocrx_word' id='word_1_55' title='bbox 714 1252 908 1307; x_wconf 90' lang='lat' dir='ltr'>strae</span> <span class='ocrx_word' id='word_1_56' title='bbox 936 1261 1066 1325; x_wconf 90' lang='lat' dir='ltr'>per</span> <span class='ocrx_word' id='word_1_57' title='bbox 1095 1245 1526 1325; x_wconf 88' lang='lat' dir='ltr'>apostolicas</span> <span class='ocrx_word' id='word_1_58' title='bbox 1552 1244 1830 1309; x_wconf 84' lang='lat' dir='ltr'>litteras</span> <span class='ocrx_word' id='word_1_59' title='bbox 1858 1245 1932 1308; x_wconf 89' lang='lat' dir='ltr'>in</span> <span class='ocrx_word' id='word_1_60' title='bbox 1959 1244 2192 1309; x_wconf 88' lang='lat' dir='ltr'>forma</span> <span class='ocrx_word' id='word_1_61' title='bbox 2219 1245 2470 1309; x_wconf 89' lang='lat' dir='ltr'>Brevis</span> <span class='ocrx_word' id='word_1_62' title='bbox 2488 1295 2503 1326; x_wconf 94' lang='lat'>,</span> <span class='ocrx_word' id='word_1_63' title='bbox 2545 1246 2734 1327; x_wconf 94' lang='lat' dir='ltr'>quod</span> <span class='ocrx_word' id='word_1_64' title='bbox 2769 1247 2966 1327; x_wconf 91' lang='lat' dir='ltr'>prius</span> <span class='ocrx_word' id='word_1_65' title='bbox 3007 1245 3177 1308; x_wconf 89' lang='lat' dir='ltr'>viva</span> 
     </span>
     <span class='ocr_line' id='line_1_9' title="bbox 714 1351 3179 1434; baseline 0 -19"><span class='ocrx_word' id='word_1_66' title='bbox 714 1369 895 1415; x_wconf 90' lang='lat' dir='ltr'>voce</span> <span class='ocrx_word' id='word_1_67' title='bbox 926 1352 1012 1415; x_wconf 94' lang='lat' dir='ltr'>de</span> <span class='ocrx_word' id='word_1_68' title='bbox 1042 1352 1483 1415; x_wconf 90' lang='lat' dir='ltr'>absolutione</span> <span class='ocrx_word' id='word_1_69' title='bbox 1514 1353 1602 1415; x_wconf 92' lang='lat' dir='ltr'>ab</span> <span class='ocrx_word' id='word_1_70' title='bbox 1632 1353 1913 1417; x_wconf 90' lang='lat' dir='ltr'>haeresi</span> <span class='ocrx_word' id='word_1_71' title='bbox 1941 1361 2011 1416; x_wconf 94' lang='lat' dir='ltr'>et</span> <span class='ocrx_word' id='word_1_72' title='bbox 2039 1353 2566 1434; x_wconf 83' lang='lat' dir='ltr'>dispensatione</span> <span class='ocrx_word' id='word_1_73' title='bbox 2594 1355 2787 1417; x_wconf 90' lang='lat' dir='ltr'>circa</span> <span class='ocrx_word' id='word_1_74' title='bbox 2817 1351 3080 1433; x_wconf 85' lang='lat' dir='ltr'>jejnnia</span> <span class='ocrx_word' id='word_1_75' title='bbox 3109 1361 3179 1415; x_wconf 91' lang='lat' dir='ltr'>et</span> 
     </span>
     <span class='ocr_line' id='line_1_10' title="bbox 715 1458 3180 1541; baseline 0 -20"><span class='ocrx_word' id='word_1_76' title='bbox 715 1458 913 1522; x_wconf 92' lang='lat' dir='ltr'>cibos</span> <span class='ocrx_word' id='word_1_77' title='bbox 950 1458 1341 1539; x_wconf 90' lang='lat' dir='ltr'>prohibitos</span> <span class='ocrx_word' id='word_1_78' title='bbox 1379 1470 1854 1524; x_wconf 87' lang='lat' dir='ltr'>concesserat.</span> <span class='ocrx_word' id='word_1_79' title='bbox 1896 1459 2359 1524; x_wconf 89' lang='lat' dir='ltr'>Confirmavit</span> <span class='ocrx_word' id='word_1_80' title='bbox 2396 1469 2766 1541; x_wconf 88' lang='lat' dir='ltr'>praeterea</span> <span class='ocrx_word' id='word_1_81' title='bbox 2800 1460 3180 1541; x_wconf 76' lang='lat' dir='ltr'>privilegia</span> 
     </span>
     <span class='ocr_line' id='line_1_11' title="bbox 717 1563 3183 1648; baseline 0 -19"><span class='ocrx_word' id='word_1_82' title='bbox 717 1563 1054 1629; x_wconf 88' lang='lat' dir='ltr'>Societati</span> <span class='ocrx_word' id='word_1_83' title='bbox 1083 1566 1175 1630; x_wconf 91' lang='lat' dir='ltr'>ad</span> <span class='ocrx_word' id='word_1_84' title='bbox 1206 1566 1277 1631; x_wconf 91' lang='lat' dir='ltr'>id</span> <span class='ocrx_word' id='word_1_85' title='bbox 1305 1585 1527 1648; x_wconf 91' lang='lat' dir='ltr'>usque</span> <span class='ocrx_word' id='word_1_86' title='bbox 1556 1576 1834 1648; x_wconf 89' lang='lat' dir='ltr'>tempus</span> <span class='ocrx_word' id='word_1_87' title='bbox 1864 1584 2230 1646; x_wconf 89' lang='lat' dir='ltr'>concessa,</span> <span class='ocrx_word' id='word_1_88' title='bbox 2261 1584 2443 1648; x_wconf 90' lang='lat' dir='ltr'>quae</span> <span class='ocrx_word' id='word_1_89' title='bbox 2472 1567 2680 1631; x_wconf 88' lang='lat' dir='ltr'>nullis</span> <span class='ocrx_word' id='word_1_90' title='bbox 2709 1566 3183 1646; x_wconf 89' lang='lat' dir='ltr'>derogationi-</span> 
     </span>
     <span class='ocr_line' id='line_1_12' title="bbox 717 1672 3179 1756; baseline 0.001 -22"><span class='ocrx_word' id='word_1_91' title='bbox 717 1672 852 1736; x_wconf 90' lang='lat' dir='ltr'>bus</span> <span class='ocrx_word' id='word_1_92' title='bbox 884 1672 1229 1752; x_wconf 89' lang='lat' dir='ltr'>derogata</span> <span class='ocrx_word' id='word_1_93' title='bbox 1261 1684 1739 1752; x_wconf 88' lang='lat' dir='ltr'>censerentur;</span> <span class='ocrx_word' id='word_1_94' title='bbox 1773 1673 2248 1756; x_wconf 86' lang='lat' dir='ltr'>anteponendi</span> <span class='ocrx_word' id='word_1_95' title='bbox 2278 1674 2490 1739; x_wconf 89' lang='lat' dir='ltr'>etiam</span> <span class='ocrx_word' id='word_1_96' title='bbox 2520 1683 2590 1736; x_wconf 95' lang='lat' dir='ltr'>et</span> <span class='ocrx_word' id='word_1_97' title='bbox 2617 1673 3055 1755; x_wconf 89' lang='lat' dir='ltr'>posponendi</span> <span class='ocrx_word' id='word_1_98' title='bbox 3084 1673 3179 1737; x_wconf 90' lang='lat' dir='ltr'>di·</span> 
     </span>
     <span class='ocr_line' id='line_1_13' title="bbox 717 1772 3179 1863; baseline 0 -21"><span class='ocrx_word' id='word_1_99' title='bbox 717 1779 963 1843; x_wconf 88' lang='lat' dir='ltr'>vinum</span> <span class='ocrx_word' id='word_1_100' title='bbox 1003 1772 1341 1861; x_wconf 74' lang='lat' dir='ltr'>officium,</span> <span class='ocrx_word' id='word_1_101' title='bbox 1384 1790 1454 1845; x_wconf 94' lang='lat' dir='ltr'>et</span> <span class='ocrx_word' id='word_1_102' title='bbox 1490 1792 1568 1846; x_wconf 93' lang='lat' dir='ltr'>ut</span> <span class='ocrx_word' id='word_1_103' title='bbox 1608 1782 1835 1863; x_wconf 82' lang='lat' dir='ltr'>nostri</span> <span class='ocrx_word' id='word_1_104' title='bbox 1871 1782 1945 1844; x_wconf 92' lang='lat' dir='ltr'>in</span> <span class='ocrx_word' id='word_1_105' title='bbox 1993 1782 2592 1845; x_wconf 89' lang='lat' dir='ltr'>Universitatibus</span> <span class='ocrx_word' id='word_1_106' title='bbox 2640 1781 3048 1861; x_wconf 88' lang='lat' dir='ltr'>promoveri</span> <span class='ocrx_word' id='word_1_107' title='bbox 3090 1780 3179 1844; x_wconf 91' lang='lat' dir='ltr'>ad</span> 
     </span>
     <span class='ocr_line' id='line_1_14' title="bbox 717 1886 3182 1970; baseline 0 -19"><span class='ocrx_word' id='word_1_108' title='bbox 717 1886 989 1967; x_wconf 86' lang='lat' dir='ltr'>gradus</span> <span class='ocrx_word' id='word_1_109' title='bbox 1018 1888 1411 1968; x_wconf 87' lang='lat' dir='ltr'>magisterii</span> <span class='ocrx_word' id='word_1_110' title='bbox 1440 1897 1509 1952; x_wconf 95' lang='lat' dir='ltr'>et</span> <span class='ocrx_word' id='word_1_111' title='bbox 1548 1888 1965 1952; x_wconf 89' lang='lat' dir='ltr'>doctoratus</span> <span class='ocrx_word' id='word_1_112' title='bbox 1992 1906 2037 1952; x_wconf 89' lang='lat' dir='ltr'>a</span> <span class='ocrx_word' id='word_1_113' title='bbox 2075 1889 2343 1952; x_wconf 90' lang='lat' dir='ltr'>nostris</span> <span class='ocrx_word' id='word_1_114' title='bbox 2383 1898 2703 1970; x_wconf 88' lang='lat' dir='ltr'>possent,</span> <span class='ocrx_word' id='word_1_115' title='bbox 2746 1890 2809 1952; x_wconf 90' lang='lat' dir='ltr'>si</span> <span class='ocrx_word' id='word_1_116' title='bbox 2842 1887 3182 1951; x_wconf 87' lang='lat' dir='ltr'>Rectores</span> 
     </span>
     <span class='ocr_line' id='line_1_15' title="bbox 720 1994 3178 2077; baseline 0 -19"><span class='ocrx_word' id='word_1_117' title='bbox 720 1994 1283 2059; x_wconf 85' lang='lat' dir='ltr'>Universitatum</span> <span class='ocrx_word' id='word_1_118' title='bbox 1310 1995 1537 2074; x_wconf 86' lang='lat' dir='ltr'>gratis</span> <span class='ocrx_word' id='word_1_119' title='bbox 1567 2014 1690 2059; x_wconf 93' lang='lat' dir='ltr'>eos</span> <span class='ocrx_word' id='word_1_120' title='bbox 1717 1996 1986 2060; x_wconf 92' lang='lat' dir='ltr'>nollent</span> <span class='ocrx_word' id='word_1_121' title='bbox 2014 2012 2472 2077; x_wconf 89' lang='lat' dir='ltr'>promovere;</span> <span class='ocrx_word' id='word_1_122' title='bbox 2513 2005 2720 2059; x_wconf 84' lang='lat' dir='ltr'>extra</span> <span class='ocrx_word' id='word_1_123' title='bbox 2747 1994 3178 2059; x_wconf 89' lang='lat' dir='ltr'>Universita-</span> 
     </span>
     <span class='ocr_line' id='line_1_16' title="bbox 718 2101 3184 2184; baseline -0 -19"><span class='ocrx_word' id='word_1_124' title='bbox 718 2111 826 2165; x_wconf 93' lang='lat' dir='ltr'>tes</span> <span class='ocrx_word' id='word_1_125' title='bbox 856 2112 1096 2166; x_wconf 90' lang='lat' dir='ltr'>autem</span> <span class='ocrx_word' id='word_1_126' title='bbox 1122 2112 1200 2166; x_wconf 94' lang='lat' dir='ltr'>ut</span> <span class='ocrx_word' id='word_1_127' title='bbox 1230 2102 1317 2166; x_wconf 94' lang='lat' dir='ltr'>de</span> <span class='ocrx_word' id='word_1_128' title='bbox 1340 2102 1618 2166; x_wconf 91' lang='lat' dir='ltr'>licentia</span> <span class='ocrx_word' id='word_1_129' title='bbox 1642 2101 2039 2184; x_wconf 90' lang='lat' dir='ltr'>Praepositi</span> <span class='ocrx_word' id='word_1_130' title='bbox 2061 2103 2432 2167; x_wconf 91' lang='lat' dir='ltr'>Generalis</span> <span class='ocrx_word' id='word_1_131' title='bbox 2460 2113 2748 2184; x_wconf 88' lang='lat' dir='ltr'>possent</span> <span class='ocrx_word' id='word_1_132' title='bbox 2776 2102 3184 2183; x_wconf 83' lang='lat' dir='ltr'>promoveri</span> 
     </span>
     <span class='ocr_line' id='line_1_17' title="bbox 711 2195 3183 2292; baseline -0.001 -19"><span class='ocrx_word' id='word_1_133' title='bbox 711 2195 791 2273; x_wconf 58' lang='lat' dir='ltr'>&#39;et</span> <span class='ocrx_word' id='word_1_134' title='bbox 821 2210 1147 2274; x_wconf 89' lang='lat' dir='ltr'>omnibus</span> <span class='ocrx_word' id='word_1_135' title='bbox 1175 2210 1568 2290; x_wconf 88' lang='lat' dir='ltr'>privilegiis</span> <span class='ocrx_word' id='word_1_136' title='bbox 1594 2210 1910 2289; x_wconf 88' lang='lat' dir='ltr'>gaudere</span> <span class='ocrx_word' id='word_1_137' title='bbox 1930 2260 1946 2292; x_wconf 91' lang='lat'>,</span> <span class='ocrx_word' id='word_1_138' title='bbox 1980 2211 2231 2291; x_wconf 91' lang='lat' dir='ltr'>quibus</span> <span class='ocrx_word' id='word_1_139' title='bbox 2257 2210 2563 2291; x_wconf 90' lang='lat' dir='ltr'>promoti</span> <span class='ocrx_word' id='word_1_140' title='bbox 2592 2210 2666 2273; x_wconf 90' lang='lat' dir='ltr'>in</span> <span class='ocrx_word' id='word_1_141' title='bbox 2692 2209 3183 2274; x_wconf 85' lang='lat' dir='ltr'>Universitati-</span> 
     </span>
     <span class='ocr_line' id='line_1_18' title="bbox 720 2316 3184 2399; baseline 0 -20"><span class='ocrx_word' id='word_1_142' title='bbox 720 2317 855 2381; x_wconf 90' lang='lat' dir='ltr'>bus</span> <span class='ocrx_word' id='word_1_143' title='bbox 883 2317 1222 2396; x_wconf 86' lang='lat' dir='ltr'>gaudent,</span> <span class='ocrx_word' id='word_1_144' title='bbox 1257 2326 1327 2380; x_wconf 93' lang='lat' dir='ltr'>et</span> <span class='ocrx_word' id='word_1_145' title='bbox 1355 2326 1430 2380; x_wconf 91' lang='lat' dir='ltr'>ut</span> <span class='ocrx_word' id='word_1_146' title='bbox 1459 2317 1716 2381; x_wconf 87' lang='lat' dir='ltr'>infirmi</span> <span class='ocrx_word' id='word_1_147' title='bbox 1746 2336 1830 2381; x_wconf 93' lang='lat' dir='ltr'>ac</span> <span class='ocrx_word' id='word_1_148' title='bbox 1863 2335 2070 2381; x_wconf 90' lang='lat' dir='ltr'>senes</span> <span class='ocrx_word' id='word_1_149' title='bbox 2096 2318 2399 2399; x_wconf 85' lang='lat' dir='ltr'>professi</span> <span class='ocrx_word' id='word_1_150' title='bbox 2429 2327 2497 2381; x_wconf 91' lang='lat' dir='ltr'>et</span> <span class='ocrx_word' id='word_1_151' title='bbox 2527 2318 2617 2381; x_wconf 91' lang='lat' dir='ltr'>ad</span> <span class='ocrx_word' id='word_1_152' title='bbox 2646 2316 3083 2398; x_wconf 90' lang='lat' dir='ltr'>operandum</span> <span class='ocrx_word' id='word_1_153' title='bbox 3110 2316 3184 2378; x_wconf 91' lang='lat' dir='ltr'>in</span> 
     </span>
     <span class='ocr_line' id='line_1_19' title="bbox 719 2423 3158 2505; baseline 0 -18"><span class='ocrx_word' id='word_1_154' title='bbox 719 2425 935 2488; x_wconf 89' lang='lat' dir='ltr'>vinea</span> <span class='ocrx_word' id='word_1_155' title='bbox 963 2424 1250 2488; x_wconf 89' lang='lat' dir='ltr'>Domini</span> <span class='ocrx_word' id='word_1_156' title='bbox 1276 2442 1420 2488; x_wconf 93' lang='lat' dir='ltr'>non</span> <span class='ocrx_word' id='word_1_157' title='bbox 1447 2425 1683 2489; x_wconf 86' lang='lat' dir='ltr'>idonei</span> <span class='ocrx_word' id='word_1_158' title='bbox 1703 2443 1868 2489; x_wconf 93' lang='lat' dir='ltr'>cum</span> <span class='ocrx_word' id='word_1_159' title='bbox 1887 2424 2225 2489; x_wconf 87' lang='lat' dir='ltr'>facultate</span> <span class='ocrx_word' id='word_1_160' title='bbox 2254 2423 2650 2505; x_wconf 90' lang='lat' dir='ltr'>Praepositi</span> <span class='ocrx_word' id='word_1_161' title='bbox 2674 2424 3045 2488; x_wconf 89' lang='lat' dir='ltr'>Generalis</span> <span class='ocrx_word' id='word_1_162' title='bbox 3073 2441 3158 2487; x_wconf 91' lang='lat' dir='ltr'>su</span> 
     </span>
     <span class='ocr_line' id='line_1_20' title="bbox 722 2529 3188 2614; baseline -0.001 -20"><span class='ocrx_word' id='word_1_163' title='bbox 722 2532 1021 2595; x_wconf 90' lang='lat' dir='ltr'>stentari</span> <span class='ocrx_word' id='word_1_164' title='bbox 1049 2532 1122 2594; x_wconf 93' lang='lat' dir='ltr'>in</span> <span class='ocrx_word' id='word_1_165' title='bbox 1149 2531 1484 2611; x_wconf 90' lang='lat' dir='ltr'>Collegiis</span> <span class='ocrx_word' id='word_1_166' title='bbox 1512 2541 1823 2613; x_wconf 91' lang='lat' dir='ltr'>possent.</span> <span class='ocrx_word' id='word_1_167' title='bbox 1872 2531 2021 2596; x_wconf 92' lang='lat' dir='ltr'>Nec</span> <span class='ocrx_word' id='word_1_168' title='bbox 2061 2532 2382 2596; x_wconf 89' lang='lat' dir='ltr'>omittam</span> <span class='ocrx_word' id='word_1_169' title='bbox 2421 2531 2611 2614; x_wconf 90' lang='lat' dir='ltr'>quod</span> <span class='ocrx_word' id='word_1_170' title='bbox 2652 2550 2813 2595; x_wconf 89' lang='lat' dir='ltr'>cum</span> <span class='ocrx_word' id='word_1_171' title='bbox 2853 2529 3188 2595; x_wconf 86' lang='lat' dir='ltr'>Summus</span> 
     </span>
     <span class='ocr_line' id='line_1_21' title="bbox 721 2637 3183 2721; baseline -0 -20"><span class='ocrx_word' id='word_1_172' title='bbox 721 2637 1048 2702; x_wconf 88' lang='lat' dir='ltr'>Pontifex</span> <span class='ocrx_word' id='word_1_173' title='bbox 1079 2639 1214 2701; x_wconf 92' lang='lat' dir='ltr'>hoc</span> <span class='ocrx_word' id='word_1_174' title='bbox 1244 2638 1585 2720; x_wconf 90' lang='lat' dir='ltr'>ultimum,</span> <span class='ocrx_word' id='word_1_175' title='bbox 1613 2639 1824 2721; x_wconf 92' lang='lat' dir='ltr'>quod,</span> <span class='ocrx_word' id='word_1_176' title='bbox 1854 2648 2281 2720; x_wconf 90' lang='lat' dir='ltr'>suggerente</span> <span class='ocrx_word' id='word_1_177' title='bbox 2309 2638 2385 2702; x_wconf 92' lang='lat' dir='ltr'>P.</span> <span class='ocrx_word' id='word_1_178' title='bbox 2412 2637 2718 2720; x_wconf 88' lang='lat' dir='ltr'>Simone,</span> <span class='ocrx_word' id='word_1_179' title='bbox 2744 2638 3183 2720; x_wconf 90' lang='lat' dir='ltr'>propositum</span> 
     </span>
     <span class='ocr_line' id='line_1_22' title="bbox 724 2744 3185 2829; baseline -0.001 -20"><span class='ocrx_word' id='word_1_180' title='bbox 724 2745 860 2825; x_wconf 91' lang='lat' dir='ltr'>ipsi</span> <span class='ocrx_word' id='word_1_181' title='bbox 895 2744 1057 2826; x_wconf 89' lang='lat' dir='ltr'>fuit,</span> <span class='ocrx_word' id='word_1_182' title='bbox 1102 2746 1552 2826; x_wconf 88' lang='lat' dir='ltr'>concederet,</span> <span class='ocrx_word' id='word_1_183' title='bbox 1595 2747 1817 2811; x_wconf 86' lang='lat' dir='ltr'>verba</span> <span class='ocrx_word' id='word_1_184' title='bbox 1857 2747 2036 2810; x_wconf 93' lang='lat' dir='ltr'>haec</span> <span class='ocrx_word' id='word_1_185' title='bbox 2063 2765 2190 2829; x_wconf 91' lang='lat' dir='ltr'>per</span> <span class='ocrx_word' id='word_1_186' title='bbox 2218 2747 2507 2811; x_wconf 91' lang='lat' dir='ltr'>modum</span> <span class='ocrx_word' id='word_1_187' title='bbox 2529 2746 2675 2827; x_wconf 89' lang='lat' dir='ltr'>joci</span> <span class='ocrx_word' id='word_1_188' title='bbox 2705 2744 3006 2810; x_wconf 89' lang='lat' dir='ltr'>addidit:</span> <span class='ocrx_word' id='word_1_189' title='bbox 3037 2761 3185 2807; x_wconf 82' lang='lat' dir='ltr'>non</span> 
     </span>
     <span class='ocr_line' id='line_1_23' title="bbox 721 2851 3182 2935; baseline -0.001 -20"><span class='ocrx_word' id='word_1_190' title='bbox 721 2851 975 2915; x_wconf 83' lang='lat' dir='ltr'>vorrei</span> <span class='ocrx_word' id='word_1_191' title='bbox 994 2852 1115 2915; x_wconf 82' lang='lat' dir='ltr'>che</span> <span class='ocrx_word' id='word_1_192' title='bbox 1143 2851 1600 2931; x_wconf 82' lang='lat' dir='ltr'>sz&#39;sacessero</span> <span class='ocrx_word' id='word_1_193' title='bbox 1631 2853 1874 2933; x_wconf 81' lang='lat' dir='ltr'>questi</span> <span class='ocrx_word' id='word_1_194' title='bbox 1884 2852 2120 2934; x_wconf 82' lang='lat' dir='ltr'>padri</span> <span class='ocrx_word' id='word_1_195' title='bbox 2128 2853 2465 2935; x_wconf 85' lang='lat' dir='ltr'>poltrom&#39;</span> <span class='ocrx_word' id='word_1_196' title='bbox 2495 2870 2626 2916; x_wconf 88' lang='lat' dir='ltr'>con</span> <span class='ocrx_word' id='word_1_197' title='bbox 2654 2852 2762 2916; x_wconf 89' lang='lat' dir='ltr'>tal</span> <span class='ocrx_word' id='word_1_198' title='bbox 2800 2867 3182 2915; x_wconf 69' lang='lat' dir='ltr'>concess-to·</span> 
     </span>
     <span class='ocr_line' id='line_1_24' title="bbox 721 2957 3183 3041; baseline 0 -19"><span class='ocrx_word' id='word_1_199' title='bbox 721 2977 844 3036; x_wconf 84' lang='lat' dir='ltr'>ne,</span> <span class='ocrx_word' id='word_1_200' title='bbox 882 2959 1086 3040; x_wconf 90' lang='lat' dir='ltr'>quasi</span> <span class='ocrx_word' id='word_1_201' title='bbox 1123 2959 1559 3040; x_wconf 89' lang='lat' dir='ltr'>significaret</span> <span class='ocrx_word' id='word_1_202' title='bbox 1595 2978 1813 3041; x_wconf 90' lang='lat' dir='ltr'>parce</span> <span class='ocrx_word' id='word_1_203' title='bbox 1853 2961 2234 3025; x_wconf 88' lang='lat' dir='ltr'>admodum</span> <span class='ocrx_word' id='word_1_204' title='bbox 2270 2959 2609 3025; x_wconf 90' lang='lat' dir='ltr'>utendum</span> <span class='ocrx_word' id='word_1_205' title='bbox 2647 2958 3047 3040; x_wconf 88' lang='lat' dir='ltr'>hujusmodi</span> <span class='ocrx_word' id='word_1_206' title='bbox 3082 2957 3183 3022; x_wconf 87' lang='lat' dir='ltr'>fa-</span> 
     </span>
     <span class='ocr_line' id='line_1_25' title="bbox 721 3065 2882 3149; baseline -0.001 -18"><span class='ocrx_word' id='word_1_207' title='bbox 721 3068 981 3131; x_wconf 92' lang='lat' dir='ltr'>cultate</span> <span class='ocrx_word' id='word_1_208' title='bbox 1011 3076 1080 3130; x_wconf 93' lang='lat' dir='ltr'>et</span> <span class='ocrx_word' id='word_1_209' title='bbox 1110 3065 1300 3149; x_wconf 93' lang='lat' dir='ltr'>quod</span> <span class='ocrx_word' id='word_1_210' title='bbox 1328 3085 1470 3130; x_wconf 92' lang='lat' dir='ltr'>non</span> <span class='ocrx_word' id='word_1_211' title='bbox 1501 3067 1884 3131; x_wconf 89' lang='lat' dir='ltr'>admodum</span> <span class='ocrx_word' id='word_1_212' title='bbox 1913 3068 2208 3131; x_wconf 90' lang='lat' dir='ltr'>libenter</span> <span class='ocrx_word' id='word_1_213' title='bbox 2239 3085 2396 3132; x_wconf 88' lang='lat' dir='ltr'>eam</span> <span class='ocrx_word' id='word_1_214' title='bbox 2428 3067 2882 3131; x_wconf 89' lang='lat' dir='ltr'>concedebat.</span> 
     </span>
    </p>

    <p class='ocr_par' dir='ltr' id='par_1_4' title="bbox 841 3172 3180 3239">
     <span class='ocr_line' id='line_1_26' title="bbox 841 3172 3180 3239; baseline -0 -3"><span class='ocrx_word' id='word_1_215' title='bbox 841 3172 941 3237; x_wconf 89' lang='lat'>21.</span> <span class='ocrx_word' id='word_1_216' title='bbox 1033 3173 1466 3238; x_wconf 92' lang='lat' dir='ltr'>Ostendebat</span> <span class='ocrx_word' id='word_1_217' title='bbox 1496 3184 1733 3238; x_wconf 90' lang='lat' dir='ltr'>autem</span> <span class='ocrx_word' id='word_1_218' title='bbox 1755 3173 2088 3239; x_wconf 88' lang='lat' dir='ltr'>Summus</span> <span class='ocrx_word' id='word_1_219' title='bbox 2108 3174 2433 3238; x_wconf 84' lang='lat' dir='ltr'>Pontifex</span> <span class='ocrx_word' id='word_1_220' title='bbox 2461 3192 2604 3238; x_wconf 90' lang='lat' dir='ltr'>non</span> <span class='ocrx_word' id='word_1_221' title='bbox 2634 3175 2861 3238; x_wconf 91' lang='lat' dir='ltr'>solum</span> <span class='ocrx_word' id='word_1_222' title='bbox 2880 3174 3180 3236; x_wconf 86' lang='lat' dir='ltr'>benevo-</span> 
     </span>
    </p>
   </div>
   <div class='ocr_carea' id='block_1_3' title="bbox 722 3280 3290 3346">
    <p class='ocr_par' dir='ltr' id='par_1_5' title="bbox 722 3280 3290 3346">
     <span class='ocr_line' id='line_1_27' title="bbox 722 3280 3290 3346; baseline -0.001 -3"><span class='ocrx_word' id='word_1_223' title='bbox 722 3281 1011 3344; x_wconf 87' lang='lat' dir='ltr'>lentiam</span> <span class='ocrx_word' id='word_1_224' title='bbox 1034 3282 1159 3345; x_wconf 91' lang='lat' dir='ltr'>sed</span> <span class='ocrx_word' id='word_1_225' title='bbox 1188 3281 1783 3345; x_wconf 87' lang='lat' dir='ltr'>existimationem</span> <span class='ocrx_word' id='word_1_226' title='bbox 1813 3283 2030 3346; x_wconf 91' lang='lat' dir='ltr'>etiam</span> <span class='ocrx_word' id='word_1_227' title='bbox 2066 3282 2153 3345; x_wconf 94' lang='lat' dir='ltr'>de</span> <span class='ocrx_word' id='word_1_228' title='bbox 2190 3280 2568 3346; x_wconf 90' lang='lat' dir='ltr'>Societatis</span> <span class='ocrx_word' id='word_1_229' title='bbox 2604 3280 3001 3345; x_wconf 90' lang='lat' dir='ltr'>hominibus</span> <span class='ocrx_word' id='word_1_230' title='bbox 3042 3296 3186 3343; x_wconf 91' lang='lat' dir='ltr'>non</span> <span class='ocrx_word' id='word_1_231' title='bbox 3287 3337 3290 3340; x_wconf 87' lang='lat'>.</span> 
     </span>
    </p>
   </div>
   <div class='ocr_carea' id='block_1_4' title="bbox 723 3386 3189 4219">
    <p class='ocr_par' dir='ltr' id='par_1_6' title="bbox 723 3386 3189 4219">
     <span class='ocr_line' id='line_1_28' title="bbox 723 3386 3188 3469; baseline 0 -20"><span class='ocrx_word' id='word_1_232' title='bbox 723 3389 1093 3467; x_wconf 87' lang='lat' dir='ltr'>vulgarem</span> <span class='ocrx_word' id='word_1_233' title='bbox 1143 3407 1220 3451; x_wconf 93' lang='lat' dir='ltr'>se</span> <span class='ocrx_word' id='word_1_234' title='bbox 1269 3389 1565 3469; x_wconf 80' lang='lat' dir='ltr'>habere3</span> <span class='ocrx_word' id='word_1_235' title='bbox 1620 3389 1805 3452; x_wconf 91' lang='lat' dir='ltr'>unde</span> <span class='ocrx_word' id='word_1_236' title='bbox 1848 3406 2011 3453; x_wconf 90' lang='lat' dir='ltr'>cum</span> <span class='ocrx_word' id='word_1_237' title='bbox 2056 3390 2347 3453; x_wconf 91' lang='lat' dir='ltr'>illustris</span> <span class='ocrx_word' id='word_1_238' title='bbox 2399 3388 2653 3453; x_wconf 92' lang='lat' dir='ltr'>Comes</span> <span class='ocrx_word' id='word_1_239' title='bbox 2699 3389 2785 3452; x_wconf 91' lang='lat' dir='ltr'>de</span> <span class='ocrx_word' id='word_1_240' title='bbox 2834 3386 3188 3451; x_wconf 90' lang='lat' dir='ltr'>Montorio</span> 
     </span>
     <span class='ocr_line' id='line_1_29' title="bbox 723 3493 3185 3577; baseline -0.001 -20"><span class='ocrx_word' id='word_1_241' title='bbox 723 3496 1006 3557; x_wconf 88' lang='lat' dir='ltr'>nomine</span> <span class='ocrx_word' id='word_1_242' title='bbox 1042 3494 1402 3575; x_wconf 89' lang='lat' dir='ltr'>Pro-regis</span> <span class='ocrx_word' id='word_1_243' title='bbox 1451 3497 1886 3577; x_wconf 90' lang='lat' dir='ltr'>neapolitani</span> <span class='ocrx_word' id='word_1_244' title='bbox 1933 3497 2020 3559; x_wconf 92' lang='lat' dir='ltr'>ab</span> <span class='ocrx_word' id='word_1_245' title='bbox 2071 3497 2225 3577; x_wconf 89' lang='lat' dir='ltr'>ipso</span> <span class='ocrx_word' id='word_1_246' title='bbox 2274 3505 2545 3577; x_wconf 91' lang='lat' dir='ltr'>peteret</span> <span class='ocrx_word' id='word_1_247' title='bbox 2581 3495 2657 3559; x_wconf 94' lang='lat' dir='ltr'>P.</span> <span class='ocrx_word' id='word_1_248' title='bbox 2702 3493 3185 3559; x_wconf 88' lang='lat' dir='ltr'>Salmeronem</span> 
     </span>
     <span class='ocr_line' id='line_1_30' title="bbox 726 3598 3184 3684; baseline -0.002 -19"><span class='ocrx_word' id='word_1_249' title='bbox 726 3601 1094 3682; x_wconf 90' lang='lat' dir='ltr'>Neapolim</span> <span class='ocrx_word' id='word_1_250' title='bbox 1119 3602 1332 3681; x_wconf 92' lang='lat' dir='ltr'>mitti,</span> <span class='ocrx_word' id='word_1_251' title='bbox 1366 3601 1733 3684; x_wconf 89' lang='lat' dir='ltr'>respondit</span> <span class='ocrx_word' id='word_1_252' title='bbox 1762 3604 1861 3667; x_wconf 91' lang='lat' dir='ltr'>illi</span> <span class='ocrx_word' id='word_1_253' title='bbox 1889 3604 2373 3667; x_wconf 90' lang='lat' dir='ltr'>necessarium</span> <span class='ocrx_word' id='word_1_254' title='bbox 2401 3620 2558 3666; x_wconf 91' lang='lat' dir='ltr'>esse</span> <span class='ocrx_word' id='word_1_255' title='bbox 2586 3603 2661 3665; x_wconf 92' lang='lat' dir='ltr'>in</span> <span class='ocrx_word' id='word_1_256' title='bbox 2700 3600 3015 3666; x_wconf 90' lang='lat' dir='ltr'>Concilio</span> <span class='ocrx_word' id='word_1_257' title='bbox 3054 3598 3184 3662; x_wconf 83' lang='lat' dir='ltr'>Pa·</span> 
     </span>
     <span class='ocr_line' id='line_1_31' title="bbox 724 3705 3184 3791; baseline -0.001 -19"><span class='ocrx_word' id='word_1_258' title='bbox 724 3718 905 3772; x_wconf 90' lang='lat' dir='ltr'>trem</span> <span class='ocrx_word' id='word_1_259' title='bbox 920 3706 1427 3790; x_wconf 78' lang='lat' dir='ltr'>Salmeronem3</span> <span class='ocrx_word' id='word_1_260' title='bbox 1447 3718 1516 3772; x_wconf 93' lang='lat' dir='ltr'>et</span> <span class='ocrx_word' id='word_1_261' title='bbox 1531 3709 1878 3773; x_wconf 90' lang='lat' dir='ltr'>Ducissae</span> <span class='ocrx_word' id='word_1_262' title='bbox 1891 3709 2315 3789; x_wconf 90' lang='lat' dir='ltr'>Florentiae,</span> <span class='ocrx_word' id='word_1_263' title='bbox 2333 3727 2513 3791; x_wconf 91' lang='lat' dir='ltr'>quae</span> <span class='ocrx_word' id='word_1_264' title='bbox 2535 3708 2611 3772; x_wconf 94' lang='lat' dir='ltr'>P.</span> <span class='ocrx_word' id='word_1_265' title='bbox 2637 3709 2980 3791; x_wconf 89' lang='lat' dir='ltr'>Jacobum</span> <span class='ocrx_word' id='word_1_266' title='bbox 3000 3705 3184 3787; x_wconf 87' lang='lat' dir='ltr'>Lay-</span> 
     </span>
     <span class='ocr_line' id='line_1_32' title="bbox 724 3814 3185 3897; baseline -0.001 -19"><span class='ocrx_word' id='word_1_267' title='bbox 724 3834 856 3879; x_wconf 90' lang='lat' dir='ltr'>nez</span> <span class='ocrx_word' id='word_1_268' title='bbox 886 3833 929 3878; x_wconf 89' lang='lat' dir='ltr'>a</span> <span class='ocrx_word' id='word_1_269' title='bbox 958 3834 1035 3880; x_wconf 92' lang='lat' dir='ltr'>se</span> <span class='ocrx_word' id='word_1_270' title='bbox 1066 3833 1326 3896; x_wconf 86' lang='lat' dir='ltr'>magno</span> <span class='ocrx_word' id='word_1_271' title='bbox 1357 3834 1519 3880; x_wconf 91' lang='lat' dir='ltr'>cum</span> <span class='ocrx_word' id='word_1_272' title='bbox 1548 3815 1802 3879; x_wconf 87' lang='lat' dir='ltr'>affectu</span> <span class='ocrx_word' id='word_1_273' title='bbox 1829 3817 2320 3897; x_wconf 86' lang='lat' dir='ltr'>postulaverat</span> <span class='ocrx_word' id='word_1_274' title='bbox 2340 3865 2354 3894; x_wconf 93' lang='lat'>,</span> <span class='ocrx_word' id='word_1_275' title='bbox 2387 3834 2464 3879; x_wconf 91' lang='lat' dir='ltr'>se</span> <span class='ocrx_word' id='word_1_276' title='bbox 2492 3826 2726 3880; x_wconf 89' lang='lat' dir='ltr'>tamen</span> <span class='ocrx_word' id='word_1_277' title='bbox 2757 3814 2827 3878; x_wconf 92' lang='lat' dir='ltr'>id</span> <span class='ocrx_word' id='word_1_278' title='bbox 2855 3830 3185 3894; x_wconf 87' lang='lat' dir='ltr'>negasse,</span> 
     </span>
     <span class='ocr_line' id='line_1_33' title="bbox 728 3920 3184 4005; baseline -0.002 -17"><span class='ocrx_word' id='word_1_279' title='bbox 728 3923 893 4005; x_wconf 91' lang='lat' dir='ltr'>quia</span> <span class='ocrx_word' id='word_1_280' title='bbox 932 3925 1032 3987; x_wconf 89' lang='lat' dir='ltr'>illi</span> <span class='ocrx_word' id='word_1_281' title='bbox 1068 3924 1206 3986; x_wconf 93' lang='lat' dir='ltr'>duo</span> <span class='ocrx_word' id='word_1_282' title='bbox 1235 3922 1486 3986; x_wconf 90' lang='lat' dir='ltr'>Patres</span> <span class='ocrx_word' id='word_1_283' title='bbox 1523 3932 1773 3986; x_wconf 92' lang='lat' dir='ltr'>contra</span> <span class='ocrx_word' id='word_1_284' title='bbox 1814 3940 2166 3987; x_wconf 87' lang='lat' dir='ltr'>venenum</span> <span class='ocrx_word' id='word_1_285' title='bbox 2206 3922 2721 3987; x_wconf 88' lang='lat' dir='ltr'>haereticorum</span> <span class='ocrx_word' id='word_1_286' title='bbox 2759 3922 2832 3985; x_wconf 89' lang='lat' dir='ltr'>in</span> <span class='ocrx_word' id='word_1_287' title='bbox 2869 3920 3184 3984; x_wconf 90' lang='lat' dir='ltr'>Concilio</span> 
     </span>
     <span class='ocr_line' id='line_1_34' title="bbox 727 4028 3189 4112; baseline -0.002 -18"><span class='ocrx_word' id='word_1_288' title='bbox 727 4032 1115 4095; x_wconf 91' lang='lat' dir='ltr'>necessarii</span> <span class='ocrx_word' id='word_1_289' title='bbox 1144 4040 1369 4110; x_wconf 89' lang='lat' dir='ltr'>erant,</span> <span class='ocrx_word' id='word_1_290' title='bbox 1395 4038 1604 4112; x_wconf 88' lang='lat' dir='ltr'>prout</span> <span class='ocrx_word' id='word_1_291' title='bbox 1634 4031 1784 4111; x_wconf 90' lang='lat' dir='ltr'>ipse</span> <span class='ocrx_word' id='word_1_292' title='bbox 1810 4039 2263 4112; x_wconf 89' lang='lat' dir='ltr'>perspectum</span> <span class='ocrx_word' id='word_1_293' title='bbox 2289 4030 2593 4094; x_wconf 92' lang='lat' dir='ltr'>habebat</span> <span class='ocrx_word' id='word_1_294' title='bbox 2614 4028 2763 4110; x_wconf 87' lang='lat' dir='ltr'>jam</span> <span class='ocrx_word' id='word_1_295' title='bbox 2790 4029 2952 4092; x_wconf 89' lang='lat' dir='ltr'>inde</span> <span class='ocrx_word' id='word_1_296' title='bbox 2981 4028 3072 4091; x_wconf 89' lang='lat' dir='ltr'>ab</span> <span class='ocrx_word' id='word_1_297' title='bbox 3099 4044 3189 4090; x_wconf 92' lang='lat' dir='ltr'>eo</span> 
     </span>
     <span class='ocr_line' id='line_1_35' title="bbox 730 4134 3184 4219; baseline -0.002 -16"><span class='ocrx_word' id='word_1_298' title='bbox 730 4150 1082 4219; x_wconf 91' lang='lat' dir='ltr'>tempore,</span> <span class='ocrx_word' id='word_1_299' title='bbox 1113 4155 1252 4218; x_wconf 92' lang='lat' dir='ltr'>quo</span> <span class='ocrx_word' id='word_1_300' title='bbox 1282 4138 1355 4200; x_wconf 92' lang='lat' dir='ltr'>in</span> <span class='ocrx_word' id='word_1_301' title='bbox 1384 4137 1699 4201; x_wconf 90' lang='lat' dir='ltr'>Concilio</span> <span class='ocrx_word' id='word_1_302' title='bbox 1728 4138 2007 4217; x_wconf 88' lang='lat' dir='ltr'>legatus</span> <span class='ocrx_word' id='word_1_303' title='bbox 2049 4136 2302 4200; x_wconf 90' lang='lat' dir='ltr'>fuerat.</span> <span class='ocrx_word' id='word_1_304' title='bbox 2347 4136 2525 4200; x_wconf 92' lang='lat' dir='ltr'>Cum</span> <span class='ocrx_word' id='word_1_305' title='bbox 2561 4137 2774 4199; x_wconf 92' lang='lat' dir='ltr'>etiam</span> <span class='ocrx_word' id='word_1_306' title='bbox 2811 4134 3184 4199; x_wconf 87' lang='lat' dir='ltr'>intellexis-</span> 
     </span>
    </p>
   </div>
   <div class='ocr_carea' id='block_1_5' title="bbox 728 4336 3194 4750">
    <p class='ocr_par' dir='ltr' id='par_1_7' title="bbox 728 4336 3194 4750">
     <span class='ocr_line' id='line_1_36' title="bbox 811 4336 3188 4397; baseline -0.003 -11"><span class='ocrx_word' id='word_1_307' title='bbox 811 4344 828 4377; x_wconf 87' lang='lat'>¹</span> <span class='ocrx_word' id='word_1_308' title='bbox 886 4343 1075 4397; x_wconf 78' lang='lat' dir='ltr'>Ignatii</span> <span class='ocrx_word' id='word_1_309' title='bbox 1099 4349 1148 4386; x_wconf 88' lang='lat' dir='ltr'>et</span> <span class='ocrx_word' id='word_1_310' title='bbox 1171 4341 1381 4386; x_wconf 71' lang='lat' dir='ltr'>Polanci</span> <span class='ocrx_word' id='word_1_311' title='bbox 1412 4342 1643 4391; x_wconf 77' lang='lat' dir='ltr'>litteras.</span> <span class='ocrx_word' id='word_1_312' title='bbox 1660 4342 1726 4385; x_wconf 79' lang='lat' dir='ltr'>ad</span> <span class='ocrx_word' id='word_1_313' title='bbox 1748 4341 2085 4386; x_wconf 82' lang='lat' dir='ltr'>Franciscum</span> <span class='ocrx_word' id='word_1_314' title='bbox 2105 4341 2323 4395; x_wconf 59' lang='lat' dir='ltr'>Borma,</span> <span class='ocrx_word' id='word_1_315' title='bbox 2352 4341 2404 4385; x_wconf 84' lang='lat' dir='ltr'>in</span> <span class='ocrx_word' id='word_1_316' title='bbox 2434 4341 2617 4395; x_wconf 79' lang='lat' dir='ltr'>quibus</span> <span class='ocrx_word' id='word_1_317' title='bbox 2647 4340 2707 4383; x_wconf 88' lang='lat' dir='ltr'>de</span> <span class='ocrx_word' id='word_1_318' title='bbox 2738 4340 2838 4384; x_wconf 84' lang='lat' dir='ltr'>hac</span> <span class='ocrx_word' id='word_1_319' title='bbox 2858 4338 2978 4392; x_wconf 87' lang='lat' dir='ltr'>Julii</span> <span class='ocrx_word' id='word_1_320' title='bbox 3007 4336 3080 4381; x_wconf 89' lang='lat'>111</span> <span class='ocrx_word' id='word_1_321' title='bbox 3100 4348 3188 4380; x_wconf 80' lang='lat' dir='ltr'>vo·</span> 
     </span>
     <span class='ocr_line' id='line_1_37' title="bbox 728 4409 3188 4468; baseline -0.004 -7"><span class='ocrx_word' id='word_1_322' title='bbox 728 4421 929 4463; x_wconf 79' lang='lat' dir='ltr'>mutate</span> <span class='ocrx_word' id='word_1_323' title='bbox 947 4426 1118 4459; x_wconf 70' lang='lat' dir='ltr'>nermo</span> <span class='ocrx_word' id='word_1_324' title='bbox 1141 4420 1220 4457; x_wconf 78' lang='lat' dir='ltr'>est</span> <span class='ocrx_word' id='word_1_325' title='bbox 1234 4446 1246 4467; x_wconf 87' lang='lat'>,</span> <span class='ocrx_word' id='word_1_326' title='bbox 1268 4414 1431 4457; x_wconf 77' lang='lat' dir='ltr'>habes</span> <span class='ocrx_word' id='word_1_327' title='bbox 1451 4413 1501 4458; x_wconf 84' lang='lat' dir='ltr'>in</span> <span class='ocrx_word' id='word_1_328' title='bbox 1524 4412 1714 4457; x_wconf 70' lang='lat' dir='ltr'>Carras</span> <span class='ocrx_word' id='word_1_329' title='bbox 1745 4414 1811 4457; x_wconf 79' lang='lat' dir='ltr'>de</span> <span class='ocrx_word' id='word_1_330' title='bbox 1845 4413 1956 4457; x_wconf 82' lang='lat' dir='ltr'>San</span> <span class='ocrx_word' id='word_1_331' title='bbox 1977 4413 2224 4468; x_wconf 73' lang='lat' dir='ltr'>Ignacao,</span> <span class='ocrx_word' id='word_1_332' title='bbox 2244 4419 2282 4458; x_wconf 90' lang='lat' dir='ltr'>t.</span> <span class='ocrx_word' id='word_1_333' title='bbox 2303 4423 2359 4456; x_wconf 84' lang='lat' dir='ltr'>m</span> <span class='ocrx_word' id='word_1_334' title='bbox 2373 4445 2384 4466; x_wconf 88' lang='lat'>,</span> <span class='ocrx_word' id='word_1_335' title='bbox 2406 4424 2490 4467; x_wconf 88' lang='lat' dir='ltr'>pp.</span> <span class='ocrx_word' id='word_1_336' title='bbox 2509 4412 2564 4455; x_wconf 87' lang='lat'>59</span> <span class='ocrx_word' id='word_1_337' title='bbox 2584 4418 2634 4455; x_wconf 87' lang='lat' dir='ltr'>et</span> <span class='ocrx_word' id='word_1_338' title='bbox 2654 4413 2722 4455; x_wconf 78' lang='lat'>62.</span> <span class='ocrx_word' id='word_1_339' title='bbox 2745 4411 2845 4454; x_wconf 84' lang='lat' dir='ltr'>Sed</span> <span class='ocrx_word' id='word_1_340' title='bbox 2866 4409 3188 4454; x_wconf 74' lang='lat' dir='ltr'>animadver-</span> 
     </span>
     <span class='ocr_line' id='line_1_38' title="bbox 731 4481 3187 4546; baseline -0.003 -14"><span class='ocrx_word' id='word_1_341' title='bbox 731 4495 841 4533; x_wconf 83' lang='lat' dir='ltr'>tere</span> <span class='ocrx_word' id='word_1_342' title='bbox 874 4493 1077 4546; x_wconf 86' lang='lat' dir='ltr'>oportet</span> <span class='ocrx_word' id='word_1_343' title='bbox 1113 4485 1321 4529; x_wconf 81' lang='lat' dir='ltr'>Polanci</span> <span class='ocrx_word' id='word_1_344' title='bbox 1358 4486 1565 4530; x_wconf 77' lang='lat' dir='ltr'>litteras</span> <span class='ocrx_word' id='word_1_345' title='bbox 1597 4485 1755 4529; x_wconf 77' lang='lat' dir='ltr'>fuisse</span> <span class='ocrx_word' id='word_1_346' title='bbox 1791 4496 1823 4529; x_wconf 79' lang='lat' dir='ltr'>a</span> <span class='ocrx_word' id='word_1_347' title='bbox 1859 4484 2165 4540; x_wconf 81' lang='lat' dir='ltr'>Cient&#39;uegos</span> <span class='ocrx_word' id='word_1_348' title='bbox 2198 4485 2329 4529; x_wconf 84' lang='lat' dir='ltr'>mire</span> <span class='ocrx_word' id='word_1_349' title='bbox 2359 4485 2671 4538; x_wconf 84' lang='lat' dir='ltr'>multumque</span> <span class='ocrx_word' id='word_1_350' title='bbox 2703 4483 3004 4526; x_wconf 68' lang='lat' dir='ltr'>decurtatae</span> <span class='ocrx_word' id='word_1_351' title='bbox 3024 4487 3076 4525; x_wconf 88' lang='lat' dir='ltr'>et</span> <span class='ocrx_word' id='word_1_352' title='bbox 3096 4481 3187 4524; x_wconf 84' lang='lat' dir='ltr'>im·</span> 
     </span>
     <span class='ocr_line' id='line_1_39' title="bbox 729 4552 3189 4614; baseline -0.004 -9"><span class='ocrx_word' id='word_1_353' title='bbox 729 4566 975 4614; x_wconf 78' lang='lat' dir='ltr'>mutatas,</span> <span class='ocrx_word' id='word_1_354' title='bbox 996 4562 1072 4604; x_wconf 84' lang='lat' dir='ltr'>ita</span> <span class='ocrx_word' id='word_1_355' title='bbox 1091 4567 1148 4602; x_wconf 89' lang='lat' dir='ltr'>ut</span> <span class='ocrx_word' id='word_1_356' title='bbox 1169 4559 1220 4602; x_wconf 88' lang='lat' dir='ltr'>in</span> <span class='ocrx_word' id='word_1_357' title='bbox 1241 4558 1420 4613; x_wconf 82' lang='lat' dir='ltr'>paucis</span> <span class='ocrx_word' id='word_1_358' title='bbox 1440 4557 1784 4612; x_wconf 77' lang='lat' dir='ltr'>respondeant</span> <span class='ocrx_word' id='word_1_359' title='bbox 1805 4557 2111 4602; x_wconf 77' lang='lat' dir='ltr'>adversario</span> <span class='ocrx_word' id='word_1_360' title='bbox 2126 4590 2138 4611; x_wconf 86' lang='lat'>,</span> <span class='ocrx_word' id='word_1_361' title='bbox 2160 4556 2294 4612; x_wconf 86' lang='lat' dir='ltr'>quod</span> <span class='ocrx_word' id='word_1_362' title='bbox 2315 4567 2347 4600; x_wconf 78' lang='lat' dir='ltr'>a</span> <span class='ocrx_word' id='word_1_363' title='bbox 2369 4556 2593 4600; x_wconf 73' lang='lat' dir='ltr'>Poianco</span> <span class='ocrx_word' id='word_1_364' title='bbox 2614 4560 2884 4598; x_wconf 79' lang='lat' dir='ltr'>exaratum</span> <span class='ocrx_word' id='word_1_365' title='bbox 2907 4553 3013 4609; x_wconf 85' lang='lat' dir='ltr'>ipse</span> <span class='ocrx_word' id='word_1_366' title='bbox 3043 4552 3189 4606; x_wconf 73' lang='lat' dir='ltr'>lgna-</span> 
     </span>
     <span class='ocr_line' id='line_1_40' title="bbox 731 4626 3194 4686; baseline -0.004 -10"><span class='ocrx_word' id='word_1_367' title='bbox 731 4632 834 4676; x_wconf 77' lang='lat' dir='ltr'>tius</span> <span class='ocrx_word' id='word_1_368' title='bbox 865 4643 1021 4676; x_wconf 70' lang='lat' dir='ltr'>manu</span> <span class='ocrx_word' id='word_1_369' title='bbox 1051 4631 1280 4686; x_wconf 78' lang='lat' dir='ltr'>propria,</span> <span class='ocrx_word' id='word_1_370' title='bbox 1315 4638 1374 4673; x_wconf 86' lang='lat' dir='ltr'>ut</span> <span class='ocrx_word' id='word_1_371' title='bbox 1407 4630 1788 4674; x_wconf 72' lang='lat' dir='ltr'>exscriberetur</span> <span class='ocrx_word' id='word_1_372' title='bbox 1821 4629 2007 4686; x_wconf 82' lang='lat' dir='ltr'>denuo,</span> <span class='ocrx_word' id='word_1_373' title='bbox 2040 4629 2362 4682; x_wconf 78' lang='lat' dir='ltr'>emendavit,</span> <span class='ocrx_word' id='word_1_374' title='bbox 2399 4627 2656 4683; x_wconf 85' lang='lat' dir='ltr'>quodque,</span> <span class='ocrx_word' id='word_1_375' title='bbox 2692 4626 2800 4670; x_wconf 90' lang='lat' dir='ltr'>Deo</span> <span class='ocrx_word' id='word_1_376' title='bbox 2832 4627 3063 4679; x_wconf 79' lang='lat' dir='ltr'>volente,</span> <span class='ocrx_word' id='word_1_377' title='bbox 3096 4635 3194 4668; x_wconf 80' lang='lat' dir='ltr'>nos</span> 
     </span>
     <span class='ocr_line' id='line_1_41' title="bbox 728 4705 955 4750; baseline 0 -2"><span class='ocrx_word' id='word_1_378' title='bbox 728 4705 955 4750; x_wconf 68' lang='lat' dir='ltr'>edemus.</span> 
     </span>
    </p>
   </div>
  </div>
 </body>
</html>
