3679 5414
1557 475 1559 480 ’
1589 481 1715 539 ΑΝ.
1771 481 1911 539 1552
2879 480 2995 538 605¹

512 626 773 701 ctabat,
809 625 1113 705 aliquem
1143 642 1232 688 ex
1265 625 1477 688 sociis
1504 632 2010 707 praeparatum
2039 642 2195 688 esse
2226 626 2550 703 voluerit;
2585 626 2710 690 sed
2739 626 2993 690 Domi-·

512 750 646 795 nus
675 733 904 795 eidem
935 731 1011 794 P.
1047 732 1432 796 Francisco
1462 733 1655 795 vires
1692 733 1916 812 dedit,
1960 743 2037 795 ut
2080 733 2192 796 die
2237 733 2588 813 sequenti,
2636 734 2756 814 qui
2795 734 2992 814 Apo—

512 841 695 903 stolo
724 839 1035 903 Mathiae
1066 857 1270 903 sacer
1298 850 1474 919 erat,
1509 839 1815 921 maJ‘ores
1845 857 1969 903 eas
2000 840 2068 903 in
2100 841 2590 905 concionando
2614 858 2828 922 quarn
2855 859 2979 904 un·

514 942 726 1026 quam
757 946 1169 1025 ostenderit,
1204 947 1303 1010 ita
1333 956 1409 1010 ut
1438 964 1582 1010 non
1611 948 1836 1027 ipsius
1866 947 1993 1010 sed
2016 966 2059 1010 a
2082 946 2238 1011 Deo
2264 958 2603 1028 acceptae
2626 948 2719 1011 ad
2742 949 2993 1029 populi

515 1053 1078 1117 aedificationem
1129 1053 1556 1117 viderentur.
1605 1053 1828 1117 Extra
1869 1054 2205 1135 oppidum
2244 1054 2458 1117 etiam
2498 1055 2989 1118 nobilissimus

516 1160 625 1223 vir
675 1159 1053 1224 Gomezius
1103 1160 1189 1223 de
1232 1160 1502 1223 Butron
1541 1161 1632 1223 ad
1669 1160 1743 1224 P.
1786 1160 2251 1224 Franciscum
2294 1162 2744 1224 salutandum
2788 1162 2985 1225 venit

515 1268 860 1330 Bilbaum.
896 1266 1378 1331 concionatus
1408 1278 1516 1330 est
1552 1277 1789 1331 autem
1822 1268 1934 1331 die
1967 1268 2287 1347 sequenti
2317 1268 2404 1331 de
2432 1269 2852 1332 electionum
2881 1274 2990 1332 ra·

513 1375 734 1453 tione,
769 1385 838 1437 et
879 1391 1312 1455 magnopere
1344 1375 1557 1438 etiam
1589 1393 1631 1437 a
1671 1376 1846 1438 viris
1886 1376 2180 1439 eruditis
2219 1393 2304 1438 ea
2345 1377 2596 1439 concio
2636 1378 2767 1440 iuit
2811 1378 2993 1440 cele-

511 1482 740 1561 brata;
773 1460 1241 1545 Prox’rincialis
1270 1481 1338 1545 S.
1360 1481 1400 1524 ti
1428 1482 1485 1544 F
1490 1482 1797 1545 rancisci
1826 1480 1979 1562 ejus
2003 1482 2390 1562 praecipua
2419 1491 2681 1564 puncta
2714 1484 2984 1563 scripto

513 1589 830 1667 collegit,
891 1588 1331 1668 guardianus
1382 1600 1617 1652 autem
1667 1598 1893 1652 totam
1943 1590 2358 1652 concionem
2410 1589 2716 1669 scripsit,
2773 1606 2989 1670 quam

512 1695 586 1758 Ρ.
622 1693 828 1774 Solis,
863 1697 1197 1775 quamdiu
1227 1696 1562 1775 vixisset,
1606 1713 1681 1759 se
1722 1698 1938 1759 talem
1978 1714 2119 1759 non
2162 1697 2522 1760 audivisse
2562 1697 2984 1760 affirmabat.

513 1801 680 1865 Post
737 1803 1153 1866 concionem
1211 1803 1506 1866 Missam
1564 1803 1953 1866 celebravit
1982 1853 1995 1882 ,
2057 1820 2219 1867 cum
2275 1813 2513 1867 autem
2582 1803 2673 1866 ad
2731 1804 2980 1866 aedem

514 1909 599 1972 D.
635 1909 1003 1973 Francisci
1035 1927 1295 1989 magna
1328 1911 1699 1973 multitudo
1731 1910 2217 1989 convenisset,
2252 1911 2342 1974 ad
2381 1911 2731 1991 hospitale
2777 1927 2982 1973 suum

513 2018 749 2080 debuit
779 2017 854 2080 Ρ.
889 2017 1316 2080 Franciscus
1347 2018 1755 2097 confugere3
1797 2018 1938 2094 ubi,
1966 2034 2124 2080 cum
2150 2019 2402 2081 mulier
2424 2017 2773 2098 quaedam
2799 2034 2990 2080 mor-

514 2135 656 2197 tem
685 2124 995 2203 obiisset,
1029 2125 1252 2187 noluit
1285 2123 1434 2204 ejus
1473 2124 1703 2187 funeri
1744 2123 1820 2187 P.
1870 2124 2302 2188 Franciscus
2340 2126 2623 2204 deesse,
2668 2134 2737 2187 et
2777 2125 2987 2187 simul

515 2249 677 2295 cum
706 2250 790 2295 eo
819 2231 1239 2295 nobilissimi
1270 2231 1550 2312 quique,
1585 2232 1702 2311 qui
1733 2232 1826 2294 ad
1846 2250 2007 2294 eum
2028 2242 2396 2308 venerant,
2423 2231 2634 2295 sunus
2655 2232 2982 2295 comitati

513 2349 704 2417 sunt,
760 2348 835 2400 ut
878 2337 1196 2401 invidere
1238 2339 1534 2418 pauperi
1572 2348 1861 2419 possent
1901 2337 2252 2401 foeminae
2292 2340 2474 2402 aliae
2513 2348 2580 2402 et
2612 2338 2869 2401 divites
2914 2349 2987 2401 et

518 2447 790 2509 nobiles
821 2447 1007 2508 hunc
1039 2447 1445 2525 sepulturae
1473 2446 1821 2509 honorem
1857 2445 1896 2508 ¹.

629 2552 770 2614 437.
857 2551 991 2615 Die
1021 2553 1344 2634 sequenti
1374 2553 1559 2616 inter
1589 2553 1954 2616 discordes
1994 2554 2268 2633 aliquos
2309 2570 2558 2633 pacem
2600 2553 2991 2616 conciliare

512 2659 822 2736 curavit,
858 2669 926 2723 et
957 2669 1116 2740 post
1156 2676 1476 2739 sacrum,
1521 2660 1591 2724 in
1630 2660 1964 2743 hospitali
2002 2678 2163 2724 cum
2203 2677 2465 2742 magna
2505 2660 2989 2725 consolatione

513 2767 947 2831 audientium
997 2767 1083 2831 de
1137 2769 1567 2848 pauperibus
1605 2768 1861 2849 spiritu
1901 2769 2367 2832 concionatus
2409 2778 2536 2831 est.
2584 2770 2648 2831 A
2687 2768 2987 2849 prandio

512 2874 919 2937 valedicens
946 2875 1123 2938 viris
1155 2874 1292 2937 illis
1321 2875 1677 2938 nobilibus
1707 2893 1791 2939 ac
1822 2876 2213 2955 religiosiS,
2257 2875 2680 2956 Durangum
2720 2894 2796 2939 se
2827 2893 2989 2938 con-

514 2982 703 3059 tulit,
738 2998 823 3043 ac
855 2981 965 3044 die
996 2983 1321 3062 sequenti
1352 2982 1754 3045 Horraeum
1783 2981 1806 3012 '
1836 2983 1929 3045 ad
1969 2983 2262 3045 Missam
2301 2982 2673 3046 dicendam
2715 2992 2783 3046 et
2828 3001 2987 3046 con-

516 3088 944 3152 cionandum
975 3089 1205 3166 venit,
1242 3088 1427 3170 quod
1470 3106 1732 3169 magna
1762 3107 1925 3152 curn
1966 3088 2458 3153 aedificatione
2496 3090 2871 3169 praestitit.
2922 3089 2989 3152 A

514 3197 812 3274 prandio
864 3197 1237 3275 Elguetam
1288 3195 1650 3278 profectus
1702 3207 1772 3259 et
1815 3197 1912 3258 ibi
1961 3197 2172 3259 etiam
2224 3197 2692 3259 concionatus
2731 3204 2860 3259 est.
2908 3195 2987 3259 In

518 3304 843 3365 omnibus
872 3303 983 3365 his
1014 3302 1291 3382 populis
1321 3319 1482 3365 eum
1511 3312 1587 3366 ut
1617 3321 1660 3365 a
1691 3302 1889 3365 coelo
1921 3302 2213 3366 missum
2237 3303 2708 3383 excipiebant.

638 3409 778 3472 438.
865 3409 1001 3472 Die
1042 3408 1333 3472 Sabbati
1372 3409 1778 3488 Vergaram
1816 3410 2240 3490 perveniens
2280 3418 2349 3472 et
2388 3410 2459 3472 in
2498 3410 2851 3489 hospitale
2890 3410 2984 3473 di·

518 3527 835 3595 vertenS,
891 3517 1002 3580 die
1042 3516 1395 3580 dominico
1437 3516 2067 3597 quinquagesimae
2098 3516 2357 3580 ibidem
2385 3517 2472 3580 de
2512 3534 2815 3580 ascensu
2843 3516 2987 3579 Do-

519 3623 688 3686 mini
719 3624 788 3686 in
820 3623 1267 3686 Hierusalem
1296 3625 1741 3702 praeclaram
1778 3623 2025 3687 habuit
2055 3625 2503 3698 concionem,
2536 3632 2606 3686 et
2636 3624 2747 3686 die
2776 3626 2986 3687 lunae

517 3731 591 3793 in
629 3731 1049 3810 quibusdam
1090 3730 1329 3793 litibus
1378 3747 1462 3793 ac
1515 3731 2164 3810 perturbationibus
2213 3731 2546 3794 sedandis
2597 3740 2987 3811 occupatus

516 3837 667 3901 suit.
701 3836 836 3899 Die
867 3847 1103 3900 autern
1131 3838 1358 3917 primo
1389 3837 1981 3918 quadragesimae
2020 3837 2276 3901 ibidem
2324 3838 2536 3900 etiam
2577 3838 2989 3901 concionari

517 3944 901 4022 constituit,
930 3954 999 4006 et
1021 3945 1267 4007 diebus
1288 3945 1575 4007 veneris
1596 3945 1946 4024 psalmum
1972 3944 2318 4007 Miserere
2337 3945 2698 4026 explicare
2720 3947 2985 4027 populo

517 4052 1010 4115 constituerat.

633 4157 774 4222 439.
861 4157 1001 4222 Sed
1051 4159 1330 4222 interim
1380 4177 1422 4221 a
1471 4158 1549 4221 P.
1602 4158 1880 4238 Ignatio
1931 4160 2203 4222 litteras
2252 4161 2552 4239 accepit,
2603 4160 2856 4240 quibus
2908 4160 2983 4221 in

516 4265 1027 4346 Portugalliam
1048 4276 1124 4328 ut
1147 4284 1222 4329 se
1246 4265 2047 4346 conferretinjungebat.
2076 4265 2255 4330 Cum
2274 4267 2463 4329 enim
2486 4265 2572 4356 de
2595 4265 2669 4328 P.
2695 4263 2982 4329 Simone

598 4510 613 4540 ¹
673 4507 908 4563 Ignatins
927 4509 1073 4553 Patri
1094 4509 1320 4552 Antonio
1353 4508 1415 4552 de
1451 4509 1648 4562 Araoz,
1671 4509 1732 4552 de
1754 4508 2013 4563 erigendis
2046 4507 2480 4562 admittendisque
2516 4506 2761 4561 collegiis
2783 4505 2985 4561 Vergu-

515 4580 655 4625 rensi
675 4586 726 4624 et
751 4580 1029 4634 Bilbaensi,
1048 4580 1076 4622 4
1094 4579 1256 4632 Junii3
1284 4579 1469 4623 eadem
1502 4579 1581 4623 die
1616 4579 1751 4622 idem
1785 4578 2011 4623 Consilio
2045 4590 2135 4622 sen
2169 4578 2389 4624 Civitati
2412 4577 2731 4632 Vct-gerensi
2752 4610 2762 4632 ,
2784 4577 2846 4620 de
2869 4578 2991 4621 Col-

517 4651 950 4778 le‘jo-Hispanice
976 4721 1204 4765 Elorrto.
