3679 5414
689 448 801 508 346
989 513 996 517 ,
1204 477 1214 488 ·
1604 445 1861 507 Canon.
1903 444 2056 506 Soc.
2096 446 2237 520 Jns.

689 598 921 654 somet
950 587 1152 653 Duce
1181 589 1437 653 Carolo
1468 599 1867 670 praesente,
1902 589 2134 653 oratio
2163 590 2236 652 in
2264 587 2662 652 studiorum
2694 589 3165 653 renovatione

691 696 950 779 habita
962 705 1071 759 est
1099 714 1142 759 a
1170 696 1390 760 fratre
1418 706 1664 760 nostro
1693 696 2033 760 Marcello
2071 696 2158 759 de
2197 694 2533 774 Salazar,
2568 712 2751 776 quae
2787 704 3165 775 tantopere

690 802 877 866 Duci
904 803 1168 881 placuit
1198 812 1272 867 ut
1301 820 1460 867 eam
1483 804 1768 867 omnino
1793 804 1927 867 sibi
1951 802 2107 866 dari
2130 802 2466 881 voluerit,
2495 811 2566 865 et
2595 802 2783 884 typis
2807 803 3164 869 excudere

693 911 873 973 velle
902 909 1298 974 videbatur.

809 1016 951 1080 370.
1039 1017 1217 1081 Cum
1269 1017 1780 1082 intellexissent
1817 1018 2139 1082 Gandiae
2180 1037 2270 1083 ex
2307 1018 2558 1099 litteris
2588 1017 2665 1081 P.
2709 1017 2969 1098 Ignatii
2993 1034 3161 1097 gra-

689 1133 838 1187 tum
865 1124 999 1204 ipsi
1029 1123 1181 1188 fore
1210 1125 1271 1187 si
1301 1125 1517 1205 aliqui
1546 1125 1773 1188 bonae
1802 1125 2059 1189 indolis
2082 1123 2382 1205 juvenes
2403 1126 2476 1188 in
2498 1125 2779 1188 Italiam
2799 1125 3155 1188 mitteren-

688 1241 832 1310 tur,
865 1232 983 1294 ubi
1012 1229 1389 1294 Societatis
1419 1235 1577 1295 loca
1607 1233 1741 1296 hoc
1773 1251 1962 1297 anno
1991 1234 2169 1296 satis
2181 1242 2409 1296 aucta
2437 1233 2753 1311 fuerant,
2786 1231 2864 1296 P.
2900 1231 3158 1296 Caesa·

686 1356 838 1403 rem
886 1339 1340 1402 Aversanum
1390 1349 1460 1402 et
1504 1341 1931 1420 magistrum
1976 1340 2350 1405 Albertum
2399 1340 2870 1419 Cavallinum‚
2924 1340 3160 1417 italoS‚

684 1463 850 1511 cum
879 1445 1200 1527 Philippo
1232 1446 1623 1511 Gandiensi
1653 1447 1955 1512 Romam
1993 1448 2366 1527 miserunt,
2411 1466 2503 1511 ex
2532 1447 2819 1527 quibus,
2855 1455 2931 1510 ut
2959 1463 3162 1527 supe·

685 1553 835 1616 rius
864 1553 1131 1617 dictum
1161 1563 1298 1633 est,
1329 1553 1633 1618 Viterbii
1670 1554 2015 1635 Magister
2053 1555 2389 1619 Albertus
2428 1555 2894 1636 temporalem
2936 1554 3162 1618 vitam

684 1677 851 1723 cum
879 1669 1170 1723 aeterna
1202 1662 1668 1725 commutavit
1703 1661 1743 1726 ¹.

810 1766 952 1829 371.
1040 1765 1184 1830 Sub
1209 1768 1376 1831 anni
1404 1768 1613 1832 finem
1648 1786 1810 1833 cum
1838 1770 2093 1849 capitis
2121 1769 2445 1832 debilitas
2473 1768 2552 1832 P.
2580 1768 2998 1848 Baptistam,
3024 1768 3155 1832 Re·

682 1883 954 1937 ctorem
979 1873 1405 1938 Gandiensis
1428 1875 1727 1956 Collegii
1748 1885 1817 1939 et
1839 1876 2167 1940 eumdem
2188 1876 2589 1955 theologiae
2614 1876 3155 1955 praelectorem,

683 1998 730 2043 a
759 1980 1010 2044 studiis
1039 1981 1396 2044 abstinere
1427 1983 1778 2063 coegisset
1797 2033 1811 2062 ,
1846 1983 2063 2047 animi
2091 1982 2463 2046 relaxandi
2494 1999 2715 2046 causa
2744 1982 3157 2046 Valentiam

686 2087 800 2150 ille
830 2106 905 2151 se
937 2089 1256 2170 contulit,
1284 2089 1401 2152 ubi
1429 2097 1806 2169 postquam
1833 2089 2081 2153 decem
2104 2091 2219 2152 vel
2247 2089 2621 2153 duodecim
2652 2089 2804 2152 dies
2824 2097 3158 2153 versatus

686 2203 894 2275 esset,
949 2197 1127 2259 alios
1182 2197 1582 2277 quindecim
1631 2196 1782 2260 dies
1830 2206 1996 2260 ante
2038 2197 2219 2261 festa
2269 2195 2607 2260 Natalitia
2659 2195 2947 2259 Domini
2996 2213 3161 2259 cum

683 2300 759 2365 P.
787 2301 1204 2366 Balthasare
1233 2312 1304 2366 et
1330 2304 1637 2383 quodam
1662 2304 1800 2366 alio
1823 2302 2020 2367 socio
2047 2321 2176 2384 per
2198 2305 2356 2367 loca
2387 2302 2739 2384 quaedam
2761 2302 3002 2365 vicina
3024 2302 3159 2366 dis·

681 2425 971 2472 currere
1018 2410 1413 2490 constituit,
1460 2410 1533 2473 in
1579 2411 1830 2491 quibus
1876 2410 2357 2491 praedicando
2395 2420 2466 2474 et
2507 2410 2993 2487 confessiones
3038 2427 3159 2472 au-

681 2513 937 2578 diendo
980 2525 1049 2578 et
1087 2517 1594 2580 catechismum
1625 2517 1945 2581 docendo
1984 2527 2053 2581 et
2104 2518 2197 2581 ad
2234 2518 2499 2597 optima
2540 2534 2863 2597 quaeque
2903 2516 3156 2580 exhor-

679 2621 897 2684 tando
927 2640 1088 2686 cum
1120 2638 1383 2702 magna
1413 2624 1881 2688 admiratione
1910 2634 1980 2688 et
2006 2624 2241 2688 fructu
2270 2625 2551 2688 illorum
2571 2625 3002 2706 populorum
3027 2621 3148 2700 So·

684 2729 959 2793 cietatis
988 2732 1380 2795 ministeria
1409 2733 1856 2796 exercebant.
1892 2733 2359 2813 Exeipiebant
2380 2750 2504 2796 eos
2526 2741 2878 2811 amanter,
2910 2742 2980 2796 et
3002 2742 3143 2795 stu-

680 2836 879 2900 diose
908 2839 1401 2919 sequebantur,
1433 2849 1502 2903 et
1532 2857 1778 2903 eorum
1806 2840 2103 2904 consilio
2133 2840 2385 2903 crebro
2416 2821 2507 2903 ad
2538 2839 3057 2903 confessionem
3080 2851 3152 2902 et

679 2945 1247 3016 communionem
1279 2946 1733 3026 accedebant,
1765 2956 1834 3010 et
1864 2964 2143 3027 semper
2186 2962 2523 3027 magnum
2566 2962 2995 3010 concursum
3032 2945 3154 3009 ho-

679 3051 979 3130 minum,
1014 3052 1100 3115 de
1140 3053 1394 3132 quibus
1430 3054 1609 3116 bene
1649 3054 1908 3117 mereri
1951 3062 2276 3134 possent,
2322 3054 2395 3116 in
2433 3053 2903 3133 hospitalibus
2940 3052 3150 3115 habe·

682 3158 883 3238 bant;
917 3158 1094 3222 haec
1124 3159 1311 3223 enim'
1348 3178 1592 3224 eorum
1636 3170 1789 3224 erat
1828 3161 2205 3240 habitatio,
2246 3161 2457 3224 sicuti
2494 3169 2564 3224 et
2601 3161 2835 3223 victus
2873 3178 2965 3224 ex
3008 3159 3149 3223 ele-

671 3267 1039 3347 emosynis
1067 3267 1345 3347 publice
1375 3267 1860 3331 emendicatis,

800 3373 940 3436 372.
1027 3374 1205 3437 Cum
1234 3374 1608 3439 Valentiae
1637 3376 1838 3439 multi
1869 3375 1960 3438 ad
2002 3373 2429 3438 Societatem
2468 3374 2869 3438 adeundam
2906 3391 3150 3437 move·

676 3489 944 3559 rentur,
998 3481 1321 3562 quinquel
1356 3482 1727 3561 theologos
1765 3482 2123 3545 Gandiam
2164 3483 2420 3546 missos
2459 3482 2895 3563 perlibenter
2942 3498 3150 3552 exce·

676 3597 951 3667 perunt.
987 3588 1140 3651 Hoc
1169 3588 1324 3668 ipso
1354 3606 1540 3652 anno
1570 3589 1797 3653 bonus
1827 3588 1904 3652 P.
1939 3587 2258 3669 Saboya,
2293 3605 2455 3652 cum
2495 3583 3150 3668 Caesaraugustam

681 3694 960 3759 Gandia
988 3696 1405 3776 mitteretur,
1439 3695 1512 3759 in
1541 3712 1844 3774 gravem
1871 3696 2191 3759 incidens
2219 3696 2545 3760 morbum
2567 3697 2627 3761 T
2630 3706 2941 3776 ortosae,
2964 3713 3150 3777 quae

676 3802 908 3881 patria
937 3802 1072 3884 ipsi
1103 3811 1277 3882 erat,
1312 3801 1498 3865 diem
1528 3803 1783 3866 clausit
1810 3812 2232 3867 extremum.

1294 4121 1422 4186 DE
1466 4122 1936 4199 COLLEGIO
1980 4122 2528 4188 VALENTIAE

800 4339 941 4404 373.
1028 4338 1335 4403 Rediens
1364 4356 1455 4402 ex
1482 4339 1716 4420 Italia,
1764 4349 1844 4403 ut
1872 4341 2196 4433 superius
2225 4340 2490 4404 dictum
2519 4349 2664 4420 est,
2708 4340 2783 4403 P.
2832 4341 3148 4423 Jacobus

679 4447 912 4512 Miron
940 4448 1146 4510 simul
1176 4463 1337 4509 cum
1366 4444 1441 4509 P.
1485 4446 1874 4511 Francisco
1917 4447 2216 4527 Borgia,
2250 4456 2400 4511 tum
2428 4446 2630 4511 Duce
2666 4447 2915 4512 *adhuc
2955 4447 3149 4512 Gan—

759 4614 778 4648 ¹
834 4614 1112 4667 Polancus.
1145 4626 1212 4659 ex
1239 4627 1390 4668 com„
1410 4614 1555 4659 Patri
1575 4614 1759 4674 joa-nni
1781 4615 2051 4670 Baptistae
2072 4616 2133 4659 de
2154 4615 2363 4667 Barma.
2381 4617 2442 4660 de
2474 4616 2792 4661 dimittendis
2812 4628 2839 4659 e
2861 4615 3143 4669 societate,

674 4684 729 4729 15
744 4683 916 4730 Martii
933 4700 943 4739 ;
960 4689 1022 4731 de
1043 4687 1305 4732 mittendis
1325 4686 1555 4737 Romam.
1577 4687 1621 4731 si
1639 4689 1785 4741 velit,
1804 4687 2070 4742 magistris
2088 4687 2282 4740 joanne
2304 4688 2504 4734 flandi-o
2522 4695 2576 4733 et
2597 4689 2755 4734 Petro
2771 4689 2941 4744 Gallo,
2963 4689 2984 4733 1
3001 4687 3141 4746 Maii,
