3679 5414
1570 501 1696 560 Ax.
1753 501 1891 559 1552
2849 502 2961 562 627

472 647 586 709 :ab
612 648 766 727 ipso
795 647 991 727 prius
1012 648 1421 710 examinati.
1446 645 1685 710 Noluit
1709 657 1875 710 tunc
1899 646 1973 710 P.
2002 646 2402 711 Sevillanus
2425 665 2670 712 coram
2693 649 2960 728 aliquid

474 754 560 816 ·ei
589 754 847 832 dicere;
879 754 1004 817 sed
1032 772 1160 833 per
1199 754 1376 817 alios
1416 754 1479 817 ei
1528 754 2074 833 significandum
2123 756 2403 818 curavit
2442 765 2521 818 ut
2549 766 2961 819 nostrarum

490 861 840 924 bullarum
862 862 1209 924 rationem
1232 861 1546 940 haberet,
1573 877 1753 940 quas
1774 861 2023 925 eodem
2046 871 2386 942 tempore,
2413 863 2706 942 scilicet,
2732 864 2961 943 pridie

473 988 708 1049 quam
737 969 1262 1047 intimarentur,
1298 969 1506 1032 simul
1536 987 1697 1032 cum
1725 969 2086 1032 exercitiis
2114 970 2598 1050 spiritualibus
2637 971 2961 1034 excussis

494 1088 563 1141 et
593 1077 1026 1158 approbatiS,
1060 1076 1286 1139 Roma
1316 1076 1571 1142 missas
1612 1085 2021 1156 acceperat,
2054 1077 2527 1140 authenticas.-
2566 1077 2812 1141 Abbas
2841 1096 2960 1142 au-

493 1193 637 1247 tem
666 1184 753 1247 de
801 1200 929 1246 sua
980 1184 1329 1246 sententia
1374 1184 1647 1247 moveri
1688 1193 1857 1246 tunc
1887 1184 2132 1263 noluit,
2168 1185 2294 1247 sed
2325 1193 2737 1248 curaturum
2781 1203 2857 1248 se
2887 1196 2961 1249 ut

495 1291 906 1371 Methymna
949 1289 1374 1370 ejicerentur
1424 1291 1731 1353 minatus
1772 1299 1916 1369 est,
1965 1300 2033 1354 et
2076 1292 2464 1371 notarium,
2522 1292 2653 1375 qui·
2690 1292 2963 1356 litteras

494 1399 926 1478 apostolicas
955 1398 1022 1460 ei
1058 1398 1460 1484 intimabat,
1482 1398 1724 1461 verbis
1770 1398 2048 1462 acerbis
2089 1400 2393 1479 excepit,
2450 1417 2580 1461 nec
2612 1400 2808 1464 illum
2843 1418 2961 1463 au-

474 1506 647 1568 ‘dire
673 1506 926 1583 voluit,
961 1505 1125 1584 quia
1150 1503 1296 1585 jam
1326 1522 1402 1567 se
1433 1505 1699 1568 vidisse
1729 1506 2029 1569 dicebat.
2064 1506 2399 1569 Notarius
2439 1516 2678 1570 autem
2715 1525 2961 1571 coram

495 1612 792 1676 testibus
822 1612 959 1675 hoc
987 1613 1219 1692 ipsum
1246 1612 1523 1674 notavit
1553 1611 1740 1691 quod
1768 1613 1928 1675 illas
1957 1612 2203 1676 audire
2230 1615 2579 1693 noluerat,
2613 1624 2747 1677 etc.

611 1718 753 1782 482.
840 1718 1001 1781 Fuit
1042 1729 1277 1782 autem
1308 1720 1765 1782 observatum
1803 1719 2014 1798 quod,
2056 1730 2320 1799 quanto
2351 1721 2583 1800 magis
2612 1723 2958 1786 contradi·

473 1828 763 1889 ·ctiones
793 1823 1192 1905 hujusmodi
1222 1827 1668 1909 crescebant,
1705 1826 1934 1905 magis
1971 1828 2211 1906 populi
2241 1827 2524 1891 devotio
2555 1846 2639 1891 ac
2671 1845 2981 1892 concur··

473 1950 616 1997 tsus
645 1933 736 1997 ad
766 1933 1145 1996 conciones
1174 1918 1244 1995 et
1274 1932 1756 1996 confessiones
1797 1944 1868 1996 et
1904 1950 2240 1996 numerus
2270 1934 2484 1996 etiam
2522 1935 2614 1997 ad
2652 1934 2959 1999 Societa-

492 2051 635 2104 tem
663 2040 1149 2104 accedentium
1180 2040 1596 2118 augebatur,
1632 2048 1701 2102 et
1730 2040 1781 2102 ii
1803 2040 1960 2118 ipsi,
1992 2041 2063 2102 in
2084 2038 2510 2103 Societatem
2542 2041 2855 2119 admissi,
2890 2043 2962 2104 in

474 2149 745 2228 >spiritu
784 2165 869 2210 ac
908 2147 1287 2211 virtutibus
1324 2146 1556 2225 magis
1606 2148 2043 2210 crescebant.
2092 2146 2237 2209 Nec
2282 2148 2603 2226 permisit
2647 2148 2844 2211 Deus
2887 2161 2962 2213 ut

492 2256 881 2319 ministeria
910 2265 1317 2318 nostrorum
1339 2255 1868 2333 impedirentur,
1905 2255 2117 2318 immo
2142 2272 2303 2318 curn
2327 2253 2641 2333 eJusdem
2661 2254 2962 2319 Abbatis

493 2364 934 2442 beneplacito
972 2372 1041 2425 et
1078 2361 1329 2442 majori
1368 2379 1530 2424 cum
1566 2360 1799 2424 fructu
1838 2362 2377 2426 exercebantur.
2410 2362 2802 2425 Ferebatur
2843 2382 2957 2426 au·

494 2478 636 2533 tem
667 2470 913 2534 Abbas
951 2470 1269 2532 irritatus
1310 2486 1465 2531 esse
1505 2487 1546 2530 a
1585 2468 1762 2531 viris
1810 2468 2232 2548 quibusdam
2274 2469 2656 2548 religiosis;
2711 2480 2779 2532 et
2817 2488 2957 2533 non

493 2578 960 2657 improbabile
1009 2576 1080 2638 id
1128 2576 1361 2638 visum
1411 2575 1563 2654 fuit,
1617 2593 1777 2638 cum
1830 2576 2293 2639 concionator
2352 2577 2640 2656 quidam
2691 2577 2960 2640 ordinis·

495 2684 620 2749 Sti.
675 2684 1063 2764 Francisci,
1092 2700 1268 2747 veum
1306 2691 1551 2762 ageret
1602 2682 1688 2746 de
1737 2682 2029 2747 infantis
2078 2682 2246 2766 Jesu
2295 2685 2788 2763 persecutione
2834 2692 2961 2766 per‘

497 2793 886 2872 Herodem,
930 2792 1001 2854 in
1041 2791 1383 2854 concione
1424 2791 1703 2869 publica
1734 2790 2011 2853 dixerat
2057 2792 2315 2854 multos
2363 2810 2551 2870 esse,
2598 2793 2717 2873 qui
2760 2793 2953 2857 Chri·

477 2910 686 2962 :stum
707 2900 927 2962 variis
949 2899 1176 2962 modis
1198 2906 1812 2978 persequerentur,
1839 2909 1911 2960 et
1934 2898 2280 2978 quosdam
2310 2908 2475 2961 tunc
2500 2917 2656 2962 esse
2685 2901 2954 2980 Methy-

496 3025 704 3070 mnae
734 3007 1043 3069 vultibus
1073 3006 1372 3086 pallidis,
1407 3006 1524 3085 qui
1556 3006 1785 3084 ipsum
1814 3006 2441 3085 persequebantur,
2475 3016 2545 3068 et
2574 3024 2650 3068 se
2682 3007 2779 3069 ita
2804 3026 2953 3069 sen-

496 3115 630 3178 tire
661 3114 1076 3192 affirmabat,
1111 3124 1180 3177 et
1210 3113 1350 3176 alia
1378 3112 1749 3192 quaedam,
1785 3129 1967 3192 quae
1997 3112 2232 3175 dicere
2264 3113 2576 3188 nolebat;
2612 3114 2736 3176 sed
2767 3115 2955 3177 inca·

495 3224 769 3285 lescens
799 3203 1085 3284 tandem
1115 3220 1291 3283 dixit
1315 3219 1386 3282 in
1411 3219 1752 3282 concione
1780 3234 2045 3297 magno
2077 3236 2238 3282 curn
2261 3218 2543 3282 fervore
2565 3232 2641 3282 ut
2672 3239 2715 3282 a
2744 3221 2957 3284 rebus

494 3330 701 3392 novis
750 3336 1110 3404 caverent,
1153 3340 1223 3391 et
1265 3327 1354 3389 ad
1394 3326 1774 3405 religiones
1804 3326 2134 3405 antiquas
2172 3336 2240 3388 et
2281 3327 2713 3406 approbatas
2755 3345 2955 3391 acce·

479 3437 765 3498 derent.

569 3575 572 3578 ·
615 3542 755 3604 483.
843 3543 917 3605 In
949 3561 1032 3605 eo
1065 3541 1324 3621 oppido
1352 3558 1493 3602 non
1525 3549 1799 3603 tantum
1828 3557 2164 3620 pompae,
2200 3541 2324 3603 sed
2354 3549 2423 3603 et
2460 3542 2642 3621 ludi,
2676 3553 2744 3606 et
2769 3542 2957 3623 jura·

497 3660 757 3727 menta,
791 3657 859 3711 et
888 3658 1297 3711 contractus
1326 3656 1803 3709 mercatorum
1847 3663 2070 3726 usque
2110 3647 2287 3709 adeo
2319 3648 2391 3710 in
2420 3649 2671 3711 melius
2708 3651 2959 3713 mutati

495 3755 802 3832 fuerunt,
840 3769 914 3819 ut
946 3755 1435 3818 admirationis
1459 3771 1676 3816 causa
1704 3754 1839 3816 illis
1869 3764 2080 3832 esset,
2114 3755 2231 3834 qui
2258 3754 2742 3836 Methymnam
2762 3758 2961 3837 prius

497 3873 869 3941 noverant3
915 3881 1081 3926 nam
1124 3864 1243 3942 qui
1285 3863 1358 3924 in
1399 3862 1593 3924 vitiis
1623 3861 1791 3923 etin
1830 3861 2153 3924 libertate
2197 3863 2759 3940 negotiationum
2804 3866 2961 3945 plus

496 3972 670 4034 satis
702 3971 902 4034 liberi
929 3971 1242 4048 fuerant,
1277 3979 1445 4033 tunc
1479 3979 1716 4032 autem
1754 3969 2058 4031 modesti
2103 3979 2169 4032 et
2212 3970 2284 4032 in
2322 3970 2653 4048 operibus
2693 3973 2959 4035 miseri—

480 4079 781 4142 cordiae
812 4078 1139 4158 occupati
1177 4085 1246 4140 et
1284 4094 1621 4155 magnam
1659 4076 2000 4138 habentes
2043 4077 2389 4139 rationem
2428 4080 2760 4158 propriae
2799 4097 2959 4142 con·

495 4187 836 4249 scientiae
885 4185 1339 4261 videbantur3
1383 4194 1450 4246 et
1490 4184 1675 4246 hanc
1720 4183 2182 4245 mutationem
2212 4185 2678 4249 observantes
2708 4188 2828 4266 qui
2870 4188 2960 4250 ad

494 4292 849 4355 nundinas
877 4308 1175 4372 peregre
1207 4291 1661 4368 accedebant,
1706 4307 1868 4353 cum
1912 4289 2401 4355 aedificatione
2440 4310 2581 4355 non
2623 4294 2960 4357 mediocri

482 4400 584 4461 de
606 4418 691 4462 ea
713 4400 1200 4480 loquebantur.
1229 4398 1384 4461 Non
1409 4399 1635 4460 solum
1660 4405 1896 4460 autem
1916 4397 1988 4460 in
2010 4398 2164 4477 ipso
2192 4399 2448 4478 oppido
2479 4400 2958 4481 Methymnae,

483 4507 712 4570 etiam
763 4508 833 4569 in
885 4506 1290 4569 carceribus
1331 4515 1399 4567 et
1452 4506 1521 4567 in
1571 4505 1873 4585 privatis
1924 4506 2447 4582 aegrotantium
2479 4507 2822 4587 domibuS,
2870 4510 2962 4572 ad

484 4632 676 4693 quas
706 4631 867 4677 cum
898 4612 1108 4676 morti
1149 4612 1364 4676 vicini
1403 4622 1638 4675 essent
1674 4611 2190 4690 evocabantur,
2226 4613 2349 4675 sed
2389 4614 2603 4677 etiam
2644 4615 2716 4677 in
2755 4616 2963 4695 pagis·

500 4721 755 4784 vicinis
784 4722 901 4801 pia
934 4721 1111 4784 haec
1142 4718 1534 4783 ministeria
1564 4728 2057 4796 exercuerunt,
2091 4718 2350 4783 ibidem
2375 4723 2864 4786 concionando
2895 4733 2963 4786 ct
3008 4737 3017 4745 ·
