3679 5414
1584 479 1710 537 AN.
1757 479 1896 537 1552
2855 482 2966 541 589

492 643 658 689 nam
697 626 944 706 primis
986 626 1122 688 illis
1161 625 1519 689 mensibus
1559 626 1993 704 cubiculum,
2042 627 2132 690 ad
2175 627 2353 690 haec
2382 627 2722 691 exercitia
2753 629 2960 692 desti-

494 744 770 811 natum,
814 749 1177 812 nunquam
1215 750 1525 796 vacuum
1575 733 1734 812 fuit;
1788 743 1858 797 et
1905 735 2230 813 quamvis
2274 735 2490 815 aliqui
2531 753 2620 797 ex
2666 736 2787 814 iis,
2842 738 2963 816 qui

494 841 1041 913 exercebantur,
1103 840 1194 902 ad
1250 839 1616 920 religionis
1674 841 2069 904 institutum
2125 843 2426 922 permoti
2482 860 2629 905 non
2674 824 2960 919 fuerint,

497 949 775 1027 magn-is
820 947 1346 1011 accessionibus
1387 948 1639 1028 seipsis
1692 949 2020 1011 meliores
2065 948 2294 1012 effecti
2332 960 2516 1013 sunt.
2562 950 2960 1013 Confessio·

496 1074 663 1120 num
694 1065 762 1119 et
794 1055 1366 1119 communionum
1411 1055 1805 1137 frequentia
1837 1057 2133 1136 singulis
2172 1058 2560 1138 quibusque
2592 1058 2965 1121 dominicis

497 1181 582 1226 ac
623 1163 821 1225 festis
860 1162 1106 1224 diebus
1158 1172 1357 1225 tanta
1409 1173 1595 1241 erat,
1651 1173 1725 1226 ut
1775 1163 1912 1226 illis
1962 1164 2209 1227 diebus
2258 1174 2615 1244 oporteret
2667 1166 2962 1229 calicem

498 1288 659 1333 cum
709 1269 957 1332 hostiis
1007 1271 1447 1332 consecratis
1497 1287 1664 1333 arae
1716 1271 2122 1350 impositum
2173 1280 2377 1334 extra
2426 1273 2960 1336 tabernaculum

497 1377 752 1454 teneri,
806 1385 881 1437 ut
929 1376 1196 1455 passim
1241 1376 1330 1439 ad
1371 1375 1913 1440 Sanctissimum
1961 1377 2498 1442 Sacramentum
2543 1380 2965 1443 accedentes

497 1486 1021 1549 communicare
1050 1486 1358 1565 possint,
1395 1485 1582 1566 quod
1612 1485 1809 1565 prius
1851 1486 2130 1548 nonnisi
2176 1486 2246 1548 in
2288 1469 2841 1549 solemnioribus
2868 1486 2958 1548 fe·

495 1595 623 1656 stis
654 1596 1044 1659 accidebat.
1079 1595 1238 1657 Duo
1264 1603 1339 1656 ut
1365 1594 1798 1656 carthusiam
1824 1593 2364 1672 ingrederentur
2386 1594 2556 1656 moti
2587 1612 2628 1656 a
2654 1592 2960 1657 Domino

495 1700 798 1779 fuerunt,
823 1720 1123 1782 quorum
1147 1704 1324 1765 alter
1348 1702 1458 1764 vir
1482 1702 1864 1781 primarius
1890 1711 1958 1764 et
1988 1699 2356 1779 cujusdam
2384 1701 2719 1781 Episcopi
2743 1701 2963 1764 frater

495 1819 669 1871 erat.
699 1808 1067 1888 Quaedam
1090 1810 1304 1872 etiam
1334 1809 1662 1872 mulieres
1692 1807 1767 1870 P.
1801 1808 2102 1871 Adriani
2136 1824 2353 1887 opera
2377 1824 2812 1886 magnopere
2843 1808 2960 1871 ad·

490 1913 684 1995 jutae
713 1916 1018 1994 fuerunt,
1055 1918 1236 1979 inter
1267 1933 1445 1995 quas
1476 1915 1826 1995 quaedam
1856 1915 1985 1977 fuit
2024 1915 2231 1993 virgo
2270 1916 2583 1994 locuples
2623 1925 2691 1977 et
2733 1916 2803 1977 in
2848 1916 2958 1977 de·

496 2023 677 2085 liciis
705 2023 980 2101 vivenS,
1015 2041 1197 2104 quae
1229 2040 1390 2085 cum
1434 2022 1662 2084 eidem
1706 2031 1894 2085 esset
1938 2021 2298 2100 confessa,
2347 2021 2684 2084 mundum
2723 2022 2961 2084 mulie-

497 2131 692 2193 brem
720 2130 1101 2193 divendere
1127 2124 1198 2193 in
1222 2147 1614 2211 pauperum
1637 2146 1843 2191 usum
1873 2130 2180 2207 volebat;
2207 2127 2331 2191 sed
2356 2146 2514 2191 cum
2541 2129 2963 2207 intelligeret

498 2239 586 2300 ab
617 2239 866 2301 eodem
897 2236 1106 2300 Patre
1151 2238 1539 2318 periculum
1580 2254 1734 2299 esse
1776 2254 1865 2299 ne
1905 2235 2100 2299 Deus
2141 2236 2226 2297 ab
2268 2236 2424 2299 aliis
2464 2236 2961 2314 offenderetur,

500 2363 680 2426 quae
711 2343 1113 2425 hujusmodi
1147 2345 1466 2408 curiosos
1497 2353 1791 2406 ornatus
1822 2352 2171 2420 emerent,
2206 2360 2328 2406 eos
2356 2344 2533 2406 locis
2572 2344 2799 2406 sacris
2829 2345 2961 2406 lar·

496 2454 638 2531 giri
668 2453 739 2516 in
771 2470 976 2516 usum
1007 2462 1420 2515 sanctarum
1450 2451 1839 2529 imaginum
1875 2450 2261 2513 constituit.
2308 2450 2471 2513 Fuit
2502 2459 2571 2513 et
2601 2450 2740 2513 alia
2771 2451 2961 2514 nobi-

495 2560 605 2632 lis,
633 2577 814 2640 quae
845 2560 979 2622 hoc
1015 2560 1244 2638 ipsum
1278 2559 1550 2621 imitata
1576 2566 1711 2636 est,
1738 2557 2067 2637 quamvis
2090 2558 2346 2619 marito
2370 2555 2751 2636 conjuncta
2783 2566 2955 2620 erat.

614 2667 756 2730 404.
843 2667 1083 2730 Tertio
1129 2665 1465 2729 calendas
1505 2665 1695 2746 Junii
1735 2665 2011 2728 interno
2056 2663 2367 2745 quodam
2405 2664 2710 2747 impulsu
2751 2663 2967 2728 Pater

498 2775 860 2838 Adrianus
888 2774 1423 2854 professionem,
1458 2790 1670 2852 quam
1700 2789 1887 2835 anno
1911 2773 2364 2851 praecedenti
2389 2772 2635 2835 eodem
2661 2773 2773 2835 die
2797 2774 2961 2835 emi-

496 2892 720 2956 serat,
754 2899 1101 2944 renovare
1138 2881 1395 2959 voluit,
1444 2898 1625 2959 quae
1663 2897 1780 2942 res
1820 2881 1891 2941 in
1921 2877 2274 2942 Societate
2303 2897 2435 2943 nec
2465 2880 2663 2958 prius
2702 2880 2966 2942 usitata

497 2999 681 3066 erat,
716 3007 845 3051 nec
877 2989 948 3051 in
976 2998 1336 3068 posterum
1368 2987 1517 3067 ejus
1546 3004 1715 3050 usus
1747 2985 2186 3049 inducendus
2226 2987 2424 3049 visus
2462 2996 2601 3062 est;
2636 2987 2967 3066 quamvis

496 3096 588 3158 ad
618 3095 1184 3158 aedificationem
1211 3105 1379 3158 tunc
1412 3094 1688 3157 videtur
1718 3095 2050 3171 cessisse,
2084 3111 2226 3155 non
2266 3092 2483 3172 ipsius
2525 3102 2798 3156 tantum
2838 3093 2962 3156 sed

497 3202 963 3280 adstantium,
1008 3204 1126 3282 qui
1163 3203 1445 3281 plurimi
1488 3201 1796 3274 fuerunt,
1842 3201 2259 3263 concionem
2300 3199 2601 3263 habente
2643 3199 2964 3262 Doctore

498 3311 805 3390 quodam
835 3320 904 3373 et
936 3327 1199 3389 magna
1230 3308 1592 3372 hominum
1615 3308 2057 3370 multitudine
2084 3308 2676 3383 communicante;
2703 3307 2823 3370 ubi
2846 3325 2966 3369 no·

497 3424 722 3479 tatum
752 3426 859 3480 est
889 3418 1076 3497 quod
1107 3435 1267 3480 cum
1298 3416 1569 3479 hostias
1597 3415 1940 3495 plurimas
1966 3413 2173 3476 Pater
2212 3414 2325 3475 ille
2355 3422 2846 3476 consecrasset
2871 3413 2962 3475 ci·

497 3532 610 3585 tra
640 3525 914 3587 numeri
943 3525 1324 3602 delectum,
1360 3522 1674 3603 ejusdem
1702 3521 1979 3584 numeri
2011 3519 2617 3583 communicantes
2648 3536 2962 3582 accesse-

499 3641 683 3708 runt,
717 3642 792 3693 ut
820 3649 950 3694 nec
980 3632 1434 3712 paucioribus
1457 3648 1586 3692 nec
1611 3629 1928 3711 pluribus
1952 3645 2128 3706 opus
2152 3626 2383 3689 fuerit.
2411 3625 2756 3705 Magister
2778 3626 2965 3689 illius

495 3738 864 3818 hospitalis
895 3740 1276 3818 virginum,
1313 3737 1429 3800 ubi
1459 3738 1635 3799 haec
1666 3734 2077 3798 solemnitas
2108 3734 2417 3796 secunda
2442 3733 2800 3796 celebrata
2831 3741 2961 3812 est,

495 3847 698 3925 quasi
743 3845 1270 3924 anniversaria,
1316 3862 1478 3908 cum
1523 3863 1564 3905 a
1603 3843 1843 3905 multis
1873 3841 2230 3904 mensibus
2260 3840 2735 3918 decumberet,
2772 3839 2967 3901 vires

496 3953 988 4016 Eucharistiae
1021 3952 1486 4016 Sacramento
1521 3951 1789 4014 refecit.

617 4060 757 4124 405.
846 4061 1021 4123 Tres
1052 4070 1256 4123 erant
1282 4059 1605 4140 perdocti
1636 4068 1704 4120 et
1735 4056 1981 4137 optimi
2011 4056 2174 4131 viri,
2202 4054 2430 4134 quide
2453 4054 2818 4117 dotatione
2842 4070 2962 4115 no·

495 4170 624 4231 stri
657 4167 953 4247 Collegii
982 4166 1455 4230 Lovaniensis
1487 4175 1691 4229 erant
1721 4163 2007 4226 solliciti
2038 4171 2107 4225 et
2145 4163 2326 4224 inter
2367 4179 2442 4224 se
2482 4159 2568 4224 de
2612 4173 2697 4223 ea
2734 4158 2966 4222 confe-

495 4275 767 4338 rebant.
804 4274 966 4338 Duo
999 4284 1235 4338 tamen
1261 4274 1539 4337 illorum
1565 4272 1878 4337 animum
1902 4288 2107 4334 suum
2131 4287 2275 4332 non
2298 4268 2708 4331 indicabant
2730 4267 2964 4344 tertio,

495 4382 797 4460 Regenti
828 4381 1155 4445 videlicet
1184 4381 1472 4444 Liliensi
1502 4381 1628 4458 (sic
1661 4387 1924 4442 vocant
1953 4376 2391 4458 praefectum
2415 4375 2714 4454 Collegii
2737 4375 2964 4437 Lova·

497 4489 656 4567 nii),
692 4489 818 4552 sed
857 4490 1164 4568 agebant
1201 4489 1453 4568 quibus
1492 4488 1741 4551 mediis
1773 4488 2004 4567 ipsum
2032 4484 2338 4547 Liliense
2370 4482 2763 4561 Collegium
2803 4498 2967 4543 cum

496 4597 823 4660 omnibus
845 4597 1051 4659 bonis
1076 4613 1188 4658 mo
1201 4596 1448 4659 bilibus
1472 4605 1539 4658 et
1566 4593 2038 4657 immobilibus
2070 4601 2356 4654 nostrae
2383 4588 2723 4653 Societati
2747 4587 2965 4668 appli-

495 4714 811 4784 caretur,
846 4713 915 4767 et
946 4703 1227 4782 Regens
1258 4704 1407 4783 ipse
1438 4711 1816 4765 contentus
1846 4709 2000 4763 erat
2032 4709 2107 4762 ut
2137 4698 2378 4761 statim
2406 4696 2632 4760 nostri
2664 4695 2966 4773 Collegii
