3679 5414
1618 476 1745 536 ΑΝ.
1790 476 1925 536 1551
2471 494 2481 505 ·
2688 529 2695 536 .
2890 473 3007 533 345

644 622 789 686 368.
876 624 1082 688 Initio
1120 623 1421 687 ducatus
1458 624 1802 704 assumpti
1839 642 2002 688 cum
2037 623 2454 703 tepidiorem
2493 622 2698 685 solito
2727 639 2996 686 novum

525 731 801 794 Ducem
832 732 1345 812 experirentur,
1377 731 1562 795 sorte
1599 740 1891 813 propter
1929 732 2164 813 aliqua
2208 748 2426 795 onera
2463 730 2535 793 in
2574 738 3003 795 testamento

525 838 594 901 ei
636 838 914 919 relicta,
961 840 1075 902 vel
1118 856 1470 918 expensas
1507 839 1869 919 itinerum,
1915 841 2215 920 populus
2252 838 2466 902 etiam
2502 837 2889 917 frigescere
2927 836 3003 900 in

528 944 791 1009 affectu
820 962 994 1025 erga
1025 944 1423 1026 Collegium
1450 945 1855 1009 Gandiense
1878 946 2131 1027 coepit.
2156 945 2548 1009 Videbatur
2574 960 2789 1023 aegre
2812 942 3007 1006 ferre

528 1051 698 1115 Dux
747 1052 938 1133 quod
975 1052 1404 1132 quingentos
1443 1070 1698 1116 aureos
1736 1053 2034 1133 singulis
2084 1052 2287 1116 annis
2337 1051 2652 1131 Collegio
2701 1067 3010 1114 romano

530 1159 705 1223 dare
734 1160 1128 1239 tenebatur,
1177 1168 1247 1223 et
1287 1160 1533 1241 aliqui,
1576 1161 1830 1241 quibus
1877 1161 1993 1225 ille
2030 1160 2396 1233 credebat,
2432 1177 2574 1223 non
2611 1160 2788 1222 bene
2828 1172 3005 1238 erga

528 1266 910 1330 Societatis
940 1284 1056 1330 res
1082 1266 1348 1346 affecti',
1382 1268 1599 1330 etiam
1629 1268 1702 1330 in
1729 1285 1978 1331 mensa
2016 1266 2240 1331 Ducis
2281 1266 2575 1330 dicteria
2604 1275 2853 1329 contra
2882 1263 3006 1329 So-

527 1373 860 1437 cietatem
889 1375 1478 1455 contorquebant.
1512 1373 1671 1438 Non
1700 1374 1821 1438 diu
1851 1383 2089 1437 tamen
2117 1375 2295 1438 haec
2337 1374 2682 1437 durarunt
2700 1422 2715 1452 ‚
2740 1382 2817 1436 et
2844 1380 3011 1453 post

532 1480 713 1545 duos
750 1482 865 1544 vel
903 1490 1048 1544 tres
1087 1499 1370 1545 menses
1417 1499 1581 1546 cum
1622 1482 2244 1545 animadvertisset
2287 1481 2454 1545 Dux
2490 1482 2828 1562 populum
2864 1497 3008 1544 non

530 1587 937 1668 frequenter
987 1588 1077 1651 ad
1132 1598 1416 1652 nostros
1457 1589 1828 1668 accedere,
1871 1607 1961 1652 ex
2010 1606 2095 1652 eo
2145 1588 2525 1668 provenire
2573 1587 3015 1659 existimavit

531 1695 723 1775 quod
759 1696 993 1759 rarius
1032 1696 1327 1775 ipsemet
1369 1697 1682 1776 veniret;
1725 1697 1852 1760 sed
1888 1697 2129 1760 statim
2167 1695 2235 1759 id
2276 1696 2665 1759 remedium
2708 1694 3009 1775 accepit,

530 1818 699 1866 cum
730 1802 881 1884 ipse
908 1802 1357 1866 familiariter
1387 1819 1601 1883 agere
1631 1811 1701 1866 et
1731 1804 1976 1867 verbis
2006 1804 2224 1867 animi
2252 1803 2361 1866 sui
2388 1804 2649 1866 bonum
2680 1801 3015 1866 affectum

532 1910 906 1973 ostendere
930 1911 1301 1991 coepisset.
1340 1910 1518 1974 Cum
1542 1920 1779 1974 autem
1799 1920 2300 1974 testamentum
2329 1911 2689 1989 conderet,
2716 1910 3019 1990 ipsemet

532 2034 765 2081 novus
794 2017 962 2082 Dux
989 2017 1066 2081 P.
1116 2018 1513 2099 Baptistam
1565 2025 1686 2080 aut
1725 2019 2151 2099 quicumque
2191 2018 2452 2082 Rector
2490 2027 2677 2081 esset
2713 2016 3018 2097 Col-legii

525 2126 965 2189 Gandiensis
1003 2134 1500 2189 exsecutorem
1556 2126 1741 2188 inter
1781 2125 1962 2188 alios
2000 2142 2156 2188 esse
2204 2125 2450 2188 voluit.
2486 2123 2863 2189 Consultus
2891 2141 3012 2187 au·

525 2242 681 2296 -tem
709 2232 786 2296 P.
818 2232 1140 2313 Ignatius
1166 2233 1442 2296 censuit
1462 2233 1650 2296 hanc
1670 2234 2073 2296 testamenti
2096 2233 2622 2296 exsecutionem
2644 2231 3015 2295 admitten-

537 2340 705 2404 dam
732 2356 912 2403 esse.
949 2340 1128 2404 Cum
1157 2356 1332 2402 vero
1371 2341 1591 2402 multa
1631 2340 1811 2404 falsa
1852 2340 2477 2404 circumferrentur
2512 2340 2732 2419 vulgo
2769 2338 2857 2402 de
2900 2339 3020 2402 his

537 2464 723 2527 quae
751 2445 948 2510 Patri
973 2446 1384 2526 FranciscO,
1420 2464 1581 2510 cum
1611 2456 1798 2510 esset
1818 2446 2110 2526 Romae,
2138 2447 2567 2526 acciderant,
2594 2446 3019 2526 praesertim

541 2552 628 2616 de
651 2553 1158 2635 temporalibus
1180 2553 1409 2633 boniS,
1435 2571 1616 2634 quae
1640 2554 1878 2617 domui
1903 2571 2240 2617 romanae
2262 2555 2679 2633 contulerat,
2703 2552 3017 2632 scriptae

537 2660 821 2725 fuerunt
850 2660 1013 2725 illae
1041 2660 1341 2741 litterae,
1374 2659 1463 2725 de
1494 2661 1747 2743 quibus
1776 2662 2105 2742 superius
2135 2662 2324 2726 facta
2347 2661 2610 2727 mentio
2633 2670 2742 2726 est
2768 2659 2811 2741 ¹,
2837 2678 3021 2743 quas

537 2769 764 2832 voluit
790 2767 869 2831 P.
902 2768 1230 2848 Ignatius·
1249 2786 1439 2832 novo
1471 2767 1660 2832 Duci
1691 2769 1968 2832 ostendi
2003 2778 2071 2832 et
2100 2769 2289 2848 aliis,
2323 2771 2445 2850 qui
2475 2767 2875 2849 hujusmodi
2905 2787 3014 2835 sa-

533 2875 944 2940 tisfactione
973 2876 1405 2955 indigebant.
1452 2876 1699 2957 Coepit
1738 2885 1976 2940 autem
2023 2886 2093 2940 et
2130 2894 2460 2940 murmur·
2487 2877 2689 2940 brevi
2728 2872 3019 2940 cessare

536 2991 607 3047 et
635 3000 972 3048 numerus
999 2983 1479 3047 confitentium
1504 2992 1572 3047 et
1597 2984 2272 3047 communicantium
2294 2985 2566 3064 augeri,
2593 3001 2753 3047 cum
2772 2992 2842 3046 et
2865 2984 3020 3064 ipse

538 3090 709 3154 Dux
738 3089 832 3153 ad
862 3090 1377 3154 confessionem
1406 3091 1865 3169 accessisset3
1897 3090 2016 3172 qui
2048 3108 2209 3154 cum
2238 3089 2329 3153 ad
2367 3100 2643 3170 patrem
2679 3106 2883 3154 suum
2913 3090 3017 3152 in—

538 3198 916 3261 visendum
946 3197 1327 3277 Ognatem,
1361 3207 1437 3261 ut
1475 3198 1799 3279 superius
1839 3198 2180 3277 diximuS,
2214 3216 2291 3261 se
2336 3198 2775 3276 contulisset,
2823 3213 3014 3260 com-

539 3313 774 3368 motus
804 3305 1013 3368 valde
1043 3305 1204 3368 inde
1232 3304 1470 3384 rediit;
1503 3314 1570 3368 et
1616 3305 1957 3368 laetitiam
2000 3304 2151 3385 ejus
2196 3305 2394 3368 auxit
2431 3303 2613 3368 filius
2644 3321 3024 3391 successor

541 3410 678 3475 illis
707 3411 955 3475 diebus
983 3421 1192 3475 natus
1220 3409 1265 3475 ¹.

661 3518 805 3581 369.
892 3518 1269 3612 Neophyti,
1317 3535 1616 3599 quorum
1666 3519 1738 3582 in
1783 3518 2099 3598 Collegio
2142 3518 2462 3582 Gandiae
2500 3517 3017 3582 institutionem

540 3625 771 3689 nostri
788 3626 1197 3707 aliquandiu
1218 3626 1675 3705 retinuerant,
1696 3643 1948 3707 parum
1973 3625 2354 3690 admodum
2366 3624 2851 3706 proficiebant,
2879 3642 3014 3688 nec

541 3732 818 3797 fructus
845 3733 1075 3798 labori
1104 3751 1189 3797 ac
1218 3734 1584 3797 molestiae
1624 3734 2058 3813 respondere
2097 3732 2501 3813 videbatur3
2544 3733 2730 3796 unde
2769 3707 3015 3796 habito

538 3839 617 3903 P.
653 3840 1024 3904 Francisci
1054 3857 1407 3904 consensu
1438 3849 1538 3920 et,
1571 3849 1646 3903 ut
1682 3841 2070 3904 verisimile
2102 3849 2241 3919 est,
2283 3839 2487 3904 Sedis
2527 3840 3017 3921 Apostolicae,

535 3948 890 4027 paulatim
920 3947 1085 4010 alibi
1114 3948 1445 4011 collocati
1467 3956 1629 4010 sunt
1647 3997 1661 4026 ,
1695 3956 1763 4010 et
1783 3948 2082 4011 liberum
2104 3948 2194 4010 ab
2215 3948 2350 4011 hoc
2374 3964 2587 4010 onere
2610 3946 3011 4026 Collegium

535 4071 702 4118 esse
732 4055 988 4136 coepit,
1023 4055 1094 4118 in
1122 4072 1261 4135 quo
1291 4055 1366 4119 P.
1412 4055 1768 4118 Antonius
1809 4054 2159 4119 Cordeses
2194 4055 2683 4136 philosophiae
2722 4071 3013 4118 cursum

541 4159 961 4225 inchoatum
991 4162 1167 4225 satis
1195 4161 1495 4225 feliciter
1523 4163 2107 4243 prosequebatur.
2134 4162 2213 4226 In
2231 4162 2410 4226 festo
2435 4161 2605 4226 Divi
2622 4163 2886 4242 Lucae,
2916 4162 3020 4241 ip-

629 4440 645 4472 ¹
714 4437 848 4483 Vide
864 4449 1040 4494 snpra,
1060 4438 1156 4482 hoc
1178 4449 1312 4483 anno
1334 4439 1455 4492 1551,
1472 4450 1608 4482 num.
1630 4439 1672 4491 6,
1696 4450 1817 4493 pag.
1842 4438 1934 4482 16⁴.

622 4510 648 4543 ¹
706 4508 944 4565 Ignatius
964 4508 1247 4554 ”archionl
1264 4509 1327 4553 de
1347 4509 1598 4566 Lombay,
1620 4510 1682 4554 de
1702 4511 1780 4562 lis.
1802 4509 2010 4565 quaein
2032 4509 2310 4555 Societatis
2330 4511 2695 4556 detrimentum
2718 4511 3025 4554 ferebantur

541 4582 685 4627 eirca
709 4593 790 4635 ea,
813 4593 945 4636 quae
959 4580 1155 4625 Romae
1170 4587 1409 4636 gesserat
1429 4587 1483 4625 et
1504 4592 1634 4637 quae
1658 4581 1891 4636 Collegio
1912 4581 2143 4625 Romano
2160 4582 2448 4628 donaverat
2469 4583 2586 4627 Dux
2607 4582 2840 4627 Gandiae
2856 4615 2867 4636 ,
2888 4588 2941 4626 et
2963 4589 3025 4627 ut

542 4652 855 4709 nagistrum
876 4652 1126 4706 Joannem
1145 4652 1440 4708 napa-tam
1461 4653 1522 4697 de
1555 4652 1749 4697 Barma
1771 4654 1929 4697 adeat
1950 4651 2208 4708 Marchlo,
2238 4664 2271 4698 a
2291 4666 2388 4709 quo
2408 4656 2617 4711 plenam
2636 4654 2697 4698 de
2720 4652 2783 4698 lis
2803 4654 3025 4708 aliisque

543 4724 964 4769 informationem
987 4723 1150 4769 Roma
1172 4725 1382 4769 missam
1404 4724 1596 4768 habere
1611 4725 1822 4780 poterit,
1846 4726 1866 4769 1
1888 4723 2026 4780 unss-
