3679 5414
701 483 777 543 48
1238 575 1242 579 ρ
1613 483 1869 544 Canon.
1911 483 2065 544 Soc,
2107 484 2248 557 JES.

690 612 1110 692 charitatem
1148 629 1583 705 ostenderet;
1621 629 1965 692 miraculo
2003 628 2215 691 etiam
2254 628 2404 708 ejus
2444 638 2946 692 conservatam
2972 632 3164 693 vale-

689 735 1003 799 tudinem
1032 735 1554 798 adscribebant.

809 842 908 905 99.
996 843 1165 905 Post
1193 854 1524 922 peractas
1556 860 1730 921 ergo
1776 842 2260 906 confessiones
2303 853 2372 907 et
2401 844 3006 923 praedicationem
3034 843 3159 906 Pa-

590 937 607 949 ’
690 950 817 1012 tris
872 950 1182 1030 Laynez,
1245 967 1425 1030 quae
1489 951 1747 1013 milites
1806 952 2100 1013 multum
2156 951 2522 1029 animavit,
2590 961 2782 1014 terra
2845 952 3166 1032 marique

690 1056 1198 1137 Aphrodisium
1226 1056 1357 1119 fuit
1388 1066 1877 1137 oppugnatum
1922 1066 1989 1120 et
2034 1057 2107 1119 10
2143 1057 2596 1138 SeptembriS,
2645 1057 2798 1121 Deo
2827 1059 3154 1139 propiti0‚

688 1173 1172 1244 expugnatum
1208 1163 1367 1241 fuit;
1409 1173 1478 1226 et
1508 1164 1620 1226 die
1666 1163 1759 1243 14,
1795 1182 1976 1243 quae
2014 1165 2209 1244 prius
2237 1166 2573 1228 moschea
2610 1165 2841 1228 fuerat
2883 1182 3157 1228 sarace-

689 1289 971 1348 norum,
1007 1271 1377 1333 benedicta
1418 1271 1577 1350 suit3
1612 1271 1949 1334 solemnis
1978 1271 2198 1333 missa
2234 1270 2365 1334 fuit
2393 1272 2489 1334 ibi
2528 1272 2718 1335 dicta
2747 1281 2815 1335 et
2847 1273 2923 1336 P.
2956 1272 3158 1354 Jaco-

687 1379 818 1440 bus
868 1378 1330 1441 concionatus
1381 1376 1637 1439 ibidem
1695 1386 1803 1440 est
1856 1393 2014 1439 cum
2066 1394 2330 1457 magna
2390 1378 2792 1441 auditorum
2844 1378 3160 1441 consola-

686 1485 909 1563 tione,
944 1493 1012 1548 et
1043 1483 1351 1564 quinque
1392 1484 1719 1546 saraceni
1759 1483 2127 1563 baptizati,
2170 1502 2259 1546 ex
2299 1485 2550 1564 quibus
2580 1494 2883 1565 quatuor
2927 1494 3159 1549 aetate

687 1592 918 1671 pueri,
974 1592 1261 1671 quintus
1300 1591 1409 1653 vir
1460 1600 1613 1653 erat
1663 1599 1730 1653 et
1770 1592 2218 1670 vulneratuS,
2273 1592 2393 1671 qui
2422 1592 2669 1655 eodem
2700 1593 2809 1655 die
2840 1602 3165 1655 mortuus

688 1708 815 1760 est.
859 1698 948 1761 Et
987 1715 1077 1760 ex
1117 1699 1252 1760 hac
1294 1697 1821 1777 oppugnatione
1869 1714 2172 1775 magnus
2211 1699 2630 1778 sperabatur
2668 1698 2965 1774 fructus,
3010 1717 3155 1761 non

688 1806 915 1867 solum
944 1805 1344 1867 securitatis
1372 1805 1444 1867 in
1475 1805 1848 1867 maritimis
1887 1805 2030 1867 oris
2073 1805 2622 1868 christianorum
2664 1805 2787 1869 sed
2832 1807 3042 1868 etiam
3086 1806 3160 1868 in

690 1912 850 1975 fidei
879 1921 946 1974 et
971 1910 1281 1990 justitiae
1305 1910 1738 1974 dilatatione.

815 2018 947 2081 100.
1035 2018 1202 2082 Inde
1232 2019 1512 2081 rediens
1541 2018 1614 2081 P.
1643 2020 1932 2098 Laynez
1963 2019 2034 2081 in
2064 2017 2378 2082 Siciliam
2408 2029 2476 2083 et
2506 2020 2663 2083 aliis
2690 2021 2868 2083 bene
2899 2019 3156 2081 consti-

688 2127 857 2190 tutis
887 2127 976 2190 ad
1006 2125 1381 2190 Societatis
1404 2136 1473 2189 et
1503 2143 1875 2189 commune
1904 2126 2189 2205 bonum,
2225 2126 2528 2189 Romam
2558 2145 2634 2190 se
2658 2127 2986 2204 contulit;
3012 2127 3154 2209 ubi,

692 2235 872 2297 sicut
900 2234 1096 2314 prius
1126 2234 1392 2297 dictum
1422 2242 1549 2312 est,
1585 2233 1656 2294 in
1685 2233 1998 2296 adventu
2023 2234 2432 2296 concionari
2454 2234 2701 2314 potuit3
2732 2251 2900 2296 nam
2930 2250 3154 2312 usque

692 2342 781 2404 ad
810 2341 1084 2404 initium
1115 2340 1470 2420 sequentis
1510 2340 1678 2402 anni
1715 2339 2058 2419 profectio
2099 2341 2169 2402 in
2208 2341 2456 2403 urbem
2491 2340 2894 2404 Florentiae
2934 2340 3150 2403 dilata

693 2456 800 2510 est
829 2447 868 2509 ¹.

819 2553 952 2616 101.
1039 2552 1314 2616 Interea
1363 2554 1694 2617 Panormi
1747 2554 2219 2617 scholasticae
2267 2555 2810 2618 exercitationes
2859 2572 3001 2619 non
3052 2555 3150 2617 in·

692 2660 1059 2724 termissae
1090 2669 1274 2741 sunt,
1309 2670 1379 2725 et
1409 2661 1654 2724 ultima
1686 2661 1958 2742 classiS,
1993 2679 2174 2742 quae
2204 2679 2466 2743 magna
2496 2663 2938 2727 multitudine
2962 2664 3149 2727 labo·

692 2769 927 2848 rabat,
964 2768 1037 2831 in
1067 2768 1246 2831 duas
1275 2768 1506 2832 divisa
1535 2767 1696 2846 fuit,
1735 2777 1804 2831 et
1833 2770 1960 2832 sub
1992 2770 2579 2833 instaurationem
2610 2769 3004 2833 studiorum
3035 2770 3154 2833 ini-

691 2876 788 2939 tio
811 2874 1235 2938 Novembris
1265 2876 1404 2938 alia
1435 2875 1649 2937 etiam
1679 2876 1925 2938 schola
1949 2876 2327 2939 dividenda
2358 2894 2514 2940 esse
2544 2885 2835 2957 propter
2866 2894 3158 2939 causam

689 2983 988 3045 similem
1016 2982 1173 3044 visa
1203 2991 1360 3060 est,
1381 2990 1449 3044 et
1489 2982 1590 3044 sic
1629 2982 2230 3080 satisfactumfuit
2261 2993 2328 3046 et
2359 2983 2624 3072 civium
2662 2992 2732 3046 et
2774 2984 3158 3062 Pro-regis

692 3089 1040 3152 voluntati
1069 3088 1187 3167 qui
1215 3106 1586 3151 numerum
1624 3097 2167 3169 praeceptorum
2214 3090 2461 3169 augeri
2502 3091 2947 3170 expetebant.
2988 3089 3148 3166 Sed,

692 3214 853 3259 cum
882 3195 1142 3274 singuli
1170 3202 1447 3257 tantum
1476 3197 1976 3275 praeceptores
2006 3195 2303 3274 singulis
2334 3197 2680 3259 classibus
2719 3207 3152 3276 praeessent„

691 3321 823 3366 nec
856 3300 1455 3381 supernumerarii
1488 3310 1725 3364 essent
1769 3296 2007 3382 aliqui,
2052 3303 2193 3382 qui,
2237 3304 2818 3383 praeceptoribus
2861 3303 2934 3365 in
2975 3321 3153 3366 mor·

690 3412 854 3473 bum
895 3409 1393 3486 incidentibuS,
1436 3425 1681 3470 eorum
1719 3409 1917 3471 vices
1957 3410 2391 3489 supplerent,
2440 3409 2677 3474 docuit
2718 3411 3153 3490 experientia

690 3517 1114 3579 sufficienter
1152 3514 1434 3577 utilitati
1474 3514 2065 3578 scholasticorum
2102 3533 2244 3578 non
2285 3515 2587 3595 consuli3
2637 3535 2801 3580 nam
2833 3516 2967 3579 hoc.
3000 3518 3152 3596 ipso

692 3641 879 3686 anno
909 3638 1070 3685 cum
1111 3639 1293 3684 unus
1331 3630 1401 3684 et
1441 3623 1617 3684 alter
1648 3630 2190 3702 praeceptorum
2221 3632 2712 3703 aegrotarent,
2748 3623 2896 3702 ipse
2926 3623 3000 3685 P.
3036 3622 3153 3684 Ni·

691 3731 958 3808 colauS,
994 3727 1289 3807 Collegii
1318 3736 1553 3807 caput,
1587 3729 1819 3790 locum
1849 3728 2058 3791 unius
2090 3730 2330 3792 debuit
2360 3730 2717 3811 supplere,
2754 3747 2837 3793 ac
2868 3729 3150 3791 demum

692 3835 1172 3900 necessarium
1200 3852 1356 3898 esse
1386 3837 1622 3914 plures
1661 3834 1936 3914 aliquos
1976 3836 2066 3898 ad
2111 3836 2375 3899 similes
2408 3846 2708 3900 eventus
2745 3837 3005 3899 habere
3046 3845 3154 3899 est

694 3944 1125 4007 intellectum
1147 3941 1193 4001 ⁹.

775 4148 788 4178 ¹
850 4145 1082 4198 ignatius
1101 4146 1367 4197 joannide
1389 4144 1564 4198 vega.
1590 4145 1799 4188 Siciliae
1832 4144 2092 4199 Pro-regi,
2125 4146 2335 4189 Patrem
2355 4145 2562 4201 Laynez
2596 4157 2628 4190 a
2664 4146 2912 4190 Pontifice
2943 4144 3160 4188 Romam

692 4217 903 4261 evocari
918 4249 929 4270 ‚
952 4216 1041 4259 sed
1060 4215 1225 4259 satius
1255 4215 1364 4259 fore
1384 4216 1425 4259 si
1451 4214 1668 4259 Romam
1688 4221 1804 4270 post
1826 4215 2057 4259 aestivos
2077 4218 2277 4261 calores
2298 4217 2477 4261 venire
2502 4217 2837 4271 permittatur
2852 4251 2863 4271 ,
2893 4217 2947 4260 29
2966 4215 3156 4259 Martii.

690 4289 833 4333 Idem
853 4288 1033 4331 eadem
1052 4287 1133 4331 die
1154 4287 1485 4342 Pro-reginae
1515 4287 1736 4331 Siciliae.
1773 4286 1912 4330 Idem
1949 4286 2262 4345 Hieronymo
2295 4289 2589 4333 Domenech
2607 4321 2618 4343 ,
2649 4289 2711 4332 de
2745 4289 2935 4333 litteris
2965 4287 3158 4332 Prioris

693 4362 937 4404 Andreae
967 4358 1236 4414 Lipomaui
1270 4359 1336 4402 ad
1371 4358 1692 4413 Pro-regem,
1718 4359 1767 4402 17
1786 4358 1928 4404 Maii.
1958 4359 2099 4403 Idem
2121 4360 2354 4415 Pro-regi
2386 4360 2591 4405 Siciliae
2609 4394 2620 4416 ,
2642 4362 2705 4404 de
2739 4362 2964 4406 adventu
2985 4359 3158 4403 Patris

693 4429 904 4487 Laynez
925 4431 975 4474 in
996 4430 1206 4483 Urbem,
1235 4431 1289 4473 22
1321 4430 1643 4475 Novembris.
1673 4430 1857 4474 Eidem
1892 4431 2125 4486 Pro-regi
2161 4432 2320 4476 Pater
2354 4431 2789 4489 Laynez,eade1n
2811 4432 2892 4475 die
2911 4464 2922 4486 ,
2955 4437 3006 4474 et
3027 4429 3163 4473 Gan·

693 4500 809 4546 diae
831 4500 965 4546 Dux.

774 4573 797 4603 ²
851 4571 1120 4626 Polancus,
1142 4583 1208 4616 ex
1228 4572 1621 4626 commissione,
1642 4574 1953 4619 Panormum
1976 4575 2121 4619 Patri
2145 4574 2459 4631 Hieronymo
2482 4574 2793 4627 Domenech,
2820 4574 2881 4616 de
2912 4572 3161 4616 mittendo

693 4649 810 4697 post
844 4647 1100 4698 aestatem
1134 4642 1299 4688 Roma
1318 4644 1571 4698 Magistro
1590 4643 1785 4697 joanne
1819 4653 1874 4691 et
1907 4646 2025 4691 aliis
2059 4646 2412 4701 scholasticis,
2447 4647 2510 4689 de
2539 4644 2846 4689 lectionibus
2868 4641 3157 4696 theologiae

694 4712 932 4768 Magistri
954 4713 1434 4772 NicolaiLaunoyi,
1460 4715 1511 4758 18
1528 4716 1777 4768 januarii.
1810 4717 1950 4762 Idem
1985 4717 2128 4761 Patri
2165 4716 2390 4774 Laynez,
2426 4728 2524 4760 non
2561 4727 2709 4770 posse
2745 4712 3080 4758 Pelletarium
3109 4712 3160 4756 in
