3679 5414
1484 485 1612 545 AN.
1660 486 1799 545 1552
2766 488 2884 547 683

399 631 488 694 ad
518 632 836 711 virgines
865 633 1276 712 parentibus
1306 631 1679 695 destitutas
1710 633 1781 695 in
1810 624 2263 695 matrimonio
2303 633 2756 696 collocandas
2802 643 2871 697 et

397 740 537 803 alia
566 738 850 819 pietatis
882 757 1097 819 opera
1128 741 1640 820 eleemosynaS,
1675 757 1975 820 quarum
2006 740 2285 820 aliquae
2317 752 2554 803 certae
2584 749 2653 804 et
2683 740 2867 804 fixae

398 847 470 909 in
508 848 831 926 singulos
876 864 1103 909 annos
1153 855 1388 924 erant,
1432 847 1914 910 conferebant.
1962 848 2046 910 Et
2099 856 2296 909 tanta
2341 848 2411 909 in
2449 848 2568 910 illo
2607 850 2868 928 populo

396 955 696 1017 mutatio
729 954 918 1017 facta
946 962 1055 1016 est
1093 962 1168 1016 ut
1207 971 1297 1016 ex
1338 955 1520 1034 lupis
1560 954 1727 1034 agni
1769 952 2001 1017 effecti
2042 972 2198 1016 esse
2238 954 2671 1017 viderentur.
2717 954 2861 1017 Mo-

396 1062 785 1124 nasterium
815 1059 1169 1141 quoddam
1199 1060 1607 1124 monialium
1647 1060 2224 1124 Cisterciensium
2265 1061 2357 1124 ad
2396 1061 2677 1140 praxim
2716 1078 2868 1124 ora-

398 1168 611 1231 tionis
654 1167 1102 1230 adduxerunt
1151 1185 1315 1230 cum
1354 1184 1615 1247 magno
1655 1185 1903 1231 earum
1945 1168 2286 1248 profectu.
2332 1157 2870 1247 Expetebantur

399 1276 488 1337 ab
527 1276 666 1342 alio
705 1275 1137 1338 monasterio
1184 1274 1453 1337 ordinis
1496 1272 1803 1337 Sanctae
1847 1274 2136 1351 Clarae;
2181 1275 2305 1338 sed
2351 1275 2512 1356 quia
2554 1275 2871 1353 religiosi

397 1380 544 1461 ejns
574 1381 846 1445 ordinis
870 1381 1281 1444 facultatem
1314 1399 1453 1444 non
1482 1381 1848 1460 dederant,
1883 1383 2110 1445 nostri
2137 1400 2280 1444 non
2310 1400 2395 1444 eo
2440 1399 2516 1443 se
2558 1383 2865 1445 contule-

395 1498 580 1552 runt.
608 1488 1015 1566 Communis
1038 1489 1230 1551 fama
1251 1499 1407 1552 erat
1436 1489 1623 1570 quod
1652 1489 1743 1552 ad
1774 1489 1844 1552 id
1873 1506 2094 1569 usque
2124 1499 2400 1569 tempus
2430 1489 2656 1553 vitam
2686 1488 2869 1552 chri-

395 1596 646 1659 stianis
675 1595 967 1676 dignam
994 1614 1140 1660 non
1171 1606 1496 1676 egerant3
1538 1597 2040 1678 permittebant
2078 1606 2315 1659 autem
2355 1597 2488 1676 ipsi
2534 1614 2612 1659 se
2652 1596 2870 1661 libere

390 1712 795 1766 nostrorum
826 1703 1145 1781 arbitri0‚
1173 1703 1430 1767 facturi
1454 1704 1790 1785 quidquid
1816 1705 1904 1766 ab
1936 1705 2040 1767 eis
2072 1704 2582 1784 inJ‘ungeretur3
2609 1714 2679 1766 et
2703 1722 2868 1768 cum

391 1810 533 1872 late
563 1810 747 1873 inter
775 1829 898 1873 eos
928 1812 1269 1873 exercitia
1300 1811 1705 1891 spiritualia
1735 1820 2091 1892 paterent,
2127 1812 2387 1890 singuli
2428 1829 2519 1874 ex
2566 1811 2706 1889 his,
2753 1812 2872 1891 qui

392 1934 476 1978 ea
508 1918 1017 1997 suscipiebant,
1054 1919 1233 1981 inter
1267 1936 1443 2000 quos
1472 1929 1674 1981 erant
1706 1919 2084 1999 optimates
2114 1918 2461 1996 civitatiS,
2509 1918 2872 2000 sigillatim

394 2040 558 2085 cum
595 2041 857 2103 magna
901 2026 1319 2104 humilitate,
1352 2044 1627 2105 eorum,
1671 2043 1853 2106 quae
1892 2025 2212 2088 meditati
2241 2035 2475 2105 erant,
2521 2025 2873 2088 rationem

396 2130 783 2193 reddebant
825 2141 893 2194 et
943 2140 1193 2195 sancto
1246 2134 1559 2215 quodam
1604 2133 1767 2211 igne
1811 2133 2183 2196 charitatis
2222 2132 2500 2195 fervere
2542 2149 2628 2194 ac
2670 2131 2875 2211 profi-

398 2254 563 2300 cere
581 2256 669 2301 ea
693 2239 948 2302 civitas
973 2240 1417 2304 cernebatur.
1455 2240 1780 2304 Primarii
1814 2241 2031 2304 etiam
2062 2240 2258 2302 urbis
2287 2240 2425 2302 viri
2456 2239 2543 2303 de
2573 2240 2878 2317 collegio

397 2342 772 2429 Societatis
796 2346 1226 2410 instituendo
1250 2349 1559 2427 agebant
1584 2359 1649 2411 et
1676 2349 1889 2411 situm
1913 2356 2390 2428 opportunum
2414 2346 2871 2427 quaerebant,

398 2451 612 2514 immo
656 2462 724 2516 et
765 2455 1218 2527 invenerant;
1276 2455 1402 2518 sed
1441 2455 1665 2518 nostri
1707 2456 1881 2518 nihil
1928 2456 2062 2517 illis
2106 2436 2423 2535 polliceri
2468 2454 2871 2526 voluerunt,

397 2577 560 2622 cum
599 2561 1043 2641 superiorum
1084 2580 1376 2626 suorum
1413 2564 1856 2625 voluntatem
1894 2580 2035 2625 non
2081 2561 2613 2625 intellexissent.
2661 2561 2869 2624 Vale-

412 2667 528 2730 bat
567 2667 642 2731 P.
687 2666 1082 2732 Santacruz
1120 2671 1502 2750 plurimum
1543 2670 1614 2733 in
1655 2669 2176 2748 concionand0‚
2221 2668 2296 2733 P.
2353 2679 2590 2732 autem
2619 2667 2878 2733 Corne-

399 2775 534 2837 lius
576 2776 648 2837 in
699 2777 1264 2840 confessionibus
1316 2778 1707 2855 audiendiS,
1749 2788 2046 2858 uterque
2087 2796 2260 2840 vero
2311 2778 2382 2839 in
2413 2776 2876 2840 familiaribus

399 2882 804 2962 colloquiis;
836 2894 905 2946 et
935 2885 1033 2947 ita
1062 2885 1363 2964 insignis
1394 2886 1689 2948 mutatio
1720 2886 1914 2949 vitae
1945 2885 2016 2947 in
2049 2885 2166 2948 illo
2197 2887 2457 2965 populo
2489 2893 2596 2946 est
2630 2901 2873 2946 conse-

406 2997 569 3060 cuta
619 2998 687 3051 et
740 2989 1061 3053 ardentia
1116 2991 1325 3054 valde
1374 2992 1727 3055 desideria
1777 2991 2139 3072 profectus
2180 2991 2588 3070 spiritualis
2635 2989 2877 3069 Erepti

406 3095 690 3159 fuerunt
720 3113 809 3158 ex
834 3096 1159 3160 faucibus
1183 3097 1554 3161 daemonis
1579 3100 1818 3179 aliqui,
1843 3099 1959 3179 qui
1983 3098 2238 3177 viginti
2263 3106 2331 3159 et
2355 3097 2648 3174 triginta
2672 3097 2880 3159 annis

405 3219 652 3265 veram
683 3203 1201 3266 confessionem
1234 3222 1374 3266 non
1407 3204 1749 3282 fecerant,
1783 3223 1915 3268 nec
1942 3204 2089 3284 Jam
2120 3204 2442 3266 homines
2474 3201 2627 3264 Deo
2658 3202 2880 3264 inser·

402 3310 556 3371 vire
600 3310 1139 3388 erubescebant,
1198 3329 1326 3373 nec
1368 3329 1618 3373 sensus
1668 3322 1735 3374 et
1780 3310 2322 3374 existimationis
2360 3309 2880 3372 mundanorum

404 3416 765 3479 hominum
795 3418 1145 3480 rationem
1188 3417 1563 3480 habebant.
1611 3415 1998 3497 Cujusdam
2037 3417 2325 3480 Domini
2364 3415 2696 3497 JoanniS,
2740 3415 2879 3478 viri

404 3523 850 3602 nobilissimi,
883 3523 1242 3604 profectus
1272 3525 1455 3587 inter
1501 3525 1678 3588 alios
1718 3525 1847 3587 fuit
1887 3525 2185 3603 insignis
2226 3534 2294 3587 et
2335 3523 2878 3586 admirationem

406 3646 743 3709 magnam
785 3631 856 3693 in
885 3631 1313 3710 hominibuS,
1350 3631 1604 3712 quibus
1633 3643 1846 3696 notus
1876 3642 2052 3708 erat,
2088 3631 2498 3708 concitavit,
2534 3629 2678 3709 qui,
2712 3638 2876 3708 post

407 3737 801 3816 spiritualia
842 3739 1211 3816 exercitia,
1264 3739 1353 3802 ad
1396 3749 1642 3801 nutum
1701 3739 1937 3802 Patris
1992 3736 2385 3802 Santacruz
2429 3746 2758 3817 paratum
2799 3754 2876 3799 se

404 3862 562 3906 esse
593 3845 682 3907 ad
726 3843 1131 3908 difficillima
1171 3863 1491 3926 quaeque
1530 3846 1928 3910 exhibebat.
1975 3846 2116 3909 Alii
2166 3845 2378 3908 etiam
2419 3863 2508 3907 ex
2553 3844 2873 3925 primori-

407 3951 538 4013 bus
577 3952 784 4014 valde
823 3953 1048 4015 solida
1088 3952 1550 4017 fundamenta
1581 3955 1925 4017 virtutum
1964 3953 2035 4015 in
2079 3952 2438 4015 exercitiis
2482 3951 2749 4014 eisdem
2781 3951 2878 4033 je-

414 4066 664 4121 cerunt
685 4067 776 4136 et,
803 4059 1136 4137 quamdiu
1165 4061 1524 4139 viverent,
1551 4060 1738 4123 serio
1762 4060 1918 4123 Deo
1950 4059 2297 4123 inservire
2328 4059 2872 4122 constituerunt.

415 4163 748 4228 Mulieres
784 4167 1001 4228 etiam
1045 4166 1116 4228 in
1156 4167 1475 4229 oratione
1517 4167 1841 4244 mentali,
1889 4175 1959 4228 et
1990 4166 2267 4229 ratione
2297 4164 2685 4228 meditandi
2715 4164 2880 4227 Pas-

407 4270 679 4333 sionem
709 4271 1004 4350 Christi,
1039 4281 1110 4336 et
1154 4272 1309 4335 aliis
1349 4273 1833 4353 spiritualibus
1877 4273 2448 4336 meditationibus
2488 4273 2878 4335 instructae

408 4374 721 4455 suerunt,
776 4377 967 4456 quod
1009 4388 1086 4441 ut
1151 4377 1347 4442 fieret
1395 4380 1633 4442 multis
1684 4380 1845 4442 illae
1886 4379 2217 4460 precibus
2260 4380 2756 4459 impetrarunt,
2811 4385 2880 4440 et

408 4483 787 4562 plurimum
817 4486 1034 4548 etiam
1062 4485 1551 4565 profecerunt,
1600 4503 1684 4549 ac
1729 4484 1941 4564 filias,
1975 4495 2052 4549 ut
2084 4487 2619 4563 instruerentur,
2662 4483 2880 4548 addu-

407 4590 685 4653 cebant.
719 4590 1011 4655 Praeter
1053 4592 1250 4656 viros
1294 4603 1532 4657 autem
1574 4602 1642 4656 et
1685 4591 2107 4672 conjugatas
2152 4595 2482 4656 mulieres
2523 4592 2672 4654 fere
2713 4607 2881 4670 qua-

404 4695 741 4777 draginta
764 4698 1081 4777 virgines
1104 4699 1645 4763 honestissimae
1669 4700 1918 4763 eodem
1942 4700 2152 4764 modo
2181 4701 2571 4763 instructae
2600 4697 2881 4762 fuerant
