3679 5414
713 474 823 533 292
1617 473 1872 532 Cimon.
1913 472 2068 532 Soc.
2110 472 2251 545 Jsss.

709 618 859 698 ejus
888 637 1015 682 sex
1044 621 1282 699 simul,
1317 635 1617 698 quorum
1658 627 1871 698 caput
1910 626 2064 681 erat
2108 616 2182 680 P.
2217 617 2626 680 Everardus
2652 615 3166 694 MercurianuS‚

707 726 827 789 alii
877 725 1221 805 Magister
1264 726 1624 789 Adrianus
1674 724 2035 789 Candidus
2058 773 2072 801 ,
2125 723 2218 787 M.
2275 722 2720 786 Eleutherius
2777 722 3164 803 PontanuS,

702 832 1129 896 Franciscus
1158 832 1538 895 Gordonus
1566 842 1637 896 et
1664 832 2079 896 Leonardus
2104 830 2464 893 Masserus
2492 831 2795 909 fuerunt,
2823 842 2891 892 et
2919 840 3163 894 sextus

700 939 1069 1020 coadjutor
1095 941 1410 1022 Joannes
1448 940 1809 1003 Artemius
1838 939 1998 1017 fuit,
2032 938 2330 1001 Romam
2371 938 2582 1001 etiam
2621 937 2984 1001 miserunt.
3017 938 3163 1001 Alii

694 1056 954 1127 tamen,
988 1048 1152 1110 licet
1179 1065 1322 1110 non
1344 1055 1490 1109 tam
1514 1046 1736 1122 multi,
1771 1046 1842 1108 in
1866 1047 2243 1108 missorum
2266 1046 2500 1108 locum
2529 1044 2795 1124 recepti
2823 1045 2896 1107 in
2924 1043 3158 1107 Socie-

697 1163 914 1218 tatem
964 1154 1279 1234 fuerunt‚
1333 1155 1516 1217 inter
1567 1171 1744 1233 quos
1792 1152 1870 1216 P.
1925 1152 2279 1216 Oliverius
2333 1151 2758 1216 Manaraeus
2816 1152 2977 1231 fuit,
3037 1153 3160 1232 qui

692 1259 1044 1325 Sacerdos
1102 1279 1366 1325 annum
1423 1261 1570 1323 fere
1626 1261 1698 1326 in
1762 1258 2119 1323 Societate
2175 1259 2478 1339 petenda
2537 1269 3148 1338 perseveraverat.

686 1367 1084 1433 Recedente
1120 1379 1358 1432 autem
1397 1368 1473 1431 P.
1529 1367 1918 1446 Everard0‚
1963 1367 2289 1449 quamvis
2328 1384 2491 1430 eum
2539 1366 2801 1429 remitti
2836 1365 3154 1429 Parisios

682 1475 832 1556 eJus
883 1476 1178 1557 Collegii
1226 1475 1563 1555 Superior
1613 1474 1904 1555 optabat
1959 1483 2334 1554 postquam
2390 1472 2659 1536 Romae
2716 1473 3146 1552 aliquamdiu

678 1593 1007 1646 versatus
1056 1593 1242 1646 esset
1294 1592 1362 1646 et
1414 1599 1537 1645 eos
1598 1582 1832 1644 socios
1871 1580 2355 1661 perduxisset,
2405 1580 2570 1659 quia
2613 1580 3020 1659 aptissimus
3049 1579 3138 1641 ad

677 1690 1075 1770 augendam
1126 1700 1194 1753 et
1242 1688 1688 1752 formandam
1735 1688 1805 1750 in
1858 1687 2110 1767 spiritu
2133 1684 2582 1765 juventutem
2632 1686 2915 1750 Christo
2968 1686 3141 1748 mili·

676 1806 828 1860 tare
868 1799 1219 1860 volentem
1258 1796 1668 1875 habebatur,
1710 1797 2140 1876 postulatum
2187 1804 2293 1857 est
2334 1812 2376 1856 a
2404 1792 2481 1856 P.
2514 1794 2912 1873 Ignatiout
2951 1810 3136 1856 eum·

672 1905 830 1967 dem
859 1903 932 1967 P.
970 1904 1359 1968 Oliverium
1388 1903 1461 1966 in
1489 1901 1865 1966 Societatis
1889 1900 2372 1981 coadjutorem
2406 1901 2832 1979 admitteret,
2859 1900 3152 1994 etiamsi,

668 2011 981 2074 novitius
1011 2021 1219 2088 esset,
1254 2019 1330 2073 ut
1358 2011 1425 2073 ei
1453 2009 1901 2089 privilegium
1931 2008 2261 2071 audiendi
2290 2008 2769 2071 confessiones
2799 2017 2868 2071 et
2897 2025 3129 2071 sacra·

667 2127 904 2181 menta
941 2117 1386 2180 ministrandi
1424 2116 1886 2191 conferretur,
1932 2133 2094 2178 cum
2131 2115 2206 2178 P.
2258 2115 2578 2194 Baptista
2630 2115 2969 2179 Violaeus
3012 2117 3127 2178 ad·

664 2242 875 2289 versa
904 2225 1309 2289 valetudine
1339 2224 1587 2286 crebro
1618 2223 1998 2298 laboraret,
2034 2222 2217 2285 unde
2248 2239 2464 2301 aegre
2492 2223 2718 2285 labori
2749 2223 3126 2287 confessio·

660 2347 831 2394 num
859 2349 989 2411 par
1019 2349 1174 2395 esse
1211 2340 1490 2412 poterat
1512 2379 1527 2409 ,
1569 2348 1730 2393 cum
1775 2330 2196 2409 praesertim
2224 2330 2458 2392 victus
2488 2331 2561 2392 in
2588 2330 2890 2393 fratrum
2920 2348 3124 2394 usum

663 2439 726 2500 ei
757 2439 1201 2518 quaerendus
1231 2447 1417 2501 esset
1444 2436 1485 2500 ¹.

777 2543 917 2608 257.
1004 2546 1265 2610 Ultima
1289 2546 1401 2609 die
1423 2546 1841 2609 Decembris
1860 2544 2068 2625 hujus
2090 2545 2258 2606 anni
2286 2543 2361 2606 P.
2395 2544 2803 2608 Everardus
2830 2544 3122 2608 Parisiis

658 2669 818 2715 cum
849 2652 1063 2716 sociis
1092 2634 1437 2733 discessit,
1470 2654 1798 2733 ingenuis
1819 2652 2200 2716 admodum
2231 2669 2315 2715 ac
2346 2653 2548 2716 bonis
2579 2653 2670 2717 ad
2699 2653 2962 2717 Christi
2991 2652 3113 2716 mi-

654 2760 879 2823 litiam
906 2761 1253 2825 tironibus
1297 2762 1552 2841 quique
1588 2761 1774 2824 bono
1814 2760 2048 2823 animo
2088 2770 2156 2823 et
2193 2762 2380 2823 laeto
2422 2761 2636 2824 etiam
2673 2762 2853 2824 inter
2892 2777 3109 2840 angu-

652 2867 826 2930 stias
842 2867 988 2947 J'am
1012 2868 1238 2931 dictas
1260 2869 1364 2931 rei
1385 2868 1753 2931 familiaris
1769 2868 2128 2947 vivebant3
2162 2869 2490 2947 quamvis
2506 2867 2674 2930 illud
2696 2886 2842 2930 non
2863 2885 3114 2948 parum

649 2974 1146 3038 substrahebat
1168 2974 1695 3052 consolationiS,
1717 2974 1905 3055 quod
1924 2984 2211 3055 propter
2234 2976 2575 3038 tumultus
2597 2976 2885 3038 bellicos
2905 2992 3117 3039 raras

646 3081 919 3144 litteras
959 3100 1048 3144 ex
1086 3082 1275 3146 Urbe
1315 3081 1785 3162 accipiebant,
1821 3099 2119 3161 quarum
2158 3082 2375 3144 veluti
2413 3083 2597 3146 lacte
2627 3101 2710 3145 ac
2751 3081 3106 3163 jucundis-

646 3188 823 3251 simo
853 3188 1084 3252 fructu
1116 3189 1235 3252 diu
1264 3198 1667 3252 caruerunt.
1701 3188 1856 3251 Hoc
1887 3205 2074 3251 anno
2104 3189 2581 3267 nihilominuS,
2609 3191 2936 3269 quamvis
2964 3192 3102 3270 ple-

644 3294 842 3374 rique
872 3296 941 3358 in
973 3297 1134 3359 aula
1164 3296 1365 3374 regia
1403 3303 1689 3358 nostrae
1728 3293 2064 3358 Societati
2095 3296 2548 3376 obsisterent,
2581 3296 2735 3360 Rex
2766 3297 3102 3361 Christia-

638 3401 970 3464 nissimus
1009 3401 1360 3465 Henricus
1400 3402 1851 3482 privilegium
1893 3403 2212 3481 erigendi
2255 3402 2552 3483 Collegii
2598 3404 2670 3466 in
2709 3404 3098 3467 Academia

636 3508 1009 3587 parisiensi
1036 3507 1371 3572 Societati
1403 3508 1774 3572 concessit.
1810 3508 2203 3573 Tentarunt
2243 3519 2311 3573 et
2353 3511 2454 3573 illi
2484 3510 2935 3573 Cardinalem
2963 3512 3093 3573 Lo·

633 3614 1095 3695 tharingium,
1128 3615 1501 3679 Societatis
1539 3624 1824 3679 nostrae
1857 3617 2449 3681 studiosissimum
2485 3626 2983 3699 protectorem,
3018 3629 3092 3684 ut

630 3721 718 3782 ab
748 3721 975 3785 officio
1007 3741 1120 3785 res
1143 3732 1424 3786 nostras
1455 3723 1640 3803 apud
1670 3722 1940 3802 Regem
1971 3724 2384 3803 regiumque
2416 3726 2786 3788 consilium
2814 3744 3092 3806 promo-

626 3828 839 3890 vendi
866 3839 1310 3909 revocarent3
1336 3829 1455 3892 sed
1482 3829 1615 3893 Dei
1643 3829 2090 3910 providentia
2120 3848 2235 3893 res
2269 3832 2470 3894 aliter
2504 3832 2870 3913 disposuit.
2905 3833 3088 3898 Nam

625 3941 693 3995 et
721 3934 1118 3999 Cardinalis
1147 3936 1653 4015 Lotharingius
1682 3955 1839 4000 sese
1869 3948 1945 4001 ut
1974 3956 2255 4001 murum
2285 3956 2413 4018 pro
2444 3940 2652 4003 domo
2682 3940 2818 4004 Dei
2848 3942 2982 4005 hac
3012 3942 3087 4005 in

620 4057 697 4103 re
718 4043 972 4122 posuit,
1007 4051 1076 4106 et
1105 4044 1555 4123 privilegium
1583 4044 1752 4108 illud
1773 4062 1917 4107 non
1939 4048 2168 4109 solum
2189 4064 2231 4109 a
2263 4046 2456 4126 Rege
2479 4047 2798 4127 obtinuit,
2831 4066 3084 4113 verum

617 4148 830 4211 etiam
861 4149 949 4212 ab
994 4151 1312 4213 interiori
1343 4151 1563 4231 (quod
1598 4152 1934 4215 strictum
1972 4154 2264 4232 vocant)
2309 4154 2604 4217 consilio
2631 4154 2885 4235 RegiS,
2927 4167 2996 4220 et
3035 4174 3078 4219 a
3123 4216 3128 4229 ,

615 4254 1056 4320 Cancellario
1115 4255 1506 4321 Galliarum
1563 4259 2016 4337 obsignatum
2071 4262 2406 4340 extorsit,
2468 4279 2606 4342 quo
2666 4261 3077 4327 facultatem
3118 4346 3124 4351 ᾖ

613 4363 826 4426 etiam
853 4364 1036 4427 bona
1075 4366 1490 4444 temporalia
1527 4365 1935 4446 possidendi
1973 4368 2065 4430 ad
2104 4370 2689 4433 sustentationem
2726 4371 3071 4434 studioso·

693 4639 708 4670 ¹
770 4638 1037 4691 Polancus,
1060 4651 1126 4683 ex
1145 4652 1294 4694 com„
1313 4641 1496 4694 Joanni
1518 4643 1786 4698 Baptistae
1808 4646 1870 4689 de
1892 4645 2073 4696 Violis.
2095 4654 2151 4691 ut
2168 4659 2293 4702 quos
2309 4648 2454 4701 velit,
2472 4648 2687 4694 Romam
2709 4650 2902 4702 mittat,
2920 4661 3068 4709 prae·

607 4709 786 4753 sertim
806 4721 1048 4763 graecum
1068 4712 1337 4765 quemdam
1358 4722 1411 4757 et
1429 4713 1679 4766 joannem
1699 4716 1994 4772 Baptistam
2016 4718 2369 4783 Mutinensem,
2394 4721 2442 4766 11
2463 4722 2711 4775 januarii.
