3679 5414
1510 432 1513 433 ’
1611 413 1740 473 ΑΝ.
1785 413 1926 472 1552
2382 474 2390 485 ,
2892 415 3008 474 535

536 562 769 643 posito
800 562 1245 642 ingrediendi
1272 562 1697 642 religionem
1732 562 2024 626 dimissa
2061 572 2190 626 est.
2234 562 2702 626 Tantumdem
2741 562 3001 625 accidit

539 669 811 733 tertiae.
839 669 927 732 Et
953 670 1075 749 ita,
1103 687 1285 749 quae
1310 669 1585 734 ridendi
1604 686 1825 733 causa
1850 669 2370 750 quodammodo
2393 679 2761 748 venerant,
2788 672 3000 748 longe

538 777 679 839 alio
707 778 947 840 animo
977 787 1458 857 recesserunt;
1500 786 1569 840 et
1613 778 1900 840 tandem
1937 787 2180 841 mutuo
2219 778 2562 856 expositis
2598 777 2789 840 votis
2825 776 2995 856 suiS,

538 884 1135 962 gratulationibus
1155 884 1419 947 mutuis
1441 886 1693 965 laetae,
1710 902 1797 948 ac
1812 884 2120 948 Domino
2141 885 2416 965 gratias
2438 893 2732 964 agentes
2752 884 3003 947 domos

538 1008 706 1054 suas
736 1000 1205 1056 recesserunt.

655 1097 796 1162 287.
884 1099 965 1163 In
1006 1099 1464 1163 monasteriis
1522 1100 1898 1163 mulierum
1945 1100 2265 1163 nonnihil
2330 1101 2547 1163 etiam
2605 1100 3003 1180 profectum

533 1214 673 1285 est,
708 1214 778 1268 et
809 1207 928 1286 qui
959 1205 1049 1268 ad
1079 1224 1202 1269 eas
1235 1206 1726 1270 concionaturi
1756 1207 2249 1286 mittebantur,
2281 1225 2424 1270 non
2454 1208 2543 1270 ab
2587 1208 2690 1270 eis
2729 1216 3005 1270 tantum

534 1313 833 1375 libenter
863 1312 990 1375 sed
1019 1314 1108 1376 ab
1134 1313 1294 1379 aliis
1323 1314 1539 1376 etiam
1570 1314 2062 1389 audiebantur,
2098 1314 2286 1394 quod
2313 1315 2468 1394 ipsa
2499 1315 2859 1378 indicabat
2886 1332 3005 1394 po-

535 1420 681 1500 puli
710 1419 1129 1500 frequentia,
1165 1420 1226 1482 si
1255 1420 1466 1483 modo
1489 1420 1833 1500 praesciri
1856 1421 1973 1483 ubi
1996 1420 2233 1483 futura
2255 1430 2442 1484 esset
2468 1422 2717 1483 concio
2740 1430 3001 1499 posset.

535 1526 775 1590 Nostri
805 1545 977 1589 vero
1009 1528 1251 1608 templi
1281 1527 1664 1591 conciones
1694 1536 1892 1590 tanto
1921 1527 2178 1591 affectu
2208 1537 2276 1592 et
2301 1528 2679 1592 devotione
2710 1528 3005 1608 accipie—

535 1634 791 1696 bantur
820 1642 898 1695 ut
928 1633 1135 1696 facile
1167 1634 1572 1697 auditorum
1599 1635 1967 1715 lacrymae
1997 1645 2065 1699 et
2097 1636 2478 1698 commotio
2510 1622 2911 1699 animorum
2941 1645 3010 1699 et

538 1741 728 1803 vitae
767 1741 1065 1804 mutatio
1107 1741 1178 1803 id
1218 1749 1621 1805 testaretur.
1668 1742 1804 1821 Qui
1844 1752 2085 1806 autem
2124 1743 2376 1806 crebro
2414 1744 2682 1834 nostris
2725 1743 3004 1806 confite-

537 1847 815 1927 bantur,
850 1848 1279 1928 pauperibus
1310 1849 1481 1912 etin
1523 1867 1812 1913 carcere
1855 1851 2154 1914 reclusis
2194 1859 2405 1930 atque
2446 1851 2517 1913 in
2558 1850 3006 1919 xenodochio

530 1954 929 2033 Jacentibus
960 1955 1256 2018 infirmis
1284 1958 1544 2019 multas
1587 1958 2078 2037 eleemosynas
2117 1958 2544 2037 erogabant,
2591 1975 2734 2021 non
2776 1960 3005 2021 solum

539 2077 715 2142 quas
744 2062 1179 2142 colligebant
1208 2063 1298 2125 ab
1329 2063 1487 2125 aliis
1519 2063 1645 2127 sed
1674 2063 1761 2126 de
1792 2081 1922 2127 sua
1966 2064 2182 2127 etiam
2223 2066 2541 2144 ipsorum
2584 2065 3005 2128 substantia.

535 2169 941 2232 Visitabant
972 2178 1040 2232 et
1070 2170 1207 2249 ipsi
1237 2188 1604 2234 carcerem
1630 2170 2037 2250 frequenter
2066 2182 2137 2234 et
2165 2175 2428 2235 multos
2457 2172 2856 2235 liberabant
2883 2190 3006 2235 nu·
3049 2210 3052 2213 -

540 2277 862 2352 meratiS‚
918 2294 1097 2357 quas
1143 2276 1522 2357 debebant,
1577 2278 1921 2371 pecuniis
1973 2278 2443 2342 Xenodochia
2482 2280 2650 2342 item
2691 2280 2903 2359 (quod
2941 2288 3010 2342 et

536 2384 764 2446 nostri
794 2384 1042 2458 diebus
1072 2384 1449 2448 dominicis
1477 2385 1858 2464 faciebant)
1888 2394 1957 2448 et
1986 2403 2383 2466 pauperum
2411 2385 2659 2449 domos
2690 2386 3013 2449 homines

536 2491 609 2552 hi
648 2492 896 2571 pietati
936 2491 1153 2554 dediti
1203 2492 1638 2572 invisebant,
1693 2501 1772 2555 ut
1820 2493 2066 2572 egenis
2114 2502 2645 2573 succurrerent,
2700 2511 2832 2557 nec
2883 2512 3014 2557 suo

540 2597 769 2660 labori
794 2615 928 2661 nec
957 2598 1171 2661 rebus
1199 2608 1597 2679 parcenteS.

655 2702 794 2768 288.
884 2705 974 2769 Et
1012 2705 1189 2770 haec
1228 2705 1314 2769 de
1357 2706 1533 2771 viris
1575 2707 1918 2786 intellige,
1961 2707 2218 2788 quibus
2256 2707 2474 2794 nihilo
2523 2707 2893 2772 inferiores
2935 2726 3015 2771 se

532 2830 693 2875 esse
733 2813 1063 2877 mulieres
1103 2814 1556 2893 patiebantur
1607 2824 1949 2896 quantum
1992 2815 2270 2878 decoris
2308 2816 2492 2878 ratio
2534 2816 3009 2895 permittebat.

536 2919 718 2982 Nam
747 2929 815 2983 et
845 2921 1255 2984 mulieribus
1285 2922 1526 3001 inopia
1556 2923 2042 2985 laborantibus
2073 2924 2269 3002 ipsae
2300 2924 2638 3001 aderant,
2682 2932 2751 2985 et
2797 2923 3012 2985 vesti-

535 3035 774 3089 menta
796 3027 1010 3091 etiam
1033 3029 1264 3092 serica
1286 3029 1638 3091 interdum
1661 3029 1798 3122 illis
1822 3029 2371 3126 elargiebantur.
2403 3029 2559 3108 Quo
2586 3039 2823 3092 autem
2846 3028 3010 3093 affe·
3115 3073 3129 3088 .

535 3133 653 3197 ctu
683 3135 855 3197 talia
884 3135 1223 3214 facerent,
1257 3153 1348 3198 ex
1377 3154 1455 3199 re
1485 3154 1651 3222 una,
1685 3153 1900 3216 quam
1930 3137 2526 3215 commemorab0‚
2553 3136 2861 3216 perspici
2886 3154 3009 3216 po—

534 3241 716 3303 terit.
746 3240 949 3304 Duae
978 3244 1310 3306 mulieres
1333 3243 1682 3322 hospitale
1713 3242 2186 3306 foeminarum
2208 3244 2624 3322 inviserant,
2651 3244 2770 3306 ubi
2798 3262 3007 3324 quae·

535 3347 700 3410 dam
747 3352 1186 3429 paupercula
1236 3351 1374 3413 illis
1423 3367 1811 3413 ‘occurrens
1860 3350 2234 3413 reticulum
2270 3350 2610 3414 muliebre
2649 3351 2739 3413 ab
2783 3352 3007 3414 altera

534 3457 943 3534 postulavit.
976 3457 1074 3519 At
1106 3458 1246 3535 illa,
1280 3458 1477 3536 nihil,
1509 3457 1763 3538 inquit,
1799 3457 1915 3520 hic
1945 3475 2089 3520 non
2117 3469 2225 3521 est
2255 3457 2445 3521 aliud
2477 3475 2690 3537 quam
2718 3458 2790 3520 id
2819 3458 3006 3537 quod

532 3571 772 3641 gesto;
805 3563 930 3626 sed
959 3563 1075 3626 hic
1105 3563 1449 3644 tantisper
1480 3573 1815 3643 exspecta
1835 3609 1850 3639 ,
1885 3564 2051 3627 dum
2081 3575 2405 3628 revertar
2434 3565 2720 3628 domum
2751 3575 2820 3627 et
2841 3565 3004 3627 inde

534 3667 625 3730 ad
653 3677 721 3731 te
751 3670 1050 3732 mittam.
1078 3670 1233 3733 Hoc
1263 3687 1561 3733 cernens
1591 3688 1773 3750 quae
1803 3671 1904 3734 illi
1930 3679 2086 3733 erat
2125 3672 2352 3750 socia,
2382 3672 2833 3735 occasionem
2870 3672 3009 3736 sibi

536 3775 844 3839 oblatam
867 3794 997 3856 pro
1029 3767 1104 3839 re
1134 3777 1275 3840 levi
1302 3779 1520 3840 multa
1543 3777 2030 3841 lucrifaciendi
2054 3778 2405 3857 cogitanS,
2434 3778 2495 3841 si
2523 3795 2599 3841 se
2630 3778 2845 3842 etiam
2874 3797 3008 3842 suo

535 3883 888 3960 privaret,
922 3900 1274 3946 conversa
1315 3884 1407 3947 ad
1443 3886 1986 3965 pauperculam,
2031 3886 2309 3966 accipe,
2353 3887 2609 3966 inquit,
2657 3895 2726 3949 et
2774 3886 3003 3950 detra-

537 3997 729 4052 ctum
760 3990 894 4052 sibi
923 3990 1242 4054 modeste
1272 3992 1359 4054 de
1389 3991 1621 4070 capite
1650 3991 2024 4055 reticulum
2053 3993 2119 4055 ei
2141 3994 2482 4072 porrexit.
2509 3993 2642 4056 Hic
2673 4011 2749 4056 se
2779 3994 2999 4057 incre·

534 4112 708 4174 pare
735 4095 853 4158 illa
883 4097 1082 4176 prior
1112 4098 1326 4160 tacite
1358 4106 1427 4160 et
1453 4098 1642 4177 apud
1671 4116 1748 4161 se
1777 4098 2013 4162 dicere
2042 4101 2252 4180 longe
2283 4117 2359 4163 se
2389 4118 2433 4162 a
2456 4100 2803 4163 charitate
2833 4102 2999 4163 alte-

535 4201 684 4264 rius
728 4203 1017 4283 distare,
1061 4222 1193 4268 nec
1244 4205 1531 4268 domum
1570 4223 1866 4269 reversa
1907 4224 1950 4268 a
1999 4207 2338 4287 lacrymis
2378 4208 2512 4270 sibi
2550 4209 3000 4287 temperavit.

655 4308 795 4372 289.
885 4309 1024 4374 Sed
1074 4311 1166 4374 ad
1208 4311 1408 4374 viros
1452 4309 1833 4390 redeundO,
1886 4331 1970 4376 eo
2012 4313 2328 4377 charitas
2369 4315 2838 4393 quorumdam
2877 4332 3006 4378 eos

534 4416 934 4481 adducebat
973 4427 1048 4481 ut
1092 4419 1343 4482 domos
1379 4420 1595 4482 etiam
1634 4421 2088 4483 meretricum
2129 4421 2584 4485 circumirent
2624 4422 2783 4501 (hoc
2820 4440 3002 4485 vero·

533 4525 817 4588 nonnisi
861 4525 1068 4605 pauci
1106 4534 1174 4589 et
1204 4526 1482 4605 probati
1521 4526 1900 4604 faciebant)
1931 4527 2022 4590 ad
2051 4528 2556 4607 poenitentiam
2584 4547 2707 4592 eas
2745 4530 2998 4592 exhor-

535 4632 776 4695 tando,
822 4631 984 4696 Duo
1024 4634 1209 4697 inter
1244 4635 1375 4697 hos
1414 4631 1784 4712 cujusdam
1812 4635 2301 4698 meretriculae
2340 4634 2626 4700 domum
2663 4637 2997 4716 ingressi,
