3679 5414
1500 463 1625 521 AN.
1670 461 1810 520 1550
2777 461 2883 519 123

536 608 676 671 292.
764 591 946 672 Cum
994 607 1068 670 P.
1124 607 1441 686 Ignatius
1477 607 1905 684 intelligeret
1955 607 2211 669 multos
2253 622 2409 667 esse
2449 605 2749 667 idoneos
2794 597 2885 667 ad

419 715 792 779 Societatis
844 715 1243 778 institutum
1293 732 1383 776 ex
1429 713 1577 793 hiS,
1639 714 1759 792 qui
1808 713 2138 792 magistri
2185 712 2482 794 Joannis
2532 711 2618 774 de
2666 711 2883 775 Avila

420 804 912 887 auctoritatem
957 821 1468 903 sequebantur,
1512 820 1588 883 P.
1632 820 2022 884 Francisco
2063 820 2150 883 de
2192 819 2580 882 Villanova
2616 837 2744 898 per
2778 820 2886 883 lit-

421 942 607 994 teras
636 928 937 1010 injunxit
977 938 1051 991 ut
1092 928 1178 991 de
1217 928 1353 991 illis
1394 945 1556 990 cum
1596 926 1949 990 Societate
1989 927 2339 1008 uniendis,
2378 927 2493 989 vel
2530 928 2765 1006 potius
2795 927 2886 989 ad

419 1036 567 1117 ejus
589 1038 988 1100 institutum
1011 1035 1469 1113 adducendiS,
1497 1051 1660 1097 cum
1681 1035 1836 1114 ipso
1861 1033 1936 1096 P.
1966 1033 2182 1097 Avila
2199 1042 2465 1114 ageret,
2486 1052 2632 1096 non
2654 1033 2888 1097 Patris

420 1125 684 1221 Ignatii
702 1144 827 1206 sed
857 1161 986 1206 suo
1015 1143 1331 1215 nomine;
1369 1142 1555 1221 quod
1589 1159 1750 1204 cum
1780 1142 1895 1204 ille
1925 1159 2071 1204 non
2101 1150 2370 1221 posset,
2404 1141 2542 1204 nisi
2572 1150 2731 1221 post
2759 1140 2886 1203 Pa-

420 1250 588 1313 scha
617 1251 980 1330 sequentis
1011 1250 1201 1327 anni,
1236 1257 1636 1328 praestare,
1671 1248 1954 1312 interim
1979 1250 2262 1312 cuidam
2291 1250 2521 1312 amico
2551 1250 2888 1325 toletanO,

421 1358 572 1420 viro
604 1357 1114 1436 ecclesiastico,
1149 1356 1269 1436 qui
1299 1354 1587 1417 Patrem
1614 1356 1968 1437 Joannem
1997 1356 2084 1419 de
2115 1355 2328 1420 Avila
2360 1356 2680 1419 aditurus
2709 1365 2886 1433 erat,

419 1465 778 1544 negotium
799 1464 935 1526 hoc
971 1462 1353 1537 commisit,
1381 1471 1457 1524 ut
1483 1479 1649 1525 eum
1684 1463 1860 1526 satis
1892 1481 2325 1543 propensum
2358 1463 2889 1542 propensiorem

421 1572 646 1636 adhuc
689 1572 1031 1650 efficeret,
1077 1578 1147 1637 et
1189 1587 1349 1635 cum
1388 1574 1539 1652 ipse
1580 1578 1738 1651 post
1780 1569 2060 1633 Pascha
2106 1572 2431 1634 eumdem
2468 1570 2893 1648 Magistrum

418 1680 762 1761 Joannem
790 1680 880 1743 de
907 1680 1123 1744 Avila
1154 1683 1594 1759 conveniret,
1629 1679 1889 1743 minori
1916 1680 2236 1757 negotio,
2272 1677 2459 1759 quod
2496 1677 2571 1739 P.
2615 1677 2892 1756 Ignatio

422 1788 794 1850 videbatur
825 1787 1223 1852 conficeret.

531 1894 678 1956 293.
755 1895 940 1958 Inter
957 1897 1483 1976 occupationes,
1504 1914 1687 1978 quae
1703 1897 1839 1959 hoc
1860 1904 2197 1957 autumno
2210 1892 2495 1955 Patrem
2509 1891 2894 1954 Villanova

424 2000 778 2081 Compluti
806 2002 1234 2081 detinebant,
1267 2004 1439 2066 illud
1469 2013 1624 2066 erat
1663 2002 1853 2083 quod
1895 2018 2058 2064 cum
2100 2000 2406 2079 quinque
2447 1998 2655 2060 simul
2698 1997 2896 2059 viros

424 2127 556 2170 non
583 2109 917 2188 vulgaris
936 2117 1171 2189 notae,
1200 2127 1362 2173 cum
1383 2110 1515 2173 has
1537 2111 1811 2173 litteras
1837 2108 2252 2186 accepisset,
2283 2105 2353 2168 id
2375 2114 2504 2184 est,
2531 2105 2661 2167 sub
2685 2104 2896 2166 finem

433 2213 788 2293 OctobriS,
822 2216 896 2278 in
924 2216 1285 2280 exercitiis
1320 2217 1647 2296 haberet,
1681 2216 1813 2278 toti
1853 2224 2102 2294 postea
2142 2212 2573 2275 monasterio
2614 2210 2899 2273 cuidam

427 2322 695 2386 ordinis
725 2320 797 2386 S.
818 2323 850 2356 ‘³
901 2321 1325 2404 Hieronymi
1353 2324 1602 2387 eadem
1631 2323 1972 2385 exercitia
2003 2320 2393 2384 traditurus
2423 2326 2596 2381 erat.
2627 2317 2894 2381 Conve-

425 2442 616 2492 nerat
651 2429 847 2492 enim
880 2446 1041 2492 cum
1071 2430 1209 2492 illis
1239 2430 1594 2508 religiosis
1622 2439 1700 2492 ut
1730 2429 1879 2490 bini
1908 2428 2194 2517 domum
2224 2434 2544 2489 nostram
2570 2425 2897 2487 venirent

425 2554 506 2599 ex
530 2535 751 2599 domo
784 2535 1093 2615 quadam
1131 2537 1246 2599 vel
1292 2536 1609 2615 Collegio
1655 2535 1844 2615 quod
1892 2534 2155 2596 habent
2194 2532 2583 2611 Compluti,
2627 2531 2717 2593 e'x
2758 2548 2898 2610 quo

425 2641 841 2723 Superiores
869 2641 1242 2706 domorum
1272 2644 1576 2706 aliarum
1599 2643 1806 2705 educi
1841 2641 2103 2718 solent,
2132 2657 2264 2703 nec
2287 2641 2376 2701 ab
2402 2640 2542 2701 alio
2565 2654 2782 2719 quarn
2809 2638 2898 2700 ab

429 2751 569 2841 ipso
618 2749 703 2813 P.
760 2750 1147 2814 Francisco
1192 2751 1278 2813 de
1318 2751 1704 2813 Villanova
1753 2768 1836 2812 ea
1887 2748 2186 2811 libenter
2238 2747 2703 2826 accepissent,
2759 2763 2892 2809 nec

429 2860 764 2937 exiguum
792 2875 877 2921 ea
908 2876 997 2921 ex
1027 2876 1103 2921 re
1133 2858 1441 2921 fructum
1469 2867 1982 2937 proventurum
2011 2855 2454 2936 sperabatur.

531 2964 682 3028 294.
773 2964 948 3028 Cum
976 2956 1066 3028 P.‘
1087 2963 1470 3027 Villanova
1503 2963 1860 3026 Gandiam
1889 2964 2114 3025 iturus
2143 2961 2508 3024 Concham
2544 2960 2903 3040 pervenis-

429 3084 544 3150 set,
576 3072 869 3151 magnis
900 3064 1269 3135 conatibus
1299 3090 1461 3135 eum
1489 3072 1796 3135 retinere
1828 3070 2045 3150 aliqui
2069 3069 2496 3146 nitebantur,
2529 3079 2606 3131 ut
2635 3068 2901 3146 aliquot

433 3179 568 3242 dies
615 3179 743 3241 vel
793 3178 1166 3242 audiendis
1219 3178 1780 3241 confessionibus
1837 3179 1953 3240 vel
2001 3176 2365 3239 tradendis
2414 3173 2899 3255 spiritualibus

433 3285 788 3350 exercitiis
817 3285 1274 3365 impenderet.
1309 3285 1430 3348 Ille
1463 3294 1698 3348 autem
1728 3302 1869 3365 quo
1909 3302 1986 3347 se
2024 3283 2422 3364 expediret,
2464 3291 2542 3343 ut
2570 3281 2893 3361 Complu-

434 3402 569 3456 tum
595 3393 870 3471 singuli
909 3400 1029 3454 aut
1065 3392 1211 3455 bini
1251 3410 1327 3455 se
1368 3392 1772 3455 conferrent
1810 3389 2204 3468 admonuit3
2248 3388 2431 3451 unde
2471 3386 2741 3449 nobiles
2780 3387 2898 3449 ali·

433 3499 540 3578 qui
567 3511 642 3563 et
678 3498 1005 3562 canonici
1031 3498 1505 3579 Complutum,
1540 3506 1617 3560 ut
1647 3505 2170 3574 exercerentur,
2203 3502 2574 3571 venerunt3
2606 3492 2729 3572 qui
2757 3509 2900 3555 ma-

431 3608 580 3684 gnis
617 3606 970 3669 virtutum
1009 3604 1535 3668 accessionibus
1575 3605 1766 3667 aucti
1808 3604 2187 3666 redierunt.
2223 3602 2622 3681 Coeperunt
2665 3608 2903 3673 autem

437 3711 765 3776 Conchae
804 3711 998 3775 cives
1041 3712 1128 3774 de
1167 3711 1482 3791 Collegio
1534 3710 1913 3774 societatis
1962 3708 2390 3773 instituendo
2444 3724 2691 3787 agere,
2738 3724 2902 3770 cum

440 3819 758 3883 viderent
785 3818 1005 3882 veluti
1053 3818 1442 3881 modestiae
1495 3835 1579 3880 ac
1610 3818 1896 3880 virtutis
1944 3816 2346 3896 exemplum
2386 3832 2508 3877 eos
2548 3831 2736 3894 esse,
2785 3815 2903 3894 qui

440 3923 808 3991 Societatis
848 3925 1207 3989 exercitiis
1245 3924 1506 3988 exculti
1544 3924 1876 4002 fuissent,
1921 3922 2246 4002 quamvis
2285 3921 2479 4001 prius
2519 3920 2788 3984 deliciis
2817 3938 2903 3982 ac

440 4032 634 4097 rebus
665 4032 881 4095 vanis
909 4030 1126 4095 dediti
1157 4040 1638 4094 cernerentur.
1674 4030 1762 4094 Et
1788 4031 2072 4110 quidem
2099 4047 2190 4092 ex
2212 4027 2576 4091 canonicis
2598 4027 2904 4107 quinque

442 4139 544 4201 vel
571 4158 702 4204 sex
735 4147 939 4202 erant
975 4137 1405 4218 huJusmodi,
1447 4145 1731 4217 praeter
1785 4138 2188 4200 saeculares
2225 4152 2368 4198 non
2406 4151 2696 4214 paucos.
2739 4133 2904 4197 Ere·

442 4245 795 4310 mitorium
837 4262 1010 4324 ergo
1061 4245 1420 4324 quoddam
1469 4245 1691 4307 muris
1742 4243 2053 4306 civitatis
2096 4242 2410 4305 vicinum
2449 4240 2763 4303 oblatum
2798 4248 2906 4302 est

443 4360 592 4415 cum
621 4355 837 4417 domo
876 4368 1035 4430 sua;
1076 4358 1209 4415 nec
1261 4351 1505 4414 deerat
1554 4352 1671 4431 qui
1723 4349 2144 4413 aedificandi
2193 4365 2439 4412 curam
2490 4346 2903 4427 susciperet3

442 4459 556 4520 sed
584 4478 701 4523 res
741 4458 1199 4539 sequentibus
1245 4457 1450 4520 annis
1495 4457 1792 4520 solidius
1843 4465 1913 4520 et
1960 4465 2266 4519 tractata
2306 4465 2376 4518 et
2417 4453 2741 4517 confecta
2772 4463 2900 4529 est,

441 4567 761 4644 quamvis
792 4566 1010 4628 etiam
1035 4575 1205 4628 tunc
1236 4582 1321 4627 ea
1354 4564 1608 4627 domus
1639 4574 1747 4627 est
1775 4565 2109 4627 admissa.

552 4672 691 4736 295.
784 4665 1318 4761 Belmontenses
1347 4671 1563 4734 etiam
1586 4669 1734 4750 jam
1761 4669 2242 4751 tum‘aliquem
2270 4670 2356 4732 de
2380 4669 2734 4733 Societate
2757 4668 2904 4731 dili-
