<?xml version="1.0" encoding="UTF-8"?>
<!DOCTYPE html PUBLIC "-//W3C//DTD XHTML 1.0 Transitional//EN"
    "http://www.w3.org/TR/xhtml1/DTD/xhtml1-transitional.dtd">
<html xmlns="http://www.w3.org/1999/xhtml" xml:lang="en" lang="en">
 <head>
  <title>
</title>
<meta http-equiv="Content-Type" content="text/html;charset=utf-8" />
  <meta name='ocr-system' content='tesseract 3.04.00' />
  <meta name='ocr-capabilities' content='ocr_page ocr_carea ocr_par ocr_line ocrx_word'/>
</head>
<body>
  <div class='ocr_page' id='page_1' title='image "./vitaignatiiloio03polagoog_0723.png"; bbox 0 0 3679 5414; ppageno 0'>
   <div class='ocr_carea' id='block_1_1' title="bbox 1591 441 2981 503">
    <p class='ocr_par' dir='ltr' id='par_1_1' title="bbox 1591 441 2981 503">
     <span class='ocr_line' id='line_1_1' title="bbox 1591 441 2981 503; baseline 0.003 -4"><span class='ocrx_word' id='word_1_1' title='bbox 1591 441 1717 500; x_wconf 68' lang='lat' dir='ltr'>Ax.</span> <span class='ocrx_word' id='word_1_2' title='bbox 1764 441 1903 500; x_wconf 84' lang='lat'>1552</span> <span class='ocrx_word' id='word_1_3' title='bbox 2673 469 2680 474; x_wconf 95' lang='lat'>·</span> <span class='ocrx_word' id='word_1_4' title='bbox 2873 447 2981 503; x_wconf 79' lang='lat'>’717</span> 
     </span>
    </p>
   </div>
   <div class='ocr_carea' id='block_1_2' title="bbox 499 583 2984 2380">
    <p class='ocr_par' dir='ltr' id='par_1_2' title="bbox 499 583 2984 1628">
     <span class='ocr_line' id='line_1_2' title="bbox 505 583 2978 671; baseline 0.002 -24"><span class='ocrx_word' id='word_1_5' title='bbox 505 584 735 666; x_wconf 80' lang='lat' dir='ltr'>-aliqui</span> <span class='ocrx_word' id='word_1_6' title='bbox 783 583 988 647; x_wconf 90' lang='lat' dir='ltr'>sedes</span> <span class='ocrx_word' id='word_1_7' title='bbox 1037 585 1198 648; x_wconf 93' lang='lat' dir='ltr'>inde</span> <span class='ocrx_word' id='word_1_8' title='bbox 1243 585 1505 648; x_wconf 85' lang='lat' dir='ltr'>auferri</span> <span class='ocrx_word' id='word_1_9' title='bbox 1550 584 1877 664; x_wconf 90' lang='lat' dir='ltr'>jubentes</span> <span class='ocrx_word' id='word_1_10' title='bbox 1926 588 2469 652; x_wconf 85' lang='lat' dir='ltr'>concionantem</span> <span class='ocrx_word' id='word_1_11' title='bbox 2518 590 2978 671; x_wconf 85' lang='lat' dir='ltr'>reliquerunt;</span> 
     </span>
     <span class='ocr_line' id='line_1_3' title="bbox 508 690 2984 775; baseline 0.003 -21"><span class='ocrx_word' id='word_1_12' title='bbox 508 690 586 754; x_wconf 91' lang='lat' dir='ltr'>P.</span> <span class='ocrx_word' id='word_1_13' title='bbox 644 701 884 755; x_wconf 92' lang='lat' dir='ltr'>autem</span> <span class='ocrx_word' id='word_1_14' title='bbox 932 691 1163 755; x_wconf 93' lang='lat' dir='ltr'>Miron</span> <span class='ocrx_word' id='word_1_15' title='bbox 1210 701 1372 772; x_wconf 92' lang='lat' dir='ltr'>post</span> <span class='ocrx_word' id='word_1_16' title='bbox 1419 692 1836 756; x_wconf 87' lang='lat' dir='ltr'>concionem</span> <span class='ocrx_word' id='word_1_17' title='bbox 1885 711 2081 757; x_wconf 90' lang='lat' dir='ltr'>more</span> <span class='ocrx_word' id='word_1_18' title='bbox 2131 694 2282 775; x_wconf 90' lang='lat' dir='ltr'>ejus</span> <span class='ocrx_word' id='word_1_19' title='bbox 2331 696 2648 775; x_wconf 84' lang='lat' dir='ltr'>regionis</span> <span class='ocrx_word' id='word_1_20' title='bbox 2694 713 2984 761; x_wconf 91' lang='lat' dir='ltr'>manum</span> 
     </span>
     <span class='ocr_line' id='line_1_4' title="bbox 508 797 2981 883; baseline 0.003 -22"><span class='ocrx_word' id='word_1_21' title='bbox 508 798 844 861; x_wconf 87' lang='lat' dir='ltr'>monachi</span> <span class='ocrx_word' id='word_1_22' title='bbox 872 797 1332 861; x_wconf 83' lang='lat' dir='ltr'>osculandam</span> <span class='ocrx_word' id='word_1_23' title='bbox 1367 798 1667 878; x_wconf 84' lang='lat' dir='ltr'>genibus</span> <span class='ocrx_word' id='word_1_24' title='bbox 1704 797 1908 863; x_wconf 81' lang='lat' dir='ltr'>flexis</span> <span class='ocrx_word' id='word_1_25' title='bbox 1945 802 2302 881; x_wconf 86' lang='lat' dir='ltr'>poposcit,</span> <span class='ocrx_word' id='word_1_26' title='bbox 2345 819 2561 883; x_wconf 90' lang='lat' dir='ltr'>quam</span> <span class='ocrx_word' id='word_1_27' title='bbox 2605 805 2704 867; x_wconf 95' lang='lat' dir='ltr'>illi</span> <span class='ocrx_word' id='word_1_28' title='bbox 2744 823 2981 868; x_wconf 81' lang='lat' dir='ltr'>mona·</span> 
     </span>
     <span class='ocr_line' id='line_1_5' title="bbox 499 905 2983 987; baseline 0.004 -20"><span class='ocrx_word' id='word_1_29' title='bbox 499 905 685 968; x_wconf 82' lang='lat' dir='ltr'>chus</span> <span class='ocrx_word' id='word_1_30' title='bbox 715 905 937 980; x_wconf 87' lang='lat' dir='ltr'>dedit,</span> <span class='ocrx_word' id='word_1_31' title='bbox 969 914 1070 982; x_wconf 91' lang='lat' dir='ltr'>et,</span> <span class='ocrx_word' id='word_1_32' title='bbox 1103 923 1262 968; x_wconf 89' lang='lat' dir='ltr'>eam</span> <span class='ocrx_word' id='word_1_33' title='bbox 1293 906 1689 985; x_wconf 90' lang='lat' dir='ltr'>osculatus,</span> <span class='ocrx_word' id='word_1_34' title='bbox 1736 907 1970 987; x_wconf 89' lang='lat' dir='ltr'>magis</span> <span class='ocrx_word' id='word_1_35' title='bbox 2008 925 2092 972; x_wconf 93' lang='lat' dir='ltr'>eo</span> <span class='ocrx_word' id='word_1_36' title='bbox 2135 907 2325 972; x_wconf 86' lang='lat' dir='ltr'>sacto</span> <span class='ocrx_word' id='word_1_37' title='bbox 2367 911 2729 975; x_wconf 85' lang='lat' dir='ltr'>auditores</span> <span class='ocrx_word' id='word_1_38' title='bbox 2758 915 2983 978; x_wconf 90' lang='lat' dir='ltr'>movit</span> 
     </span>
     <span class='ocr_line' id='line_1_6' title="bbox 499 1012 2982 1098; baseline 0.004 -25"><span class='ocrx_word' id='word_1_39' title='bbox 499 1029 722 1093; x_wconf 85' lang='lat' dir='ltr'>quam</span> <span class='ocrx_word' id='word_1_40' title='bbox 751 1012 812 1075; x_wconf 91' lang='lat' dir='ltr'>si</span> <span class='ocrx_word' id='word_1_41' title='bbox 840 1012 1208 1091; x_wconf 87' lang='lat' dir='ltr'>egregiam</span> <span class='ocrx_word' id='word_1_42' title='bbox 1243 1013 1658 1077; x_wconf 89' lang='lat' dir='ltr'>concionem</span> <span class='ocrx_word' id='word_1_43' title='bbox 1702 1014 1889 1095; x_wconf 90' lang='lat' dir='ltr'>apud</span> <span class='ocrx_word' id='word_1_44' title='bbox 1918 1031 2044 1078; x_wconf 92' lang='lat' dir='ltr'>eos</span> <span class='ocrx_word' id='word_1_45' title='bbox 2082 1014 2477 1097; x_wconf 88' lang='lat' dir='ltr'>habuisset,</span> <span class='ocrx_word' id='word_1_46' title='bbox 2520 1027 2590 1081; x_wconf 92' lang='lat' dir='ltr'>et</span> <span class='ocrx_word' id='word_1_47' title='bbox 2631 1020 2848 1098; x_wconf 90' lang='lat' dir='ltr'>aliqui</span> <span class='ocrx_word' id='word_1_48' title='bbox 2892 1020 2982 1083; x_wconf 91' lang='lat' dir='ltr'>ad</span> 
     </span>
     <span class='ocr_line' id='line_1_7' title="bbox 509 1118 2981 1203; baseline 0.003 -21"><span class='ocrx_word' id='word_1_49' title='bbox 509 1119 869 1199; x_wconf 87' lang='lat' dir='ltr'>lacrymas</span> <span class='ocrx_word' id='word_1_50' title='bbox 917 1118 1054 1181; x_wconf 91' lang='lat' dir='ltr'>hoc</span> <span class='ocrx_word' id='word_1_51' title='bbox 1112 1119 1527 1183; x_wconf 87' lang='lat' dir='ltr'>humilitatis</span> <span class='ocrx_word' id='word_1_52' title='bbox 1586 1121 1912 1201; x_wconf 85' lang='lat' dir='ltr'>exemplo</span> <span class='ocrx_word' id='word_1_53' title='bbox 1975 1124 2378 1203; x_wconf 86' lang='lat' dir='ltr'>compuncti</span> <span class='ocrx_word' id='word_1_54' title='bbox 2430 1134 2617 1188; x_wconf 90' lang='lat' dir='ltr'>sunt.</span> <span class='ocrx_word' id='word_1_55' title='bbox 2679 1126 2760 1189; x_wconf 90' lang='lat' dir='ltr'>In</span> <span class='ocrx_word' id='word_1_56' title='bbox 2814 1126 2981 1190; x_wconf 90' lang='lat' dir='ltr'>Bra·</span> 
     </span>
     <span class='ocr_line' id='line_1_8' title="bbox 503 1224 2982 1316; baseline 0.003 -27"><span class='ocrx_word' id='word_1_57' title='bbox 503 1227 798 1289; x_wconf 83' lang='lat' dir='ltr'>carensi</span> <span class='ocrx_word' id='word_1_58' title='bbox 840 1224 1480 1316; x_wconf 89' lang='lat' dir='ltr'>Archiepiscopatu</span> <span class='ocrx_word' id='word_1_59' title='bbox 1514 1226 1590 1289; x_wconf 91' lang='grc' dir='ltr'>Ρ.</span> <span class='ocrx_word' id='word_1_60' title='bbox 1641 1226 2126 1293; x_wconf 86' lang='lat' dir='ltr'>Gundisalvus</span> <span class='ocrx_word' id='word_1_61' title='bbox 2170 1230 2257 1294; x_wconf 93' lang='lat' dir='ltr'>de</span> <span class='ocrx_word' id='word_1_62' title='bbox 2299 1228 2652 1312; x_wconf 87' lang='lat' dir='ltr'>Sylveira,</span> <span class='ocrx_word' id='word_1_63' title='bbox 2699 1243 2982 1313; x_wconf 91' lang='lat' dir='ltr'>praeter</span> 
     </span>
     <span class='ocr_line' id='line_1_9' title="bbox 506 1333 2980 1421; baseline 0.004 -26"><span class='ocrx_word' id='word_1_64' title='bbox 506 1334 924 1412; x_wconf 82' lang='lat' dir='ltr'>concioneS,</span> <span class='ocrx_word' id='word_1_65' title='bbox 957 1333 1195 1396; x_wconf 90' lang='lat' dir='ltr'>multis</span> <span class='ocrx_word' id='word_1_66' title='bbox 1224 1334 1566 1398; x_wconf 84' lang='lat' dir='ltr'>exercitia</span> <span class='ocrx_word' id='word_1_67' title='bbox 1598 1334 1997 1415; x_wconf 86' lang='lat' dir='ltr'>spiritualia</span> <span class='ocrx_word' id='word_1_68' title='bbox 2038 1338 2407 1417; x_wconf 91' lang='lat' dir='ltr'>proposuit</span> <span class='ocrx_word' id='word_1_69' title='bbox 2434 1347 2505 1401; x_wconf 93' lang='lat' dir='ltr'>et</span> <span class='ocrx_word' id='word_1_70' title='bbox 2533 1339 2816 1419; x_wconf 91' lang='lat' dir='ltr'>quidem</span> <span class='ocrx_word' id='word_1_71' title='bbox 2845 1343 2980 1421; x_wconf 87' lang='lat' dir='ltr'>pri·</span> 
     </span>
     <span class='ocr_line' id='line_1_10' title="bbox 510 1438 2982 1527; baseline 0.004 -25"><span class='ocrx_word' id='word_1_72' title='bbox 510 1440 827 1503; x_wconf 91' lang='lat' dir='ltr'>moribus</span> <span class='ocrx_word' id='word_1_73' title='bbox 859 1438 1010 1519; x_wconf 88' lang='lat' dir='ltr'>ejus</span> <span class='ocrx_word' id='word_1_74' title='bbox 1039 1440 1255 1504; x_wconf 82' lang='lat' dir='ltr'>urbis,</span> <span class='ocrx_word' id='word_1_75' title='bbox 1288 1440 1472 1504; x_wconf 91' lang='lat' dir='ltr'>Aliis</span> <span class='ocrx_word' id='word_1_76' title='bbox 1514 1439 1587 1504; x_wconf 88' lang='lat' dir='ltr'>in</span> <span class='ocrx_word' id='word_1_77' title='bbox 1625 1442 1801 1505; x_wconf 91' lang='lat' dir='ltr'>locis</span> <span class='ocrx_word' id='word_1_78' title='bbox 1843 1452 1913 1506; x_wconf 92' lang='lat' dir='ltr'>et</span> <span class='ocrx_word' id='word_1_79' title='bbox 1953 1443 2446 1509; x_wconf 75' lang='lat' dir='ltr'>Conimbricae</span> <span class='ocrx_word' id='word_1_80' title='bbox 2487 1447 2558 1510; x_wconf 92' lang='lat' dir='ltr'>id</span> <span class='ocrx_word' id='word_1_81' title='bbox 2597 1448 2826 1527; x_wconf 90' lang='lat' dir='ltr'>ipsum</span> <span class='ocrx_word' id='word_1_82' title='bbox 2868 1447 2982 1512; x_wconf 92' lang='lat' dir='ltr'>fie-</span> 
     </span>
     <span class='ocr_line' id='line_1_11' title="bbox 505 1545 1865 1628; baseline 0.001 -17"><span class='ocrx_word' id='word_1_83' title='bbox 505 1545 671 1628; x_wconf 56' lang='lat' dir='ltr'>‘bat3</span> <span class='ocrx_word' id='word_1_84' title='bbox 703 1557 773 1611; x_wconf 93' lang='lat' dir='ltr'>et</span> <span class='ocrx_word' id='word_1_85' title='bbox 801 1547 1060 1628; x_wconf 90' lang='lat' dir='ltr'>ubique</span> <span class='ocrx_word' id='word_1_86' title='bbox 1089 1565 1251 1611; x_wconf 90' lang='lat' dir='ltr'>cum</span> <span class='ocrx_word' id='word_1_87' title='bbox 1281 1549 1577 1628; x_wconf 89' lang='lat' dir='ltr'>egregio</span> <span class='ocrx_word' id='word_1_88' title='bbox 1607 1548 1865 1613; x_wconf 85' lang='lat' dir='ltr'>fructu.</span> 
     </span>
    </p>

    <p class='ocr_par' dir='ltr' id='par_1_3' title="bbox 500 1653 2983 2145">
     <span class='ocr_line' id='line_1_12' title="bbox 626 1653 2979 1739; baseline 0.004 -24"><span class='ocrx_word' id='word_1_89' title='bbox 626 1654 769 1716; x_wconf 89' lang='grc'>647.</span> <span class='ocrx_word' id='word_1_90' title='bbox 855 1653 1047 1717; x_wconf 88' lang='lat' dir='ltr'>Inter</span> <span class='ocrx_word' id='word_1_91' title='bbox 1089 1654 1290 1733; x_wconf 91' lang='lat' dir='ltr'>alios,</span> <span class='ocrx_word' id='word_1_92' title='bbox 1336 1655 1455 1735; x_wconf 90' lang='lat' dir='ltr'>qui</span> <span class='ocrx_word' id='word_1_93' title='bbox 1487 1655 1560 1718; x_wconf 90' lang='lat' dir='ltr'>in</span> <span class='ocrx_word' id='word_1_94' title='bbox 1597 1656 2050 1721; x_wconf 90' lang='lat' dir='ltr'>missionibus</span> <span class='ocrx_word' id='word_1_95' title='bbox 2088 1660 2586 1739; x_wconf 85' lang='lat' dir='ltr'>versabantur,</span> <span class='ocrx_word' id='word_1_96' title='bbox 2631 1659 2710 1723; x_wconf 91' lang='lat' dir='ltr'>P.</span> <span class='ocrx_word' id='word_1_97' title='bbox 2754 1660 2979 1725; x_wconf 85' lang='lat' dir='ltr'>Maxi·</span> 
     </span>
     <span class='ocr_line' id='line_1_13' title="bbox 509 1760 2981 1847; baseline 0.003 -24"><span class='ocrx_word' id='word_1_98' title='bbox 509 1760 791 1824; x_wconf 89' lang='lat' dir='ltr'>mianus</span> <span class='ocrx_word' id='word_1_99' title='bbox 817 1770 994 1841; x_wconf 91' lang='lat' dir='ltr'>erat,</span> <span class='ocrx_word' id='word_1_100' title='bbox 1020 1761 1162 1842; x_wconf 91' lang='lat' dir='ltr'>qui,</span> <span class='ocrx_word' id='word_1_101' title='bbox 1197 1779 1361 1825; x_wconf 90' lang='lat' dir='ltr'>cum</span> <span class='ocrx_word' id='word_1_102' title='bbox 1387 1762 1520 1825; x_wconf 87' lang='lat' dir='ltr'>has</span> <span class='ocrx_word' id='word_1_103' title='bbox 1549 1763 1794 1826; x_wconf 90' lang='lat' dir='ltr'>turbas</span> <span class='ocrx_word' id='word_1_104' title='bbox 1826 1763 2162 1845; x_wconf 91' lang='lat' dir='ltr'>audisset,</span> <span class='ocrx_word' id='word_1_105' title='bbox 2191 1766 2445 1830; x_wconf 92' lang='lat' dir='ltr'>litteris</span> <span class='ocrx_word' id='word_1_106' title='bbox 2474 1767 2711 1830; x_wconf 90' lang='lat' dir='ltr'>missis</span> <span class='ocrx_word' id='word_1_107' title='bbox 2742 1777 2981 1847; x_wconf 91' lang='lat' dir='ltr'>prote·</span> 
     </span>
     <span class='ocr_line' id='line_1_14' title="bbox 500 1868 2983 1954; baseline 0.003 -24"><span class='ocrx_word' id='word_1_108' title='bbox 500 1876 738 1932; x_wconf 83' lang='lat' dir='ltr'>status</span> <span class='ocrx_word' id='word_1_109' title='bbox 768 1877 876 1931; x_wconf 91' lang='lat' dir='ltr'>est</span> <span class='ocrx_word' id='word_1_110' title='bbox 904 1885 982 1931; x_wconf 88' lang='lat' dir='ltr'>se</span> <span class='ocrx_word' id='word_1_111' title='bbox 1009 1885 1374 1949; x_wconf 90' lang='lat' dir='ltr'>nunquam</span> <span class='ocrx_word' id='word_1_112' title='bbox 1405 1868 1620 1932; x_wconf 89' lang='lat' dir='ltr'>aliam</span> <span class='ocrx_word' id='word_1_113' title='bbox 1649 1868 2075 1936; x_wconf 90' lang='lat' dir='ltr'>Societatem</span> <span class='ocrx_word' id='word_1_114' title='bbox 2104 1874 2286 1936; x_wconf 86' lang='lat' dir='ltr'>velle</span> <span class='ocrx_word' id='word_1_115' title='bbox 2328 1891 2723 1954; x_wconf 89' lang='lat' dir='ltr'>agnoscere</span> <span class='ocrx_word' id='word_1_116' title='bbox 2768 1890 2983 1954; x_wconf 91' lang='lat' dir='ltr'>quam</span> 
     </span>
     <span class='ocr_line' id='line_1_15' title="bbox 510 1972 2981 2057; baseline 0.003 -20"><span class='ocrx_word' id='word_1_117' title='bbox 510 1972 587 2039; x_wconf 90' lang='lat' dir='ltr'>P.</span> <span class='ocrx_word' id='word_1_118' title='bbox 620 1975 901 2055; x_wconf 91' lang='lat' dir='ltr'>Ignatii,</span> <span class='ocrx_word' id='word_1_119' title='bbox 927 1975 1127 2057; x_wconf 90' lang='lat' dir='ltr'>cujus</span> <span class='ocrx_word' id='word_1_120' title='bbox 1147 1975 1532 2055; x_wconf 78' lang='lat' dir='ltr'>laboribuS,</span> <span class='ocrx_word' id='word_1_121' title='bbox 1560 1976 1826 2056; x_wconf 87' lang='lat' dir='ltr'>vigiliis</span> <span class='ocrx_word' id='word_1_122' title='bbox 1849 1987 1918 2041; x_wconf 93' lang='lat' dir='ltr'>et</span> <span class='ocrx_word' id='word_1_123' title='bbox 1949 1979 2384 2043; x_wconf 90' lang='lat' dir='ltr'>orationibus</span> <span class='ocrx_word' id='word_1_124' title='bbox 2411 1998 2571 2044; x_wconf 91' lang='lat' dir='ltr'>eam</span> <span class='ocrx_word' id='word_1_125' title='bbox 2601 1979 2798 2044; x_wconf 90' lang='lat' dir='ltr'>Deus</span> <span class='ocrx_word' id='word_1_126' title='bbox 2830 1979 2981 2044; x_wconf 83' lang='lat' dir='ltr'>fun-</span> 
     </span>
     <span class='ocr_line' id='line_1_16' title="bbox 503 2081 835 2145; baseline 0.003 -1"><span class='ocrx_word' id='word_1_127' title='bbox 503 2081 835 2145; x_wconf 85' lang='lat' dir='ltr'>daverat.</span> 
     </span>
    </p>

    <p class='ocr_par' dir='ltr' id='par_1_4' title="bbox 509 2188 2971 2380">
     <span class='ocr_line' id='line_1_17' title="bbox 635 2188 2971 2274; baseline 0.001 -21"><span class='ocrx_word' id='word_1_128' title='bbox 635 2188 778 2253; x_wconf 89' lang='grc'><strong>648.</strong></span> <span class='ocrx_word' id='word_1_129' title='bbox 865 2189 1188 2253; x_wconf 93' lang='lat' dir='ltr'>Mortuus</span> <span class='ocrx_word' id='word_1_130' title='bbox 1216 2199 1323 2253; x_wconf 91' lang='lat' dir='ltr'>est</span> <span class='ocrx_word' id='word_1_131' title='bbox 1351 2189 1488 2253; x_wconf 92' lang='lat' dir='ltr'>hoc</span> <span class='ocrx_word' id='word_1_132' title='bbox 1525 2209 1714 2255; x_wconf 87' lang='lat' dir='ltr'>anno</span> <span class='ocrx_word' id='word_1_133' title='bbox 1743 2190 1821 2254; x_wconf 89' lang='lat' dir='ltr'>P.</span> <span class='ocrx_word' id='word_1_134' title='bbox 1865 2192 2177 2274; x_wconf 88' lang='lat' dir='ltr'>Joannes</span> <span class='ocrx_word' id='word_1_135' title='bbox 2214 2194 2302 2258; x_wconf 92' lang='lat' dir='ltr'>de</span> <span class='ocrx_word' id='word_1_136' title='bbox 2340 2193 2605 2259; x_wconf 91' lang='lat' dir='ltr'>Sancto</span> <span class='ocrx_word' id='word_1_137' title='bbox 2644 2194 2971 2271; x_wconf 69' lang='lat' dir='ltr'>Michael,</span> 
     </span>
     <span class='ocr_line' id='line_1_18' title="bbox 509 2297 2694 2380; baseline -0.001 -18"><span class='ocrx_word' id='word_1_138' title='bbox 509 2297 624 2362; x_wconf 85' lang='lat' dir='ltr'>vir</span> <span class='ocrx_word' id='word_1_139' title='bbox 651 2297 892 2361; x_wconf 92' lang='lat' dir='ltr'>multis</span> <span class='ocrx_word' id='word_1_140' title='bbox 918 2297 1053 2362; x_wconf 91' lang='lat' dir='ltr'>Dei</span> <span class='ocrx_word' id='word_1_141' title='bbox 1082 2299 1290 2362; x_wconf 91' lang='lat' dir='ltr'>donis</span> <span class='ocrx_word' id='word_1_142' title='bbox 1321 2299 1557 2362; x_wconf 86' lang='lat' dir='ltr'>clarus</span> <span class='ocrx_word' id='word_1_143' title='bbox 1587 2308 1656 2362; x_wconf 93' lang='lat' dir='ltr'>et</span> <span class='ocrx_word' id='word_1_144' title='bbox 1691 2299 1764 2361; x_wconf 90' lang='lat' dir='ltr'>in</span> <span class='ocrx_word' id='word_1_145' title='bbox 1793 2298 2255 2362; x_wconf 88' lang='lat' dir='ltr'>concionibus</span> <span class='ocrx_word' id='word_1_146' title='bbox 2284 2300 2618 2380; x_wconf 91' lang='lat' dir='ltr'>egregius</span> <span class='ocrx_word' id='word_1_147' title='bbox 2652 2299 2694 2360; x_wconf 87' lang='lat'>¹.</span> 
     </span>
    </p>
   </div>
   <div class='ocr_carea' id='block_1_3' title="bbox 1440 2590 2045 2657">
    <p class='ocr_par' dir='ltr' id='par_1_5' title="bbox 1440 2590 2045 2657">
     <span class='ocr_line' id='line_1_19' title="bbox 1440 2590 2045 2657; baseline -0.003 0"><span class='ocrx_word' id='word_1_148' title='bbox 1440 2592 1568 2657; x_wconf 94' lang='lat' dir='ltr'>DE</span> <span class='ocrx_word' id='word_1_149' title='bbox 1611 2590 2045 2656; x_wconf 79' lang='lat' dir='ltr'><strong>BRASILIA</strong></span> 
     </span>
    </p>
   </div>
   <div class='ocr_carea' id='block_1_4' title="bbox 495 2834 2977 4197">
    <p class='ocr_par' dir='ltr' id='par_1_6' title="bbox 495 2834 2977 4197">
     <span class='ocr_line' id='line_1_20' title="bbox 624 2834 2974 2916; baseline 0 -19"><span class='ocrx_word' id='word_1_150' title='bbox 624 2836 768 2897; x_wconf 87' lang='lat'><strong>649.</strong></span> <span class='ocrx_word' id='word_1_151' title='bbox 856 2836 931 2909; x_wconf 85' lang='lat' dir='ltr'>P.</span> <span class='ocrx_word' id='word_1_152' title='bbox 963 2837 1380 2900; x_wconf 89' lang='lat' dir='ltr'>Emmanuel</span> <span class='ocrx_word' id='word_1_153' title='bbox 1406 2836 1493 2900; x_wconf 93' lang='lat' dir='ltr'>de</span> <span class='ocrx_word' id='word_1_154' title='bbox 1524 2835 1883 2915; x_wconf 89' lang='lat' dir='ltr'>Nobrega,</span> <span class='ocrx_word' id='word_1_155' title='bbox 1917 2835 2245 2916; x_wconf 84' lang='lat' dir='ltr'>quamvis</span> <span class='ocrx_word' id='word_1_156' title='bbox 2275 2834 2366 2897; x_wconf 90' lang='lat' dir='ltr'>ad</span> <span class='ocrx_word' id='word_1_157' title='bbox 2396 2834 2602 2897; x_wconf 85' lang='lat' dir='ltr'>varia</span> <span class='ocrx_word' id='word_1_158' title='bbox 2632 2852 2710 2898; x_wconf 92' lang='lat' dir='ltr'>se</span> <span class='ocrx_word' id='word_1_159' title='bbox 2740 2834 2974 2898; x_wconf 84' lang='lat' dir='ltr'>conse·</span> 
     </span>
     <span class='ocr_line' id='line_1_21' title="bbox 505 2939 2971 3021; baseline -0 -16"><span class='ocrx_word' id='word_1_160' title='bbox 505 2942 709 3005; x_wconf 90' lang='lat' dir='ltr'>rebat</span> <span class='ocrx_word' id='word_1_161' title='bbox 737 2944 893 3005; x_wconf 90' lang='lat' dir='ltr'>loca</span> <span class='ocrx_word' id='word_1_162' title='bbox 930 2942 1303 3020; x_wconf 86' lang='lat' dir='ltr'>Brasiliae,</span> <span class='ocrx_word' id='word_1_163' title='bbox 1338 2944 1411 3005; x_wconf 91' lang='lat' dir='ltr'>in</span> <span class='ocrx_word' id='word_1_164' title='bbox 1449 2943 1740 3006; x_wconf 89' lang='lat' dir='ltr'>civitate</span> <span class='ocrx_word' id='word_1_165' title='bbox 1787 2951 2026 3006; x_wconf 90' lang='lat' dir='ltr'>tamen</span> <span class='ocrx_word' id='word_1_166' title='bbox 2067 2939 2487 3020; x_wconf 81' lang='lat' dir='ltr'>SalvatoriS,</span> <span class='ocrx_word' id='word_1_167' title='bbox 2536 2940 2657 3003; x_wconf 91' lang='lat' dir='ltr'>ubi</span> <span class='ocrx_word' id='word_1_168' title='bbox 2698 2942 2971 3021; x_wconf 89' lang='lat' dir='ltr'>praeci·</span> 
     </span>
     <span class='ocr_line' id='line_1_22' title="bbox 505 3047 2977 3129; baseline -0.001 -17"><span class='ocrx_word' id='word_1_169' title='bbox 505 3065 725 3128; x_wconf 90' lang='lat' dir='ltr'>puum</span> <span class='ocrx_word' id='word_1_170' title='bbox 753 3058 909 3111; x_wconf 88' lang='lat' dir='ltr'>erat</span> <span class='ocrx_word' id='word_1_171' title='bbox 940 3047 1355 3129; x_wconf 90' lang='lat' dir='ltr'>Collegium,</span> <span class='ocrx_word' id='word_1_172' title='bbox 1383 3066 1546 3112; x_wconf 90' lang='lat' dir='ltr'>cum</span> <span class='ocrx_word' id='word_1_173' title='bbox 1568 3048 1937 3112; x_wconf 93' lang='lat' dir='ltr'>commode</span> <span class='ocrx_word' id='word_1_174' title='bbox 1959 3057 2260 3129; x_wconf 90' lang='lat' dir='ltr'>poterat,</span> <span class='ocrx_word' id='word_1_175' title='bbox 2280 3048 2656 3112; x_wconf 89' lang='lat' dir='ltr'>residebat.</span> <span class='ocrx_word' id='word_1_176' title='bbox 2676 3047 2830 3111; x_wconf 90' lang='lat' dir='ltr'>Hoc</span> <span class='ocrx_word' id='word_1_177' title='bbox 2854 3065 2977 3111; x_wconf 92' lang='lat' dir='ltr'>no·</span> 
     </span>
     <span class='ocr_line' id='line_1_23' title="bbox 497 3154 2965 3236; baseline 0 -19"><span class='ocrx_word' id='word_1_178' title='bbox 497 3162 657 3218; x_wconf 78' lang='lat' dir='ltr'>=tatu</span> <span class='ocrx_word' id='word_1_179' title='bbox 706 3155 999 3234; x_wconf 91' lang='lat' dir='ltr'>dignum</span> <span class='ocrx_word' id='word_1_180' title='bbox 1036 3154 1132 3217; x_wconf 93' lang='lat' dir='ltr'>ibi</span> <span class='ocrx_word' id='word_1_181' title='bbox 1179 3155 1457 3231; x_wconf 88' lang='lat' dir='ltr'>accidit,</span> <span class='ocrx_word' id='word_1_182' title='bbox 1503 3167 1601 3233; x_wconf 91' lang='lat' dir='ltr'>ut,</span> <span class='ocrx_word' id='word_1_183' title='bbox 1655 3172 1820 3219; x_wconf 92' lang='lat' dir='ltr'>cum</span> <span class='ocrx_word' id='word_1_184' title='bbox 1858 3155 2147 3236; x_wconf 90' lang='lat' dir='ltr'>quidam</span> <span class='ocrx_word' id='word_1_185' title='bbox 2196 3172 2287 3218; x_wconf 85' lang='lat' dir='ltr'>ex</span> <span class='ocrx_word' id='word_1_186' title='bbox 2324 3155 2619 3232; x_wconf 78' lang='lat' dir='ltr'>nostriS,</span> <span class='ocrx_word' id='word_1_187' title='bbox 2673 3154 2965 3218; x_wconf 90' lang='lat' dir='ltr'>nomine</span> 
     </span>
     <span class='ocr_line' id='line_1_24' title="bbox 504 3257 2975 3342; baseline -0.001 -17"><span class='ocrx_word' id='word_1_188' title='bbox 504 3257 924 3325; x_wconf 89' lang='lat' dir='ltr'>Vincentius</span> <span class='ocrx_word' id='word_1_189' title='bbox 953 3260 1381 3341; x_wconf 77' lang='lat' dir='ltr'>RodrigueZ,</span> <span class='ocrx_word' id='word_1_190' title='bbox 1413 3271 1755 3342; x_wconf 91' lang='lat' dir='ltr'>perpetuo</span> <span class='ocrx_word' id='word_1_191' title='bbox 1785 3261 2350 3325; x_wconf 87' lang='lat' dir='ltr'>valetudinarius</span> <span class='ocrx_word' id='word_1_192' title='bbox 2378 3270 2566 3324; x_wconf 88' lang='lat' dir='ltr'>esset</span> <span class='ocrx_word' id='word_1_193' title='bbox 2597 3270 2688 3340; x_wconf 93' lang='lat' dir='ltr'>et,</span> <span class='ocrx_word' id='word_1_194' title='bbox 2718 3261 2975 3340; x_wconf 89' lang='lat' dir='ltr'>capitis</span> 
     </span>
     <span class='ocr_line' id='line_1_25' title="bbox 501 3367 2976 3448; baseline 0.001 -19"><span class='ocrx_word' id='word_1_195' title='bbox 501 3367 755 3431; x_wconf 88' lang='lat' dir='ltr'>dolore</span> <span class='ocrx_word' id='word_1_196' title='bbox 785 3386 912 3448; x_wconf 91' lang='lat' dir='ltr'>per</span> <span class='ocrx_word' id='word_1_197' title='bbox 951 3369 1308 3447; x_wconf 86' lang='lat' dir='ltr'>integrum</span> <span class='ocrx_word' id='word_1_198' title='bbox 1348 3385 1613 3432; x_wconf 87' lang='lat' dir='ltr'>annum</span> <span class='ocrx_word' id='word_1_199' title='bbox 1652 3378 1721 3432; x_wconf 93' lang='lat' dir='ltr'>et</span> <span class='ocrx_word' id='word_1_200' title='bbox 1759 3368 1918 3432; x_wconf 90' lang='lat' dir='ltr'>aliis</span> <span class='ocrx_word' id='word_1_201' title='bbox 1961 3368 2227 3431; x_wconf 88' lang='lat' dir='ltr'>morbis</span> <span class='ocrx_word' id='word_1_202' title='bbox 2267 3367 2599 3447; x_wconf 87' lang='lat' dir='ltr'>afflictus,</span> <span class='ocrx_word' id='word_1_203' title='bbox 2649 3368 2719 3431; x_wconf 92' lang='lat' dir='ltr'>in</span> <span class='ocrx_word' id='word_1_204' title='bbox 2763 3368 2976 3431; x_wconf 85' lang='lat' dir='ltr'>vinea</span> 
     </span>
     <span class='ocr_line' id='line_1_26' title="bbox 501 3468 2971 3556; baseline 0.001 -19"><span class='ocrx_word' id='word_1_205' title='bbox 501 3468 794 3538; x_wconf 91' lang='lat' dir='ltr'>Domini</span> <span class='ocrx_word' id='word_1_206' title='bbox 822 3473 1147 3538; x_wconf 88' lang='lat' dir='ltr'>laborare</span> <span class='ocrx_word' id='word_1_207' title='bbox 1186 3492 1331 3538; x_wconf 91' lang='lat' dir='ltr'>non</span> <span class='ocrx_word' id='word_1_208' title='bbox 1359 3484 1628 3556; x_wconf 90' lang='lat' dir='ltr'>posset,</span> <span class='ocrx_word' id='word_1_209' title='bbox 1664 3493 1826 3538; x_wconf 90' lang='lat' dir='ltr'>cum</span> <span class='ocrx_word' id='word_1_210' title='bbox 1864 3492 1950 3538; x_wconf 90' lang='lat' dir='ltr'>ea</span> <span class='ocrx_word' id='word_1_211' title='bbox 1976 3485 2216 3538; x_wconf 90' lang='lat' dir='ltr'>tamen</span> <span class='ocrx_word' id='word_1_212' title='bbox 2254 3474 2641 3538; x_wconf 89' lang='lat' dir='ltr'>cultoribus</span> <span class='ocrx_word' id='word_1_213' title='bbox 2678 3491 2971 3555; x_wconf 89' lang='lat' dir='ltr'>magno-</span> 
     </span>
     <span class='ocr_line' id='line_1_27' title="bbox 505 3580 2975 3669; baseline 0 -25"><span class='ocrx_word' id='word_1_214' title='bbox 505 3599 675 3663; x_wconf 90' lang='lat' dir='ltr'>pere</span> <span class='ocrx_word' id='word_1_215' title='bbox 704 3581 1077 3669; x_wconf 89' lang='lat' dir='ltr'>indigeret,</span> <span class='ocrx_word' id='word_1_216' title='bbox 1119 3582 1193 3645; x_wconf 91' lang='lat' dir='ltr'>P.</span> <span class='ocrx_word' id='word_1_217' title='bbox 1237 3582 1656 3646; x_wconf 89' lang='lat' dir='ltr'>Emmanuel</span> <span class='ocrx_word' id='word_1_218' title='bbox 1695 3582 1783 3646; x_wconf 94' lang='lat' dir='ltr'>de</span> <span class='ocrx_word' id='word_1_219' title='bbox 1822 3581 2158 3660; x_wconf 87' lang='lat' dir='ltr'>Nobrega</span> <span class='ocrx_word' id='word_1_220' title='bbox 2198 3582 2661 3662; x_wconf 89' lang='lat' dir='ltr'>inspiratione</span> <span class='ocrx_word' id='word_1_221' title='bbox 2704 3580 2862 3660; x_wconf 90' lang='lat' dir='ltr'>Dei,</span> <span class='ocrx_word' id='word_1_222' title='bbox 2900 3591 2975 3645; x_wconf 93' lang='lat' dir='ltr'>ut</span> 
     </span>
     <span class='ocr_line' id='line_1_28' title="bbox 495 3678 2970 3768; baseline 0 -16"><span class='ocrx_word' id='word_1_223' title='bbox 495 3689 838 3768; x_wconf 84' lang='lat' dir='ltr'>creditur,</span> <span class='ocrx_word' id='word_1_224' title='bbox 872 3678 1270 3753; x_wconf 77' lang='lat' dir='ltr'>&#39;commotus</span> <span class='ocrx_word' id='word_1_225' title='bbox 1298 3688 1601 3768; x_wconf 79' lang='lat' dir='ltr'>injunxit</span> <span class='ocrx_word' id='word_1_226' title='bbox 1629 3690 1696 3753; x_wconf 93' lang='lat' dir='ltr'>ei</span> <span class='ocrx_word' id='word_1_227' title='bbox 1720 3689 1795 3752; x_wconf 90' lang='lat' dir='ltr'>in</span> <span class='ocrx_word' id='word_1_228' title='bbox 1826 3689 2088 3752; x_wconf 89' lang='lat' dir='ltr'>virtute</span> <span class='ocrx_word' id='word_1_229' title='bbox 2117 3688 2560 3752; x_wconf 91' lang='lat' dir='ltr'>obedientiae</span> <span class='ocrx_word' id='word_1_230' title='bbox 2602 3699 2677 3753; x_wconf 93' lang='lat' dir='ltr'>ut</span> <span class='ocrx_word' id='word_1_231' title='bbox 2707 3706 2970 3765; x_wconf 82' lang='lat' dir='ltr'>conva-</span> 
     </span>
     <span class='ocr_line' id='line_1_29' title="bbox 500 3796 2967 3877; baseline 0 -18"><span class='ocrx_word' id='word_1_232' title='bbox 500 3797 820 3877; x_wconf 87' lang='lat' dir='ltr'>lesceret,</span> <span class='ocrx_word' id='word_1_233' title='bbox 854 3796 1042 3877; x_wconf 92' lang='lat' dir='ltr'>quod</span> <span class='ocrx_word' id='word_1_234' title='bbox 1064 3798 1308 3860; x_wconf 88' lang='lat' dir='ltr'>statim</span> <span class='ocrx_word' id='word_1_235' title='bbox 1331 3806 1788 3860; x_wconf 90' lang='lat' dir='ltr'>consecutum</span> <span class='ocrx_word' id='word_1_236' title='bbox 1809 3804 1941 3873; x_wconf 91' lang='lat' dir='ltr'>est,</span> <span class='ocrx_word' id='word_1_237' title='bbox 1968 3803 2059 3871; x_wconf 92' lang='lat' dir='ltr'>et,</span> <span class='ocrx_word' id='word_1_238' title='bbox 2085 3804 2506 3876; x_wconf 89' lang='lat' dir='ltr'>recuperata</span> <span class='ocrx_word' id='word_1_239' title='bbox 2541 3797 2850 3859; x_wconf 90' lang='lat' dir='ltr'>sanitate</span> <span class='ocrx_word' id='word_1_240' title='bbox 2878 3813 2967 3859; x_wconf 91' lang='lat' dir='ltr'>ac</span> 
     </span>
     <span class='ocr_line' id='line_1_30' title="bbox 503 3901 2968 3984; baseline 0 -19"><span class='ocrx_word' id='word_1_241' title='bbox 503 3903 775 3967; x_wconf 90' lang='lat' dir='ltr'>viribus</span> <span class='ocrx_word' id='word_1_242' title='bbox 804 3903 1146 3984; x_wconf 83' lang='lat' dir='ltr'>corporiS,</span> <span class='ocrx_word' id='word_1_243' title='bbox 1190 3904 1265 3966; x_wconf 88' lang='lat' dir='ltr'>in</span> <span class='ocrx_word' id='word_1_244' title='bbox 1292 3904 1693 3967; x_wconf 88' lang='lat' dir='ltr'>animarum</span> <span class='ocrx_word' id='word_1_245' title='bbox 1736 3902 2080 3966; x_wconf 81' lang='lat' dir='ltr'>auxilium</span> <span class='ocrx_word' id='word_1_246' title='bbox 2118 3902 2209 3965; x_wconf 89' lang='lat' dir='ltr'>ad</span> <span class='ocrx_word' id='word_1_247' title='bbox 2253 3901 2388 3965; x_wconf 94' lang='lat' dir='ltr'>Dei</span> <span class='ocrx_word' id='word_1_248' title='bbox 2426 3903 2729 3981; x_wconf 88' lang='lat' dir='ltr'>gloriam</span> <span class='ocrx_word' id='word_1_249' title='bbox 2778 3903 2968 3966; x_wconf 89' lang='lat' dir='ltr'>incu-</span> 
     </span>
     <span class='ocr_line' id='line_1_31' title="bbox 501 4008 2967 4090; baseline -0 -16"><span class='ocrx_word' id='word_1_250' title='bbox 501 4011 672 4074; x_wconf 93' lang='lat' dir='ltr'>buit.</span> <span class='ocrx_word' id='word_1_251' title='bbox 695 4010 1089 4090; x_wconf 91' lang='lat' dir='ltr'>Collegium</span> <span class='ocrx_word' id='word_1_252' title='bbox 1110 4009 1313 4089; x_wconf 89' lang='lat' dir='ltr'>hujus</span> <span class='ocrx_word' id='word_1_253' title='bbox 1332 4028 1561 4074; x_wconf 85' lang='lat' dir='ltr'>novae</span> <span class='ocrx_word' id='word_1_254' title='bbox 1582 4010 1777 4074; x_wconf 88' lang='lat' dir='ltr'>urbis</span> <span class='ocrx_word' id='word_1_255' title='bbox 1793 4008 2188 4074; x_wconf 87' lang='lat' dir='ltr'>Salvatoris</span> <span class='ocrx_word' id='word_1_256' title='bbox 2212 4026 2355 4072; x_wconf 88' lang='lat' dir='ltr'>non</span> <span class='ocrx_word' id='word_1_257' title='bbox 2377 4009 2714 4089; x_wconf 88' lang='lat' dir='ltr'>exiguum</span> <span class='ocrx_word' id='word_1_258' title='bbox 2733 4027 2967 4074; x_wconf 91' lang='lat' dir='ltr'>nume-</span> 
     </span>
     <span class='ocr_line' id='line_1_32' title="bbox 503 4112 2970 4197; baseline -0.001 -16"><span class='ocrx_word' id='word_1_259' title='bbox 503 4134 662 4181; x_wconf 88' lang='lat' dir='ltr'>rum</span> <span class='ocrx_word' id='word_1_260' title='bbox 691 4126 1096 4180; x_wconf 89' lang='lat' dir='ltr'>nostrorum</span> <span class='ocrx_word' id='word_1_261' title='bbox 1124 4112 1451 4197; x_wconf 89' lang='lat' dir='ltr'>habebat,</span> <span class='ocrx_word' id='word_1_262' title='bbox 1485 4117 1610 4180; x_wconf 91' lang='lat' dir='ltr'>sed</span> <span class='ocrx_word' id='word_1_263' title='bbox 1640 4117 1860 4180; x_wconf 92' lang='lat' dir='ltr'>multo</span> <span class='ocrx_word' id='word_1_264' title='bbox 1890 4116 2122 4196; x_wconf 90' lang='lat' dir='ltr'>magis</span> <span class='ocrx_word' id='word_1_265' title='bbox 2165 4116 2412 4196; x_wconf 89' lang='lat' dir='ltr'>augeri</span> <span class='ocrx_word' id='word_1_266' title='bbox 2455 4116 2712 4179; x_wconf 90' lang='lat' dir='ltr'>debere</span> <span class='ocrx_word' id='word_1_267' title='bbox 2750 4114 2970 4195; x_wconf 89' lang='lat' dir='ltr'>Regis</span> 
     </span>
    </p>
   </div>
   <div class='ocr_carea' id='block_1_5' title="bbox 497 4254 640 4268">
    <p class='ocr_par' dir='ltr' id='par_1_7' title="bbox 497 4254 640 4268">
     <span class='ocr_line' id='line_1_33' title="bbox 497 4254 640 4268; baseline 0.007 -1"><span class='ocrx_word' id='word_1_268' title='bbox 497 4254 640 4268; x_wconf 71' lang='lat'>¹—-</span> 
     </span>
    </p>
   </div>
   <div class='ocr_carea' id='block_1_6' title="bbox 494 4319 2975 4737">
    <p class='ocr_par' dir='ltr' id='par_1_8' title="bbox 494 4319 2975 4737">
     <span class='ocr_line' id='line_1_34' title="bbox 587 4319 2969 4379; baseline -0 -15"><span class='ocrx_word' id='word_1_269' title='bbox 587 4321 607 4354; x_wconf 82' lang='lat'><strong>¹</strong></span> <span class='ocrx_word' id='word_1_270' title='bbox 659 4320 737 4365; x_wconf 89' lang='lat' dir='ltr'>De</span> <span class='ocrx_word' id='word_1_271' title='bbox 758 4322 854 4365; x_wconf 78' lang='lat' dir='ltr'>hoc</span> <span class='ocrx_word' id='word_1_272' title='bbox 876 4322 950 4367; x_wconf 85' lang='lat' dir='ltr'>ita</span> <span class='ocrx_word' id='word_1_273' title='bbox 970 4321 1190 4367; x_wconf 84' lang='lat' dir='ltr'>Franco:</span> <span class='ocrx_word' id='word_1_274' title='bbox 1220 4322 1440 4367; x_wconf 78' lang='lat' dir='ltr'>“Ibidem</span> <span class='ocrx_word' id='word_1_275' title='bbox 1460 4322 1812 4379; x_wconf 78' lang='lat' dir='ltr'>(Ulyssipone)</span> <span class='ocrx_word' id='word_1_276' title='bbox 1829 4322 1857 4364; x_wconf 72' lang='grc'>4</span> <span class='ocrx_word' id='word_1_277' title='bbox 1878 4320 2177 4365; x_wconf 75' lang='lat' dir='ltr'>Decembris</span> <span class='ocrx_word' id='word_1_278' title='bbox 2201 4320 2426 4373; x_wconf 86' lang='lat' dir='ltr'>Joannes</span> <span class='ocrx_word' id='word_1_279' title='bbox 2446 4331 2478 4365; x_wconf 97' lang='lat' dir='ltr'>a</span> <span class='ocrx_word' id='word_1_280' title='bbox 2507 4319 2698 4365; x_wconf 86' lang='lat' dir='ltr'>Sancto</span> <span class='ocrx_word' id='word_1_281' title='bbox 2719 4319 2969 4364; x_wconf 75' lang='lat' dir='ltr'>Michaeie</span> 
     </span>
     <span class='ocr_line' id='line_1_35' title="bbox 499 4390 2975 4447; baseline 0 -12"><span class='ocrx_word' id='word_1_282' title='bbox 499 4390 786 4437; x_wconf 74' lang='lat' dir='ltr'>Medeirum</span> <span class='ocrx_word' id='word_1_283' title='bbox 804 4401 1014 4438; x_wconf 82' lang='lat' dir='ltr'>secutus</span> <span class='ocrx_word' id='word_1_284' title='bbox 1034 4400 1112 4438; x_wconf 89' lang='lat' dir='ltr'>est</span> <span class='ocrx_word' id='word_1_285' title='bbox 1133 4394 1199 4438; x_wconf 85' lang='lat' dir='ltr'>ad</span> <span class='ocrx_word' id='word_1_286' title='bbox 1219 4394 1606 4447; x_wconf 85' lang='lat' dir='ltr'>aeternitatem,</span> <span class='ocrx_word' id='word_1_287' title='bbox 1628 4400 1782 4438; x_wconf 85' lang='lat' dir='ltr'>natus</span> <span class='ocrx_word' id='word_1_288' title='bbox 1803 4392 2099 4436; x_wconf 87' lang='lat' dir='ltr'>Betancorii</span> <span class='ocrx_word' id='word_1_289' title='bbox 2120 4392 2172 4436; x_wconf 88' lang='lat' dir='ltr'>in</span> <span class='ocrx_word' id='word_1_290' title='bbox 2192 4391 2479 4436; x_wconf 72' lang='lat' dir='ltr'>Gallaecia.</span> <span class='ocrx_word' id='word_1_291' title='bbox 2503 4391 2626 4436; x_wconf 90' lang='lat' dir='ltr'>Zelo</span> <span class='ocrx_word' id='word_1_292' title='bbox 2647 4392 2886 4436; x_wconf 71' lang='lat' dir='ltr'>fervebat</span> <span class='ocrx_word' id='word_1_293' title='bbox 2907 4392 2975 4437; x_wconf 85' lang='lat' dir='ltr'>ad</span> 
     </span>
     <span class='ocr_line' id='line_1_36' title="bbox 494 4463 2974 4519; baseline 0 -13"><span class='ocrx_word' id='word_1_294' title='bbox 494 4473 681 4507; x_wconf 78' lang='lat' dir='ltr'>sacras</span> <span class='ocrx_word' id='word_1_295' title='bbox 701 4463 993 4518; x_wconf 80' lang='lat' dir='ltr'>missiones,</span> <span class='ocrx_word' id='word_1_296' title='bbox 1016 4470 1067 4508; x_wconf 92' lang='lat' dir='ltr'>et</span> <span class='ocrx_word' id='word_1_297' title='bbox 1100 4464 1382 4519; x_wconf 77' lang='lat' dir='ltr'>insignibus</span> <span class='ocrx_word' id='word_1_298' title='bbox 1411 4476 1439 4507; x_wconf 87' lang='lat' dir='ltr'>e</span> <span class='ocrx_word' id='word_1_299' title='bbox 1472 4475 1624 4508; x_wconf 83' lang='lat' dir='ltr'>sacro</span> <span class='ocrx_word' id='word_1_300' title='bbox 1653 4470 1906 4518; x_wconf 74' lang='lat' dir='ltr'>suggestu</span> <span class='ocrx_word' id='word_1_301' title='bbox 1937 4463 2139 4507; x_wconf 81' lang='lat' dir='ltr'>dicendi</span> <span class='ocrx_word' id='word_1_302' title='bbox 2173 4463 2378 4506; x_wconf 87' lang='lat' dir='ltr'>dotibus</span> <span class='ocrx_word' id='word_1_303' title='bbox 2406 4473 2651 4518; x_wconf 69' lang='lat' dir='ltr'>magnum</span> <span class='ocrx_word' id='word_1_304' title='bbox 2686 4463 2974 4507; x_wconf 83' lang='lat' dir='ltr'>animarum</span> 
     </span>
     <span class='ocr_line' id='line_1_37' title="bbox 495 4533 2974 4591; baseline -0 -13"><span class='ocrx_word' id='word_1_305' title='bbox 495 4543 767 4587; x_wconf 68' lang='lat' dir='ltr'>numerum</span> <span class='ocrx_word' id='word_1_306' title='bbox 787 4537 931 4579; x_wconf 90' lang='lat' dir='ltr'>coelo</span> <span class='ocrx_word' id='word_1_307' title='bbox 952 4541 1033 4579; x_wconf 85' lang='lat' dir='ltr'>est</span> <span class='ocrx_word' id='word_1_308' title='bbox 1052 4537 1302 4580; x_wconf 86' lang='lat' dir='ltr'>lucratus.</span> <span class='ocrx_word' id='word_1_309' title='bbox 1325 4536 1383 4579; x_wconf 91' lang='lat' dir='ltr'>In</span> <span class='ocrx_word' id='word_1_310' title='bbox 1403 4536 1625 4591; x_wconf 85' lang='lat' dir='ltr'>quadam</span> <span class='ocrx_word' id='word_1_311' title='bbox 1653 4535 1991 4589; x_wconf 67' lang='lat' dir='ltr'>aegritudine,</span> <span class='ocrx_word' id='word_1_312' title='bbox 2014 4537 2340 4579; x_wconf 85' lang='lat' dir='ltr'>conclamata</span> <span class='ocrx_word' id='word_1_313' title='bbox 2356 4534 2466 4589; x_wconf 81' lang='lat' dir='ltr'>Jam</span> <span class='ocrx_word' id='word_1_314' title='bbox 2482 4536 2651 4578; x_wconf 86' lang='lat' dir='ltr'>salute</span> <span class='ocrx_word' id='word_1_315' title='bbox 2666 4567 2678 4588; x_wconf 92' lang='lat'>,</span> <span class='ocrx_word' id='word_1_316' title='bbox 2701 4533 2974 4578; x_wconf 82' lang='lat' dir='ltr'>videndam</span> 
     </span>
     <span class='ocr_line' id='line_1_38' title="bbox 494 4605 2973 4663; baseline -0.001 -12"><span class='ocrx_word' id='word_1_317' title='bbox 494 4617 554 4650; x_wconf 67' lang='lat' dir='ltr'>se</span> <span class='ocrx_word' id='word_1_318' title='bbox 585 4606 663 4651; x_wconf 86' lang='lat' dir='ltr'>illi</span> <span class='ocrx_word' id='word_1_319' title='bbox 697 4607 886 4651; x_wconf 83' lang='lat' dir='ltr'>obtulit</span> <span class='ocrx_word' id='word_1_320' title='bbox 916 4607 1177 4662; x_wconf 81' lang='lat' dir='ltr'>Deipara,</span> <span class='ocrx_word' id='word_1_321' title='bbox 1211 4609 1547 4663; x_wconf 81' lang='lat' dir='ltr'>promisitque</span> <span class='ocrx_word' id='word_1_322' title='bbox 1584 4619 1644 4652; x_wconf 89' lang='lat' dir='ltr'>eo</span> <span class='ocrx_word' id='word_1_323' title='bbox 1678 4609 1857 4651; x_wconf 87' lang='lat' dir='ltr'>morbo</span> <span class='ocrx_word' id='word_1_324' title='bbox 1891 4618 1990 4651; x_wconf 89' lang='lat' dir='ltr'>non</span> <span class='ocrx_word' id='word_1_325' title='bbox 2023 4606 2371 4651; x_wconf 82' lang='lat' dir='ltr'>decessurum.</span> <span class='ocrx_word' id='word_1_326' title='bbox 2412 4605 2604 4650; x_wconf 86' lang='lat' dir='ltr'>Fertur</span> <span class='ocrx_word' id='word_1_327' title='bbox 2636 4605 2889 4650; x_wconf 83' lang='lat' dir='ltr'>divinitus</span> <span class='ocrx_word' id='word_1_328' title='bbox 2926 4606 2973 4648; x_wconf 87' lang='lat' dir='ltr'>ei</span> 
     </span>
     <span class='ocr_line' id='line_1_39' title="bbox 497 4677 2129 4737; baseline 0 -15"><span class='ocrx_word' id='word_1_329' title='bbox 497 4677 683 4722; x_wconf 77' lang='lat' dir='ltr'>horam</span> <span class='ocrx_word' id='word_1_330' title='bbox 703 4680 886 4724; x_wconf 88' lang='lat' dir='ltr'>mortis</span> <span class='ocrx_word' id='word_1_331' title='bbox 908 4679 1233 4731; x_wconf 81' lang='lat' dir='ltr'>innotuisse...</span> <span class='ocrx_word' id='word_1_332' title='bbox 1257 4681 1516 4737; x_wconf 75' lang='lat' dir='ltr'>synopsis</span> <span class='ocrx_word' id='word_1_333' title='bbox 1539 4679 1751 4732; x_wconf 71' lang='lat' dir='ltr'>Annae„</span> <span class='ocrx_word' id='word_1_334' title='bbox 1767 4690 1815 4724; x_wconf 94' lang='lat' dir='ltr'>a.</span> <span class='ocrx_word' id='word_1_335' title='bbox 1841 4678 1961 4730; x_wconf 79' lang='lat'>1552.</span> <span class='ocrx_word' id='word_1_336' title='bbox 1987 4690 2037 4722; x_wconf 90' lang='lat' dir='ltr'>n.</span> <span class='ocrx_word' id='word_1_337' title='bbox 2058 4679 2129 4723; x_wconf 81' lang='lat'>21.</span> 
     </span>
    </p>
   </div>
   <div class='ocr_carea' id='block_1_7' title="bbox 643 4257 934 4272">
    <p class='ocr_par' dir='ltr' id='par_1_9' title="bbox 643 4257 934 4272">
     <span class='ocr_line' id='line_1_40' title="bbox 643 4257 934 4272; baseline 0 1142"><span class='ocrx_word' id='word_1_338' title='bbox 643 4257 934 4272; x_wconf 95' lang='lat' dir='ltr'> </span> 
     </span>
    </p>
   </div>
  </div>
 </body>
</html>
