3679 5414
1658 381 1786 441 ΑΝ.
1833 382 1974 442 1550
2974 381 3043 442 71

586 523 738 587 sius
776 525 1222 589 instruendos
1268 526 1459 589 domi
1509 526 1964 590 existimavit.
2009 527 2416 590 Attulerunt
2445 528 2517 590 hi
2544 527 2764 591 libros
2802 545 2974 590 suos
3003 546 3046 590 a

584 629 921 712 Luther0,
955 633 1229 696 Bucero
1259 643 1328 697 et
1358 634 1851 698 Melanchtone
1882 635 2353 713 conscriptos;
2381 635 2506 698 sed
2528 635 2705 697 haec
2729 637 3043 698 consola-

584 739 687 802 tio
718 758 806 802 ex
833 750 1038 822 parte
1067 741 1434 804 imminuta
1463 751 1569 805 est
1587 791 1601 819 ,
1635 759 1797 804 cum
1825 743 2277 822 expostulare
2315 741 2671 822 parochus
2701 742 3049 823 coepisset

590 847 778 927 quod
806 866 882 910 se
923 848 1149 911 nostri
1184 847 1627 929 professores
1666 849 1740 911 in
1781 849 1991 911 rebus
2030 848 2506 928 spiritualibus
2544 849 3044 927 immiscerent,

520 956 527 962 ’
582 962 660 1017 et
679 972 770 1017 ex
790 954 926 1017 illis
949 954 1143 1034 ipsiS,
1170 954 1289 1035 qui
1314 955 1530 1018 libros
1550 954 1951 1018 haereticos
1973 956 2374 1033 attulerant,
2403 974 2545 1018 non
2574 957 2815 1037 pauci,
2848 973 3047 1036 pera-

591 1061 724 1127 ctis
754 1061 949 1125 festis
967 1111 981 1140 ,
1016 1080 1139 1125 eos
1163 1063 1606 1142 repetebant;
1633 1062 1816 1125 unde
1842 1062 2018 1124 satis
2039 1072 2486 1142 perspectum
2514 1072 2620 1126 est
2643 1080 2904 1142 magno
2928 1080 3068 1139 eos-

586 1167 847 1232 affectu
875 1170 966 1232 ad
995 1167 1396 1248 hujusmodi
1426 1170 1769 1233 librorum
1796 1169 2173 1233 lectionem
2200 1169 2388 1232 ferri.
2426 1168 2687 1233 Rector
2714 1170 2865 1249 ipse
2887 1170 3052 1235 Uni-

588 1275 951 1339 versitatis
979 1274 1175 1339 Patri
1215 1275 1607 1340 Salmeroni
1648 1276 2016 1340 consessus
2055 1286 2183 1340 est.
2235 1277 2626 1357 Episcopus
2663 1286 2902 1340 autem
2943 1277 3053 1340 Ei-

593 1383 957 1462 stetensis,
1011 1383 1513 1447 Universitatis
1568 1382 2082 1462 CancellariuS,
2136 1382 2212 1447 P.
2271 1382 2642 1447 Claudium
2690 1384 2801 1446 his
2857 1384 3054 1447 festis

583 1490 780 1568 apud
819 1507 895 1553 se
934 1490 1241 1569 retinuit,
1287 1491 1465 1553 miro
1507 1508 1668 1553 eum
1709 1489 1970 1554 affectu
2011 1500 2079 1553 et
2129 1489 2555 1553 Societatem
2604 1491 2818 1553 etiam
2866 1508 3051 1553 com·

588 1597 905 1675 plectens
935 1605 1001 1660 et
1034 1597 1329 1660 multum
1360 1598 1449 1660 ab
1479 1615 1562 1660 eo
1592 1597 1979 1677 spiritualis
2009 1598 2252 1660 auxilii
2282 1597 2657 1677 accipiens.
2708 1596 2885 1661 Cum
2924 1614 3053 1676 pro

592 1719 788 1766 more
826 1703 981 1783 ipsa
1020 1704 1264 1783 vigilia
1314 1702 1588 1766 Natalis
1624 1703 1911 1766 Domini
1948 1705 2170 1787 latina
2209 1705 2435 1766 oratio
2477 1703 2800 1766 habenda
2841 1714 3052 1783 esset,

594 1826 757 1872 cum
786 1811 877 1889 is,
912 1811 1026 1873 cui
1053 1810 1188 1873 hoc
1221 1811 1455 1873 oneris
1486 1811 1892 1890 impositum
1921 1821 2108 1888 erat,
2143 1828 2285 1874 non
2315 1811 2770 1890 inveniretur,
2806 1809 2882 1873 P.
2926 1810 3054 1874 Ca·

589 1918 773 1981 nisio
804 1927 911 1980 est
942 1918 1347 1996 impositum
1376 1916 1524 1998 qui,
1561 1936 1652 1980 ex
1681 1927 1999 1998 tempore
2039 1918 2350 1998 quidem,
2396 1917 2520 1981 sed
2558 1935 2682 1997 per
2723 1917 2859 1980 Dei
2896 1934 3053 1997 gra-

592 2024 764 2087 tiam
794 2033 940 2087 tam
970 2025 1399 2088 luculentam
1426 2024 1669 2087 habuit
1700 2025 1772 2086 in
1800 2042 2075 2087 summo
2106 2025 2366 2104 templo
2398 2024 2821 2104 orationem,
2854 2042 3052 2104 prae·

588 2140 790 2194 sente
822 2131 1333 2209 Universitate,
1368 2141 1444 2195 ut
1475 2131 1540 2193 ei
1568 2148 2000 2211 magnopere
2028 2131 2238 2193 fuerit
2267 2130 2710 2194 satisfactum
2743 2129 2783 2194 ¹.

718 2238 851 2300 155.
940 2237 1382 2301 Psalmorum
1420 2238 1798 2302 lectionem
1834 2238 2197 2301 inchoavit
2240 2239 2369 2300 sub
2410 2238 2575 2300 anni
2612 2238 2890 2301 initium
2926 2236 3052 2301 Pa·

587 2353 698 2408 ter
719 2343 1082 2423 ClaudiuS,
1112 2346 1435 2409 oratione
1464 2346 1856 2425 praemissa
1886 2345 2260 2425 perdocta,
2288 2354 2358 2407 et
2388 2343 2789 2408 auditorum
2820 2362 3054 2407 nume-

587 2469 693 2531 ro,
726 2461 935 2533 prout
966 2452 1194 2532 frigus
1231 2453 1716 2532 germanicum
1758 2453 1830 2514 in
1859 2452 2092 2515 studio
2123 2452 2523 2532 theologiae
2554 2452 2846 2530 ferebat,
2882 2452 3056 2514 satis

585 2557 957 2639 frequenti.
988 2558 1167 2622 Cum
1195 2568 1432 2621 autem
1457 2558 1804 2621 Dominus
1826 2559 2244 2622 Leonardus
2268 2558 2572 2622 Ecchius
2602 2560 2876 2639 aliquas
2898 2576 3053 2621 nos-

584 2674 862 2731 trorum
888 2666 1226 2731 lectiones
1271 2665 1694 2744 audivisset,
1741 2683 2078 2745 magnam
2117 2666 2333 2729 animi
2371 2665 2926 2730 consolationem
2969 2683 3053 2729 ac

582 2774 1143 2837 satisfactionem
1172 2792 1262 2836 ex
1292 2773 1394 2836 eis
1425 2775 1837 2853 reportavit,
1872 2782 1942 2836 et
1973 2790 2134 2837 cum
2163 2774 2249 2836 de
2279 2773 2575 2853 Collegii
2617 2774 3053 2837 institutione

587 2889 943 2961 ageretur,
977 2879 1406 2960 significavit
1437 2897 1595 2942 eam
1623 2897 1780 2942 esse
1813 2879 2034 2943 Ducis
2073 2889 2379 2943 mentem
2417 2889 2494 2943 ut
2533 2880 2701 2943 illud
2740 2880 3052 2944 institue-

587 2997 804 3067 retur,
832 2987 1250 3067 quibusdam
1272 2986 1746 3065 monasteriiS,
1768 3004 1950 3068 quae
1967 2986 2334 3050 monachis
2357 2996 2561 3049 erant
2584 2986 2939 3066 destituta,
2962 2987 3053 3049 ad

587 3093 756 3157 illud
786 3094 1179 3174 applicatis,
1215 3093 1456 3157 Nostri
1488 3102 1725 3156 autem
1755 3092 2268 3172 significarunt,
2303 3093 2648 3173 siquidem
2677 3092 3052 3172 collegium

580 3201 997 3280 erigeretur,
1029 3218 1172 3264 non
1200 3201 1566 3264 defuturos
1596 3219 1684 3263 ex
1715 3198 2070 3263 Societate
2108 3209 2354 3263 nostra
2394 3200 2571 3262 duos
2610 3199 3048 3280 professores

586 3306 985 3387 theologiae
1015 3317 1084 3371 et
1107 3325 1321 3370 unum
1342 3307 1851 3389 philosophiae,
1878 3307 2139 3370 namin
2162 3307 2545 3371 Germania
2567 3306 3046 3386 professorum

588 3413 987 3493 huJusmodi
1039 3431 1301 3495 magna
1349 3424 1502 3478 erat
1554 3414 1881 3494 penuria,
1937 3423 2004 3476 et
2041 3414 2177 3476 nisi
2214 3412 2613 3492 hujusmodi
2654 3412 3045 3493 Collegium

586 3521 1078 3600 conficeretur,
1113 3521 1237 3585 vix
1267 3538 1465 3601 spem
1509 3520 1856 3602 reliquam
1894 3538 2048 3583 esse
2088 3520 2380 3600 collapsi
2418 3499 2797 3599 theologici
2834 3520 3044 3583 studii

587 3627 927 3707 erigendi,
963 3645 1125 3691 cum
1152 3628 1299 3691 fere
1330 3627 1734 3690 scholastici
1762 3626 2102 3690 Germani
2130 3628 2221 3690 ad
2249 3627 2726 3706 theologicam
2752 3627 3041 3691 faculta-

585 3743 730 3798 tem
760 3744 1209 3813 nausearent,
1245 3743 1312 3797 et
1343 3735 1414 3797 in
1445 3734 1833 3797 dialecticis
1873 3734 2085 3797 etiam
2122 3752 2208 3797 ac
2246 3734 2750 3815 philosophicis
2790 3752 3042 3815 parum

584 3850 822 3904 essent
860 3841 1254 3905 exercitati.
1299 3840 1440 3904 Res
1481 3850 1715 3904 autem
1754 3857 2185 3920 magnopere
2224 3841 2647 3904 cancellario
2687 3842 3035 3922 placebat,

583 3956 655 4010 et
694 3948 900 4011 simul
939 3956 1148 4028 atque
1187 3947 1512 4011 Pontifex
1549 3948 1777 4030 Julius
1815 3947 2084 4010 electus
2129 3957 2266 4028 est,
2303 3965 2464 4010 cum
2505 3949 2814 4012 mitteret
2852 3949 3039 4027 lega·

585 4063 764 4134 tum,
799 4055 918 4135 qui
948 4072 1076 4117 suo
1116 4055 1400 4130 nomine
1440 4065 1507 4118 et
1547 4053 1872 4117 Pontifici
1915 4064 1983 4117 et
2020 4052 2186 4118 Sedi
2225 4055 2680 4135 Apostolicae
2719 4055 3038 4118 obedien·

584 4161 755 4224 tiam
783 4179 913 4242 pro
943 4178 1140 4224 more
1163 4160 1467 4240 offerret,
1494 4161 1720 4224 eidem
1743 4160 2115 4240 commisit,
2140 4170 2217 4224 ut
2238 4162 2669 4224 monasteria
2692 4160 3040 4243 quaedam

592 4265 954 4332 Pontificis
1004 4267 1427 4331 auctoritate
1482 4268 1789 4331 unienda
1839 4267 2156 4347 Collegio
2206 4266 2580 4331 Societatis
2626 4268 3040 4349 Ingolstadii

664 4473 680 4505 ¹
741 4472 1011 4528 Polancus,
1048 4485 1113 4517 ex
1143 4474 1544 4526 commissione,
1584 4474 1739 4518 Petro
1770 4473 1994 4526 Canisio,
2031 4475 2094 4517 de
2124 4474 2343 4518 lectione
2379 4475 2628 4519 librorum
2660 4474 3043 4520 haereticorum

577 4550 635 4589 et
658 4545 909 4599 quomodo
932 4544 1089 4589 Ducis
1109 4557 1202 4600 ope
1236 4551 1286 4588 et
1309 4544 1681 4589 Universitatis
1701 4544 2018 4589 auctoritate
2048 4545 2183 4589 malo
2212 4551 2357 4589 tanto
2378 4547 2585 4590 obviam
2606 4546 2667 4589 iri
2690 4547 2865 4600 possit,
2892 4548 2942 4590 18
2962 4547 3046 4598 Ja-

584 4616 765 4659 nuntii.
