3679 5414
1594 480 1716 539 ΑΝ.
1740 479 1896 550 ,1551
2859 479 2970 540 355

506 636 614 689 ret
635 624 1090 706 Superiorem
1127 642 1212 688 eo
1246 643 1677 706 propensum
1705 635 1782 689 ut
1812 624 2428 704 Caesaraugustae
2460 633 2810 704 maneret,
2845 625 2963 689 do-

508 750 638 796 nec
671 733 850 796 alius
890 731 1040 812 eJus
1078 734 1235 796 loco
1274 732 1836 810 substitueretur,
1881 732 2139 795 ibidem
2179 749 2467 795 manere
2508 731 2859 812 decrevit3
2893 742 2964 796 et

508 839 836 921 quamvis
862 856 1233 903 numerum
1272 840 1524 903 crebro
1556 839 2040 911 confitentium
2079 848 2368 902 auctum
2396 839 2703 918 invenit,
2737 839 2964 903 detra·

488 943 781 1013 'ctiones
812 966 955 1011 non
989 948 1229 1026 exigui
1258 948 1596 1010 momenti
1625 964 1680 1009 a
1699 948 1858 1010 viro
1882 947 2218 1026 religioso
2242 955 2312 1009 et
2330 964 2636 1027 magnae
2663 947 2964 1010 auctori-

511 1057 678 1119 tatis
704 1055 1084 1136 profectaS,
1112 1065 1181 1118 et
1205 1055 1393 1135 apud
1407 1055 1754 1135 primores
1777 1055 1972 1118 urbis
1996 1072 2138 1117 non
2162 1072 2432 1134 paucas
2456 1071 2748 1134 sparsas
2770 1071 2964 1134 repe-

509 1164 623 1239 rit;
659 1172 727 1226 et
759 1180 922 1226 cum
953 1162 1257 1242 scriptas
1280 1162 1803 1242 propositiones
1826 1179 2072 1225 eorum
2095 1179 2276 1241 quae
2300 1160 2716 1225 dicebantur
2737 1161 2967 1225 eidem

507 1270 865 1350 religioso,
900 1270 1021 1349 qui
1051 1268 1357 1332 amicum
1387 1286 1464 1331 se
1495 1269 1758 1332 nostris
1788 1269 2102 1332 exterius
2133 1269 2532 1348 exhibebat,
2566 1270 2637 1331 in
2661 1286 2789 1331 suo
2818 1285 2965 1332 mo·

505 1377 819 1440 nasterio
843 1376 1268 1439 ostendisset
1291 1393 1376 1438 ac
1408 1374 1995 1455 reprehendisset,
2031 1376 2146 1438 ille
2168 1376 2461 1455 negavit
2489 1375 2792 1455 quidem,
2839 1374 2968 1438 sed

504 1486 716 1565 paulo
754 1497 918 1564 post
955 1486 1048 1547 ad
1085 1500 1371 1546 vernam
1417 1482 1793 1562 petendam
1845 1502 1889 1546 a
1926 1483 2191 1546 nostris
2230 1475 2451 1545 misit.
2498 1480 2968 1546 Nihilominus

504 1595 790 1656 semina*
812 1593 933 1655 illa
970 1592 1042 1653 in
1075 1590 1542 1670 quorumdam
1586 1589 1839 1653 animis
1868 1591 2190 1653 diabolus
2218 1590 2507 1653 retineri
2537 1590 2856 1668 curabat,
2889 1598 2967 1652 ut

505 1697 974 1780 quorumdam
1000 1697 1395 1778 profectum
1424 1698 1812 1777 impediret.
1846 1697 1990 1761 Alii
2012 1697 2294 1777 quidem
2313 1698 2517 1761 multi
2543 1716 2685 1760 non
2712 1714 2969 1777 parurn

507 1809 579 1870 in
613 1805 1106 1870 benevolentia
1143 1821 1317 1884 erga
1354 1813 1637 1867 nostros
1682 1813 1752 1867 et
1788 1805 1863 1867 in
1899 1804 2129 1867 Deum
2160 1804 2596 1868 crescebant.
2631 1804 2967 1884 Aliquam

505 1925 742 1978 tamen
790 1921 1284 1993 tempestatem
1338 1911 1541 1991 quasi
1583 1929 1628 1974 a
1678 1912 1888 1990 longe
1933 1913 2415 1975 imminentem
2457 1911 2531 1975 hi
2578 1911 2969 1975 rumusculi

507 2021 876 2086 ostendere
914 2019 1362 2083 videbantur.
1389 2019 1946 2081 Exhortationes
1974 2018 2379 2098 spirituales
2408 2017 2482 2081 P.
2518 2018 2794 2082 Roman
2820 2035 2967 2081 non

507 2129 658 2192 sine
685 2128 921 2190 fructu
957 2126 1294 2202 habebat,
1328 2135 1398 2189 et
1427 2135 1574 2188 tarn
1602 2123 2218 2205 Caesaraugustae
2249 2143 2461 2205 quam
2488 2126 2562 2188 in
2592 2126 2767 2188 locis
2796 2125 2964 2188 vici·

506 2237 616 2299 nis
660 2235 935 2299 fructus
978 2234 1373 2297 uberrimus
1416 2233 1838 2312 sperabatur
1879 2233 2078 2310 (nam
2114 2233 2456 2314 neophyti
2494 2251 2585 2296 ex
2622 2250 2965 2312 agareno·

427 2416 437 2423 ,
507 2360 665 2406 rum
692 2350 902 2422 gente
931 2341 1217 2421 plurimi
1253 2358 1338 2404 eo
1384 2340 1599 2403 etiarn
1635 2340 1707 2402 in
1739 2356 1962 2418 regno
1994 2340 2220 2419 sunt),
2261 2341 2323 2403 si
2355 2340 2814 2404 concionator
2845 2340 2967 2402 ali·

508 2450 665 2530 quis
712 2448 1045 2528 egregius
1099 2466 1182 2510 eo
1232 2448 1493 2510 missus
1545 2456 1774 2526 esset,
1829 2446 1981 2510 sine
2030 2445 2230 2526 cujus
2280 2464 2495 2527 opera
2545 2448 2777 2511 minus
2825 2448 2967 2511 late

505 2565 749 2638 patere
776 2563 1053 2636 poterat
1080 2552 1121 2617 ¹.

625 2663 766 2727 391.
854 2661 1333 2726 Conservator
1357 2659 1788 2740 Aragoniae,
1820 2659 2134 2742 joannes
2155 2661 2562 2725 Ludovicus
2584 2661 2969 2741 Gonzalez,

508 2789 593 2835 ac
623 2769 772 2850 ejus
793 2786 1019 2849 soror,
1046 2767 1355 2831 Domina
1384 2766 1757 2847 Aldunzia,
1784 2784 2001 2847 aegre
2024 2769 2402 2832 admodum
2430 2769 2751 2832 ferebant
2781 2769 2973 2849 quod

507 2878 730 2942 nostri
758 2876 1059 2939 Romam
1086 2876 1279 2938 litem
1307 2883 1756 2955 avocassent,
1789 2892 2005 2955 quam
2033 2875 2341 2939 Domina
2371 2875 2615 2956 Anna,
2650 2877 2970 2957 ipsorum

507 3003 731 3065 soror,
773 2985 1096 3048 omnibus
1133 2983 1527 3046 intentabat
1569 2999 1699 3063 pro
1730 2981 2045 3062 Collegio
2090 2983 2179 3046 ab
2219 2984 2375 3063 ipsa
2416 2985 2581 3046 olim
2621 2985 2857 3047 oblato
2896 2993 2970 3047 et

506 3091 842 3156 Societati
870 3092 1246 3172 applicato
1290 3090 1380 3153 Et
1418 3089 1744 3169 quamvis
1782 3097 2072 3170 propter
2115 3088 2491 3153 Societatis
2528 3091 2750 3171 ipsius
2786 3092 2969 3154 utili—

505 3208 723 3263 tatem
752 3198 824 3262 id
862 3216 1002 3261 non
1031 3197 1227 3261 fieret
1245 3245 1260 3276 ,
1293 3198 1366 3260 in
1409 3197 1725 3276 ipsorum
1751 3198 2095 3276 gratiam,
2128 3214 2216 3259 ne
2247 3196 2744 3262 detrimentum
2774 3207 2965 3278 pate·

503 3316 770 3385 rentur,
803 3305 1036 3368 resisti
1064 3302 1411 3367 Dominae
1440 3302 1695 3367 Annae
1726 3304 2131 3383 cupiebant;
2165 3303 2617 3367 nihilominus
2645 3303 2973 3369 Societas

506 3422 753 3477 nostra
800 3412 904 3475 liti
943 3420 1011 3474 et
1050 3428 1308 3474 causae
1349 3410 1593 3489 cessit,
1634 3428 1777 3473 non
1809 3409 1951 3490 juri
1979 3410 2167 3489 quod
2205 3411 2296 3475 ad
2338 3412 2568 3491 ipsam
2597 3411 2966 3475 attinebat.

508 3522 687 3586 Cum
726 3528 961 3583 autem
1004 3518 1509 3583 Conservatori
1549 3527 1619 3580 et
1658 3515 2049 3582 Aldunziae
2088 3537 2164 3582 se
2205 3518 2583 3598 fauturam,
2632 3519 2751 3582 ubi
2781 3536 2967 3582 com·

507 3628 714 3692 mode
742 3635 1016 3709 posset,
1051 3625 1448 3704 obtulisset,
1482 3640 1746 3703 magna
1777 3626 2261 3689 consolatione
2288 3625 2391 3689 illi
2418 3625 2654 3689 affecti
2677 3634 2861 3690 sunt.
2898 3626 2972 3690 Is

508 3745 749 3799 tamen
775 3733 984 3797 favor
1013 3741 1082 3796 et
1107 3731 1286 3812 juris
1314 3731 1618 3794 retentio
1647 3749 1789 3794 non
1828 3733 2008 3794 levis
2038 3732 2466 3797 incommodi
2501 3733 2575 3796 in
2602 3743 2968 3813 posterum

509 3841 848 3906 Societati
885 3857 1103 3903 causa
1140 3839 1291 3903 fuit.
1337 3837 1518 3901 Cum
1553 3847 1791 3901 autern
1830 3837 2448 3919 Caesaraugustae
2480 3839 2629 3920 jam
2656 3858 2799 3904 non
2828 3840 2969 3904 suf-

509 3949 799 4013 ficerent
834 3947 973 4011 duo
1021 3945 1462 4023 sacerdoteS,
1516 3946 1753 4025 plures
1787 3945 2298 4026 expetebantur
2344 3955 2420 4009 ut
2464 3948 2677 4010 messi
2714 3956 2974 4012 auctae

508 4066 798 4139 possent
827 4054 1241 4119 satisfacere
1262 4052 1310 4118 ².
2203 4041 2209 4048 ’

591 4226 608 4259 ¹
665 4225 945 4279 PolancuS,
994 4234 1061 4268 ex
1097 4234 1228 4268 com.
1243 4256 1260 4276 ,
1297 4222 1445 4266 Patri
1483 4222 1749 4277 Alphonso
1787 4220 2011 4277 Romam
2052 4221 2423 4268 Conservatori
2462 4223 2975 4282 CaesaraugustanoJ

510 4298 759 4343 Dominae
780 4297 996 4342 Elvirae
1016 4296 1077 4340 de
1093 4294 1354 4349 Mendoza;
1376 4299 1427 4338 et
1445 4294 1611 4338 sorori
1632 4294 1903 4338 Auditoris
1918 4325 1930 4346 ,
1945 4295 2156 4339 Antonii
2177 4295 2418 4350 Agnetin,
2442 4296 2503 4340 de
2524 4295 2672 4340 domo
2694 4296 2980 4343 societatis

512 4369 1019 4424 caesaraugustana,
1041 4369 1062 4412 1
1083 4365 1275 4422 Martii;
1293 4366 1432 4412 idem
1449 4365 1598 4410 Patri
1618 4366 1887 4420 Alphonso
1907 4366 2123 4421 Roman,
2146 4366 2209 4410 de
2229 4368 2321 4412 lite
2343 4368 2595 4412 Dominae
2616 4369 2802 4413 Annae
2834 4368 2972 4414 Gon·

511 4443 652 4486 zalez
666 4474 677 4494 ,
700 4442 748 4485 11
771 4439 964 4485 Martii.

593 4515 616 4547 ¹
668 4513 922 4557 Polaticus
936 4544 948 4566 ,
983 4521 1050 4555 ex
1081 4521 1240 4564 com„
1275 4509 1763 4563 caesaraugustano
1798 4508 2194 4564 Conservatori,
2230 4510 2413 4564 Joanni
2450 4511 2707 4556 Gonzalez
2727 4513 2789 4556 de
2810 4512 2981 4558 Villa-

511 4586 739 4641 oimpiez,
760 4585 821 4628 de
843 4585 935 4628 lite
955 4582 1169 4627 Romam
1185 4586 1413 4626 avocata
1431 4581 1572 4626 circa
1589 4582 1793 4625 domum
1809 4581 2085 4625 societatis
2102 4581 2664 4639 Caeni-augustanam,
2682 4586 2703 4628 1
2719 4585 2748 4638 J
2751 4587 2977 4641 annarii;

513 4659 580 4702 ab
606 4657 784 4701 eodem
803 4656 1007 4711 quaerit
1028 4654 1147 4709 qnid
1175 4652 1286 4697 fieri
1305 4652 1499 4698 Romae
1530 4654 1694 4706 possit
1728 4664 1762 4697 a
1793 4653 1986 4698 nostris
2015 4658 2071 4697 ut
2092 4653 2312 4699 Domina
2346 4655 2498 4701 Anna
2532 4655 2788 4702 Gonzalez
2808 4657 2980 4703 Roma

514 4730 734 4773 excedat
753 4733 806 4772 et
826 4728 877 4772 in
897 4726 1201 4782 Hispaniam
1220 4724 1400 4769 redeat
1417 4758 1428 4780 ,
1454 4726 1473 4768 1
1495 4724 1636 4769 Maii.
