3679 5414
1623 423 1754 514 Aa.
1796 422 1929 482 1551
2895 424 3009 486 349

534 578 615 633 ut
643 587 890 635 omnes
918 569 1006 633 de
1034 570 1350 651 peccatis
1390 568 1892 633 confiterentur
1930 578 2000 632 et
2038 568 2131 631 ad
2177 568 2702 633 sanctissimum
2742 568 3004 637 Christi

535 677 815 758 Corpus
844 676 1263 740 sumendum
1292 694 1369 740 se
1397 685 1935 758 praepararent.
1963 676 2153 740 Inter
2170 694 2307 740 eos
2336 677 2655 740 nonnulli
2683 688 2887 742 erant
2914 697 3005 743 ex

535 783 913 864 neophytis
943 784 1030 847 de
1060 800 1537 864 agarenorum
1563 793 1801 864 gente,
1850 784 1968 864 qui
1998 784 2215 847 etiam
2252 783 2560 849 confessi
2599 794 2785 864 sunt,
2840 786 3004 851 licet

529 890 1072 956 Sanctissimam
1121 891 1646 955 Eucharistiam
1695 909 1842 955 non
1879 890 2306 971 acceperint.
2350 890 2525 955 Erat
2571 900 2807 955 autem
2857 911 2998 956 ma·

531 1014 721 1079 gnus
750 1015 1018 1075 eorum,
1053 998 1175 1079 qui
1213 998 1288 1062 in
1328 1015 1620 1063 carcere
1656 999 2260 1077 custodiebantur,
2299 1015 2659 1078 numeruS,
2703 1008 2772 1062 et
2809 1000 3003 1081 pium

539 1107 676 1169 hoc
709 1123 912 1187 opus,
943 1113 1022 1169 ut
1051 1106 1431 1185 insolitum,
1468 1106 1567 1169 ita
1604 1106 1903 1170 multum
1943 1104 2457 1170 aedificationis,
2490 1114 2558 1169 et
2597 1105 3003 1171 admiratio·

535 1213 651 1277 nis
672 1213 947 1276 civitati
976 1212 1188 1276 dedit.
1222 1213 1520 1277 Curavit
1548 1220 1786 1276 autem
1807 1213 1999 1276 idem
2025 1212 2102 1276 P.
2135 1211 2369 1276 Miron
2395 1221 2474 1276 ut
2511 1214 3007 1294 eleemosynae

535 1338 583 1384 a
612 1319 748 1401 piis
776 1320 954 1384 viris
982 1320 1504 1399 conferrentur,
1540 1329 1617 1383 ut
1654 1320 1901 1384 diebus
1935 1318 2198 1401 jejunio
2224 1320 2478 1384 dicatis
2516 1320 2751 1384 cibum
2779 1321 3009 1386 vincti

537 1427 1001 1492 sufficientem
1026 1437 1098 1491 et
1127 1427 1468 1506 congruis
1496 1427 1931 1509 temporibus
1960 1434 2320 1491 sumentes
2342 1425 2660 1508 jejunare
2689 1436 3004 1508 possent;

537 1544 612 1600 et
648 1536 748 1598 ita
789 1535 862 1599 in
899 1544 1199 1615 utroque
1237 1535 1522 1598 homine
1559 1552 1686 1598 eos
1729 1543 1837 1598 est
1877 1535 2308 1598 consolatus.
2350 1534 2733 1614 Postquam
2772 1542 3009 1599 autem

538 1651 612 1706 et
639 1659 888 1706 eorum
917 1641 1400 1705 confessiones
1422 1650 1492 1705 et
1521 1641 2136 1705 reconciliationes
2159 1659 2201 1704 a
2224 1641 2487 1705 nostris
2511 1642 2792 1705 auditae
2816 1650 3009 1721 sunt,

536 1766 718 1831 quos
744 1748 1021 1813 duobus
1048 1749 1426 1829 postremis
1456 1748 1704 1813 diebus
1737 1748 1955 1830 aliqui
1983 1748 2300 1828 religiosi
2339 1748 2912 1828 praedicatorum
2941 1758 3011 1814 et

540 1857 896 1921 minorum
919 1855 1275 1936 juverunt,
1302 1865 1450 1921 tres
1472 1857 1729 1920 missas
1753 1855 2058 1919 diversis
2080 1856 2153 1919 in
2174 1856 2351 1919 locis
2376 1857 2822 1937 celebrandO,
2850 1873 3006 1921 san-

536 1964 935 2028 ctissimam
964 1963 1490 2028 Eucharistiam
1518 1963 1620 2027 eis
1641 1963 2030 2027 ministrari
2059 1963 2377 2027 curavit.-

662 2070 805 2135 378.
893 2071 1138 2136 Nostri
1162 2079 1534 2152 praeterea
1564 2070 1636 2133 in
1658 2069 2113 2151 monasteriO,
2141 2070 2331 2151 quod
2352 2070 2668 2150 Collegio
2692 2070 3019 2135 vicinum

542 2188 700 2242 erat
732 2177 1222 2257 (Hierusalem
1252 2177 1694 2256 vocabatur),
1719 2178 1930 2241 simul
1961 2195 2122 2240 cum
2159 2175 2235 2240 P.
2278 2176 2715 2258 Hieronymo
2754 2176 3009 2242 Dome-

543 2286 752 2361 nech,
787 2285 1353 2350 confessionibus
1376 2283 1747 2350 audiendis
1768 2285 2026 2349 dedere
2049 2302 2362 2365 operam.
2391 2284 2749 2348 Confluxit
2772 2293 3009 2350 autem

540 2394 635 2457 ad
665 2410 788 2456 eos
819 2393 998 2456 mira
1027 2392 1395 2456 hominum
1432 2391 1825 2455 multitudo.
1867 2392 2091 2455 Erant
2133 2392 2255 2472 qui
2283 2408 2442 2471 sex,
2488 2391 2762 2470 decem,
2808 2400 2880 2455 et
2907 2392 3008 2455 vi·

538 2501 726 2581 ginti
755 2499 1298 2591 annistconfessi
1324 2516 1472 2562 non
1511 2499 1824 2578 fuerant;
1860 2508 1929 2562 et
1966 2515 2096 2579 per
2124 2496 2260 2561 Dei
2297 2498 2609 2577 gratiam
2636 2499 2709 2561 in
2746 2499 2883 2562 hoc
2906 2497 3008 2579 ju·

539 2606 771 2672 bilaeo
802 2606 1073 2670 fructus
1101 2607 1435 2685 egregius
1465 2605 1537 2669 in
1575 2606 1834 2669 horrea
1863 2605 2151 2669 Domini
2193 2606 2458 2669 relatus
2487 2614 2616 2668 est.
2659 2604 2727 2668 A
2765 2605 3011 2685 quinta

541 2713 721 2779 hora
748 2724 910 2795 post
941 2715 1248 2778 mediam
1282 2722 1564 2777 noctem
1595 2713 1998 2777 inchoando
2030 2722 2256 2776 totum
2293 2713 2481 2777 diem
2518 2722 2588 2777 et
2631 2713 3011 2794 aliquando
3061 2788 3066 2793 ,
3126 2715 3134 2723 ’

539 2822 635 2886 ad
665 2824 960 2885 multam
990 2838 1211 2901 usque
1240 2830 1526 2896 noctem
1554 2819 1925 2884 audiendis
1953 2820 2517 2884 confessionibus
2553 2837 2818 2901 magna
2847 2838 3010 2884 cum

542 2929 1080 3011 perseverantia
1108 2929 1336 2992 nostri
1373 2928 1793 2992 confessarii
1836 2928 2214 3007 vacabant,
2258 2934 2329 2991 et
2367 2945 2529 2991 cum
2568 2928 2659 2991 ad
2704 2927 3012 2992 mediam

542 3053 765 3119 usque
796 3046 1079 3101 noctem
1108 3036 1203 3100 ibi
1230 3036 1526 3100 haerere
1555 3036 1732 3099 satis
1770 3053 1917 3098 non
1954 3044 2165 3114 esset,
2198 3043 2277 3098 ut
2314 3034 2679 3099 hominum
2717 3034 3008 3098 satisfie—

541 3155 655 3209 ret
684 3144 1138 3224 multitudini,
1172 3144 1583 3207 facultatem
1611 3162 1654 3205 a
1685 3140 2064 3223 Superiore
2093 3143 2427 3223 petebant
2455 3142 2529 3205 in
2557 3142 2694 3205 hoc
2723 3142 3011 3224 pietatis
3056 3187 3059 3190 Α

541 3250 774 3315 officio
803 3249 1301 3333 pernoctandi;
1334 3239 1662 3331 quamvis
1688 3267 1773 3312 ea
1803 3266 2148 3314 concessa
2176 3267 2318 3313 non
2346 3258 2477 3313 est.

663 3359 806 3422 379.
892 3358 970 3421 In
1009 3357 1880 3439 ultimaquadragesimae
1918 3357 2392 3436 hebdomada,
2436 3375 2567 3438 pro
2606 3373 2806 3420 more
2845 3356 3010 3420 civi·

543 3467 713 3530 tatis
755 3465 1206 3545 Valentinae,
1248 3464 1680 3544 meretriceS,
1717 3482 1899 3545 quae
1937 3464 2284 3546 plurimae
2313 3464 2411 3527 ibi
2447 3472 2640 3544 sunt,
2676 3464 2749 3527 in
2779 3465 3015 3527 locum

545 3574 922 3655 quemdam
967 3570 1237 3636 retrudi
1286 3581 1356 3635 et
1407 3571 1670 3635 includi
1712 3572 1978 3660 solent,
2019 3580 2096 3634 ut
2139 3572 2392 3635 saltem
2429 3589 2513 3634 eo
2566 3578 2713 3634 tam
2764 3579 3015 3634 sancto

544 3691 866 3760 tempore
895 3680 986 3743 ab
1018 3678 1304 3743 offensis
1341 3679 1482 3772 Dei
1516 3678 1938 3742 abstineant.
1985 3677 2413 3744 Conceditur
2451 3687 2519 3741 et
2560 3679 2697 3741 illis
2738 3677 3010 3759 praedi-

545 3798 772 3867 cator,
807 3796 885 3851 ut
925 3796 1223 3852 conetur
1252 3803 1379 3850 eas
1421 3804 1464 3849 a
1492 3786 1810 3868 peccatis
1851 3787 1943 3849 ad
1983 3787 2340 3850 saniorem
2379 3794 2689 3850 mentem
2723 3786 3011 3850 reduce·

545 3911 646 3960 re.
682 3896 762 3960 In
788 3895 926 3959 hac
955 3911 1130 3974 ergo
1154 3893 1447 3975 Jubilaei
1485 3894 1574 3957 ob
1610 3910 2033 3975 prosperum
2070 3892 2366 3959 Concilii
2406 3910 2818 3957 successum
2854 3910 3029 3984 pro--

544 4004 1016 4083 mulgatione,
1048 4010 1427 4083 postquam
1456 4001 1528 4065 in
1557 4001 1754 4064 illum
1781 4000 2015 4064 locum
2050 4001 2384 4065 redactae
2423 3991 2619 4080 sunt,
2661 3999 2737 4064 P.
2782 4000 3012 4065 Miron

544 4119 692 4174 tres
722 4109 1284 4190 integrashoras
1314 4109 1451 4172 illis
1480 4117 1589 4172 est
1618 4108 2104 4184 concionatuS,
2132 4118 2203 4171 et
2233 4116 2507 4171 tantum
2536 4108 2634 4171 illi
2663 4108 3016 4172 Dominus

543 4216 736 4280 dedit
774 4216 1082 4281 fervoris
1119 4225 1190 4280 et
1236 4216 1458 4280 verbo
1497 4216 1631 4279 Dei
1680 4224 1957 4279 tantum
2009 4215 2397 4292 efficaciae,
2445 4224 2520 4277 ut
2557 4215 2886 4279 undecim
2923 4233 3015 4279 ex

545 4323 706 4403 inis,
733 4334 802 4388 et
829 4326 1043 4406 paulo
1066 4333 1226 4405 post
1251 4332 1553 4404 quatuor
1582 4323 1764 4386 aliae
1795 4323 1869 4385 in
1899 4322 2038 4385 alia
2062 4323 2405 4386 concione
2436 4340 2578 4386 non
2601 4324 2834 4387 minus
2855 4340 3014 4404 pro·

547 4431 724 4512 lixa,
758 4450 801 4495 a
831 4433 1019 4514 turpi
1058 4431 1250 4496 vitae
1287 4447 1548 4511 genere
1589 4438 1975 4494 revocatae
2015 4431 2175 4493 sint.
2219 4430 2463 4510 Itaque
2502 4429 3017 4511 quindecimin'

546 4540 836 4604 domum
878 4540 970 4603 ad
1009 4538 1413 4619 huJ'usmodi
1449 4537 1951 4618 resipiscentes
1989 4537 2365 4601 Valentiae
2404 4539 2862 4603 constitutam
2901 4539 3016 4603 de·

547 4646 805 4711 ductae
837 4648 1153 4725 fuerunt,
1190 4644 1306 4709 ubi
1336 4645 1760 4710 Sacerdotes
1790 4645 2007 4726 aliqui
2048 4645 2410 4709 constituti
2452 4654 2645 4726 sunt,
2695 4646 2814 4728 qui
2854 4646 3014 4710 Mis·
