3679 5414
681 470 793 529 420
1613 466 1868 528 Cimon.
1912 466 2065 527 See.
2106 467 2246 541 J1-2s.

689 616 900 695 legia,
936 615 1236 692 scilicet,
1282 612 2066 692 Caesaraugustanum,
2108 613 2598 692 Valentinum,
2643 612 3047 679 Gandiense
3089 627 3161 680 et

688 722 1236 785 Barcinonense.

804 829 865 892 3.
953 827 1031 891 In
1063 827 1270 890 domo
1300 844 1602 890 romana
1632 836 1973 890 consueta
2003 827 2642 908 praedicationum,
2676 838 2744 892 et
2770 829 3157 894 lectionum

686 956 729 999 a
757 935 1057 1016 prandio
1088 935 1159 997 in
1191 935 1494 998 ecclesia
1525 934 1771 997 diebus
1797 933 2023 1013 festiS,
2059 933 2588 998 confessionum
2618 936 2832 999 etiam
2862 945 2932 999 et
2963 954 3155 1000 com·

682 1044 1092 1107 munionum
1122 1041 1512 1105 ministeria
1534 1057 1695 1103 eum
1719 1056 2176 1121 progressum
2201 1041 2575 1116 habebant,
2605 1052 2680 1106 ut
2702 1061 2792 1106 ne
2814 1045 3155 1124 templum

682 1152 911 1231 ipsum
941 1166 1196 1229 capere
1229 1148 1804 1212 concurrentium
1831 1147 2306 1228 frequentiam
2334 1150 2705 1212 commode
2728 1160 2990 1230 posset,
3018 1168 3156 1214 nec

681 1259 911 1322 nostri
947 1256 1371 1320 Sacerdotes
1409 1255 1732 1318 omnibus
1771 1254 2186 1317 satisfacere
2225 1256 2569 1319 valerent.
2615 1255 2723 1319 De
2774 1257 3154 1337 spirituali·

681 1366 812 1429 bus
843 1363 1211 1444 colloquiis
1241 1371 1311 1426 et
1341 1362 1498 1425 aliis
1527 1362 1888 1425 consuetis
1917 1362 2201 1441 pietatis
2240 1363 2574 1442 operibus
2616 1381 2732 1442 ea,
2776 1382 2956 1443 quae
3002 1382 3151 1429 sae-

684 1472 842 1553 pius
873 1471 1061 1534 dicta
1090 1471 1397 1547 fuerunt,
1429 1469 1501 1531 in
1529 1468 1666 1531 hoc
1697 1486 1884 1531 anno
1916 1468 2107 1531 dicta
2148 1468 2652 1548 intelligantur.
2696 1471 2784 1534 Et
2827 1473 3160 1551 quamvis

683 1596 918 1642 novae
948 1578 1268 1641 coloniae
1299 1576 1558 1639 missae
1588 1583 1752 1637 sunt
1782 1585 1852 1638 et
1889 1592 2033 1637 non
2071 1576 2282 1654 pauci
2323 1575 2414 1638 ad
2447 1575 2594 1656 J'am
2634 1577 2957 1641 instituta
2999 1577 3151 1641 Col-

682 1686 870 1766 legia
900 1685 1121 1759 missi,
1156 1701 1318 1747 cum
1348 1692 1585 1745 tamen
1615 1681 1815 1744 multi
1845 1681 2146 1744 Romam
2177 1682 2737 1761 admitterentur,
2771 1693 2841 1746 et
2871 1703 2961 1747 ex
2992 1686 3158 1748 aliis

683 1794 896 1856 etiam
918 1791 1311 1872 provinciis
1333 1789 1625 1852 admissi
1646 1805 1731 1851 eo
1755 1789 2223 1867 mitterentur,
2249 1789 2396 1852 sere
2414 1790 2790 1868 sexaginta
2815 1790 3008 1854 domi
3029 1810 3151 1854 no·

683 1910 874 1963 strae
907 1898 1341 1975 habitabant,
1377 1906 1447 1959 et
1478 1896 1632 1976 ipsa
1662 1894 2038 1958 multitudo
2070 1898 2673 1960 succrescentium
2712 1897 3011 1961 fratrum
3056 1899 3147 1962 ad

681 2024 911 2070 novas
941 2005 1258 2069 colonias
1288 2002 1741 2067 deducendas
1781 2003 2103 2080 urgebat.

799 2112 860 2176 4.
950 2113 1027 2176 In
1056 2112 1374 2191 Collegio
1403 2109 1727 2174 Romano
1757 2127 2094 2172 numerus
2124 2109 2197 2171 in
2227 2110 2379 2173 dies
2421 2111 2816 2191 augebatur
2839 2162 2853 2190 ,
2898 2131 3059 2177 cum
3101 2132 3144 2176 a

680 2220 890 2284 domo
919 2219 1237 2299 professa
1262 2217 1618 2298 Juventus,
1656 2234 1836 2297 quae
1868 2216 2165 2295 probata
2196 2226 2373 2296 erat,
2409 2218 2481 2279 in
2521 2218 2690 2281 illud
2720 2220 3137 2297 mitteretur;

680 2327 864 2391 unde
892 2328 1189 2390 multum
1216 2324 1597 2388 admodum
1627 2323 2105 2403 collegialium
2134 2341 2471 2387 numerus
2504 2326 2870 2405 crevisset,
2899 2328 3038 2390 nisi
3060 2347 3149 2390 ex

681 2454 764 2498 eo
792 2435 1165 2497 missiones
1187 2433 1449 2495 multae
1472 2431 1709 2495 factae
1729 2431 2060 2508 fuissent3
2087 2439 2155 2492 et
2179 2431 2282 2493 sic
2308 2432 2508 2494 initio
2532 2432 2738 2513 huJus
2769 2435 2959 2512 anni,
2989 2451 3149 2498 cum

680 2542 889 2621 paulo
922 2550 1086 2603 ante
1112 2539 1560 2602 florentinum
1582 2546 1650 2601 et
1675 2537 2206 2617 neapolitanum
2230 2537 2623 2619 Collegium
2647 2540 2864 2603 missa
2889 2550 3150 2621 essent,

679 2647 934 2728 viginti
965 2647 1269 2729 quinque
1300 2646 1708 2725 collegiales
1738 2645 1896 2726 plus
1925 2644 2157 2707 minus
2187 2654 2411 2709 erant.
2979 2662 2982 2667 ·

800 2756 862 2818 5.
949 2754 1133 2818 Inter
1165 2771 1320 2833 eOS,
1353 2754 1474 2833 qui
1512 2753 1585 2815 in
1622 2752 1979 2816 Societate
2025 2761 2189 2816 sunt
2229 2753 2524 2816 admissi
2562 2755 2696 2817 hoc
2738 2773 2924 2818 anno
2969 2773 3154 2820 unus

678 2862 809 2925 fuit
860 2861 1017 2925 D.0r
1054 2860 1404 2924 Martinus
1444 2859 1700 2935 Olave,
1743 2860 1858 2922 vir
1895 2859 2289 2922 eruditione
2329 2861 2564 2923 clarus
2607 2871 2676 2924 et
2714 2862 2891 2925 bene
2941 2859 3154 2926 not'us

677 2969 992 3048 ParisiiS,
1028 2968 1145 3032 ubi
1173 2967 1478 3048 gradum
1508 2967 1823 3030 doctoris
1854 2966 1924 3029 in
1956 2966 2350 3046 Theologia
2376 2977 2806 3049 susceperat,
2843 2970 2968 3033 sed
2998 2970 3150 3051 eJus

678 3077 904 3156 pietas
934 3075 1324 3140 eruditione
1356 3075 1618 3137 clarior
1646 3083 1824 3153 erat,
1860 3082 1929 3136 et
1959 3090 2120 3136 cum
2142 3072 2292 3154 Jam
2326 3073 2448 3138 diu
2472 3075 2563 3137 ad
2586 3076 3009 3155 perfectiora
3033 3077 3154 3140 ad·

678 3185 1037 3264 spirasset,
1075 3183 1322 3246 relicta
1351 3181 1808 3262 Imperatoris
1838 3179 2077 3243 Caroli
2108 3182 2337 3261 curia,
2373 3183 2489 3245 cui
2517 3183 2589 3244 in
2630 3182 2858 3246 officio
2902 3183 3146 3265 Capel-

678 3291 821 3354 lani
867 3290 1323 3364 inserviebat,
1367 3287 1731 3367 Dilingam
1770 3287 1862 3350 ad
1893 3286 2253 3367 juvandos
2292 3288 2691 3352 Cardinalis
2733 3291 3142 3370 Augustani

677 3399 833 3479 pios
865 3406 1164 3460 conatus
1204 3396 1276 3458 in
1316 3395 1756 3460 institutione
1795 3394 1907 3456 sui
1947 3393 2242 3475 Collegii
2280 3404 2350 3459 et
2387 3396 2888 3461 Universitatis
2928 3398 3149 3462 Dilin·

676 3504 919 3584 gensis
950 3521 1025 3566 se
1057 3502 1484 3579 contulerat,
1521 3509 1589 3563 et
1618 3499 1780 3563 inde
1810 3501 1902 3563 ad
1946 3500 2340 3565 Concilium
2378 3502 2867 3568 Tridentinum
2910 3506 3000 3568 ab
3038 3524 3146 3568 eo-

679 3611 840 3674 dem
870 3608 1234 3674 Cardinali
1264 3608 1523 3670 missus
1552 3607 1812 3687 optime
1844 3607 1914 3669 in
1938 3608 2148 3670 rebus
2170 3609 2654 3689 gravissimis,
2683 3629 2864 3691 quae
2889 3612 2984 3674 ibi
3007 3621 3145 3674 tra·

677 3717 1077 3795 ctabantur,
1114 3733 1191 3778 se
1219 3715 1477 3794 gessit,
1511 3723 1582 3777 et
1621 3730 1782 3776 cum
1810 3732 1955 3777 non
1992 3715 2248 3777 minori
2287 3717 2732 3796 eloquentiae
2771 3735 2985 3799 quam
3026 3718 3144 3782 do-

675 3826 945 3889 ctrinae
996 3833 1066 3887 et
1104 3822 1539 3902 integritatis
1580 3822 1786 3884 laude
1835 3839 1963 3885 suo
2006 3839 2296 3886 munere
2337 3823 2745 3905 defunctUS,
2789 3825 3145 3890 dissoluto

674 3933 1021 4011 Concili0,
1056 3929 1357 3994 Romam
1386 3930 1478 3992 ad
1507 3926 1938 3992 Societatem
1970 3947 2046 3992 se
2077 3931 2377 3993 contulit
2413 3930 2452 3990 ¹.

788 4040 849 4102 6.
937 4040 1045 4103 Ex
1075 4037 1419 4117 Hispania
1447 4036 1663 4098 etiam
1695 4035 1768 4099 P.
1804 4036 2114 4119 Jacobus
2136 4036 2222 4100 de
2246 4037 2568 4101 Guzman
2594 4057 2757 4102 cum
2778 4039 2854 4102 P.
2890 4039 2976 4103 D.
3010 4039 3148 4104 Ga·

672 4163 883 4227 spare
913 4146 1172 4209 Loarte
1203 4160 1363 4206 cum
1393 4143 1611 4204 animi
1634 4142 1743 4204 sui
1772 4144 2215 4222 propositum
2243 4162 2329 4207 ac
2358 4147 2811 4210 vocationem
2832 4146 2907 4209 P.
2935 4146 3136 4226 Igna·

669 4255 767 4317 tio
797 4269 922 4333 per
951 4251 1222 4315 litteras
1251 4249 1760 4327 declarassent,
1795 4267 1919 4312 eos
1950 4248 2233 4313 admisit
2265 4260 2333 4313 et
2362 4235 2665 4316 Romam
2708 4254 2955 4316 venire
2985 4271 3137 4334 per·

669 4361 882 4438 misit,
917 4359 976 4422 si
1006 4356 1096 4421 ad
1129 4357 1447 4437 ipsorum
1474 4356 2037 4418 consolationem
2070 4356 2140 4419 id
2167 4356 2462 4431 faceret;
2510 4360 2697 4439 quod
2729 4360 2848 4438 illi,
2884 4377 3135 4440 parum

667 4468 738 4530 in
768 4465 1112 4545 Hispania
1141 4463 1432 4540 versati,
1465 4462 1817 4542 fecerunt,
1855 4464 2182 4542 quamvis
2213 4464 2405 4544 optio
2447 4464 2716 4528 eisdem
2746 4475 2931 4530 esset
2978 4466 3146 4530 data

749 4711 766 4739 ¹
824 4706 890 4749 V.
912 4706 1048 4750 infra
1068 4706 1162 4748 sub
1182 4716 1232 4747 n.
1259 4703 1357 4746 1⁴0.
