3679 5414
703 486 813 544 226
1626 483 1882 542 Cflnox.
1923 483 2075 543 Soc,
2116 483 2256 556 Jsss.

706 631 1009 711 fuerunt,
1042 631 1152 694 vir
1182 629 1467 710 quidam
1497 639 1673 709 erat,
1697 647 1926 710 quem,
1952 647 2112 693 cum
2136 630 2602 693 scholasticus
2632 631 2918 710 quidam
2940 650 3028 694 ex
3050 650 3182 694 no-

708 739 874 802 stris
923 739 1157 818 specie
1206 739 1603 801 truculenta
1641 747 1710 800 et
1751 737 1975 801 oculis
2020 755 2105 800 ac
2153 736 2385 800 fronte
2436 737 2748 800 animum
2798 737 3167 802 efferatum

704 846 1049 926 prodente
1100 845 1395 908 intuitus
1444 854 1659 923 esset,
1716 843 1807 907 ad
1846 852 2131 907 nostros
2179 861 2339 907 eum
2374 844 2715 922 'deduxit3
2759 863 2968 925 quem
3007 863 3168 909 cum

705 952 1146 1040 familiariter
1178 971 1262 1015 ac
1292 951 1595 1031 benigne
1625 951 1849 1015 nostri
1893 952 2439 1032 alloquerentur,
2484 951 2718 1014 fassus
2761 962 2899 1031 est,
2945 953 3167 1032 pridie

705 1059 854 1140 ejus
885 1059 1023 1124 diei
1063 1077 1139 1122 se
1176 1068 1603 1122 tormentum
1648 1058 1976 1122 bellicum
2023 1059 2096 1120 in
2136 1057 2429 1121 fratrem
2480 1075 2684 1121 suum
2712 1077 3163 1136 exonerasse,

706 1168 868 1248 quia
899 1166 1403 1245 concubinam,
1438 1182 1653 1247 quam
1680 1164 1799 1228 diu
1830 1165 1983 1245 ipse
2010 1167 2203 1228 laute
2233 1166 2609 1244 nutrierat,
2653 1164 2820 1229 dum
2859 1167 3162 1244 abesset,

705 1284 1206 1354 usurpaverat,
1238 1284 1306 1336 et
1337 1272 1523 1353 quod
1553 1290 1693 1335 non
1723 1271 2071 1334 effecisset
2103 1272 2222 1335 illo
2252 1272 2398 1336 ictu
2428 1272 2891 1352 bombardae,
2919 1291 2997 1336 se
3026 1275 3164 1337 alia

703 1381 978 1444 ratione
1030 1380 1427 1458 curavisse,
1477 1378 1758 1442 cuidam
1799 1379 2066 1450 homini
2107 1378 2258 1458 eJus
2303 1379 2673 1442 occidendi
2721 1380 3164 1459 provinciam

703 1486 1218 1551 demandando.
1255 1487 1598 1549 Retentus
1642 1486 1754 1549 vir
1794 1485 1911 1548 hic
1953 1484 2141 1548 domi
2180 1504 2307 1565 per
2345 1486 2612 1566 aliquot
2654 1485 2871 1549 horas
2900 1487 3164 1549 multis-

702 1613 840 1675 que
872 1594 1267 1657 rationibus
1304 1602 1710 1656 nostrorum
1751 1593 2126 1672 emollituS,
2161 1592 2367 1656 etad
2407 1593 2787 1656 ineundam
2828 1611 2988 1657 cum
3026 1593 3177 1658 fra-⁴

700 1710 809 1764 tre
838 1718 1089 1781 pacem
1119 1711 1543 1780 commotuS,
1576 1701 1680 1762 sic
1710 1699 2064 1763 feritatem
2109 1699 2325 1762 animi
2370 1709 2658 1780 repente
2697 1700 3017 1780 deposuit
3063 1712 3158 1780 ut,

702 1817 1002 1871 evocato
1035 1808 1281 1871 eodem
1311 1808 1423 1870 die
1452 1807 1703 1885 fratre,
1738 1824 1884 1870 non
1914 1806 2065 1870 sine
2095 1808 2431 1887 lacrymis
2459 1825 2602 1887 pax
2632 1808 2816 1870 inter
2838 1825 2963 1870 eos
2991 1808 3162 1872 inita

700 1916 951 1994 fuerit3
986 1924 1235 1995 postea
1265 1914 1631 1977 confessus
1673 1923 1779 1978 est
1808 1914 1993 1994 ipse,
2028 1914 2177 1994 qui,
2212 1931 2375 1976 cum
2405 1914 2846 1994 trigesimum
2876 1915 3163 1978 tertium

700 2040 965 2087 annum
1012 2023 1418 2100 excederet,
1472 2038 1834 2101 nunquam
1873 2038 1950 2083 se
1994 2020 2395 2084 confessum
2436 2038 2591 2084 esse
2631 2021 2931 2084 dicebat.
2974 2021 3160 2085 Inter

700 2130 877 2193 alios
907 2146 1185 2209 quoque
1215 2129 1421 2205 duos,
1455 2145 1795 2208 generum
1824 2135 1894 2190 et
1920 2145 2275 2205 socerum,
2310 2128 2429 2208 qui
2460 2137 2759 2207 quatuor
2791 2129 2995 2191 annis
3026 2129 3155 2191 ini·

698 2236 1003 2300 micitias
1032 2245 1500 2299 exercuerant
1530 2245 1599 2298 et
1628 2251 1848 2314 gener
1873 2251 2199 2298 socerum
2224 2235 2545 2297 occidere
2570 2243 2990 2314 tentaverat,
3019 2253 3161 2315 pax

699 2351 805 2407 est
831 2343 1059 2422 facta3
1093 2343 1195 2406 sic
1225 2353 1293 2405 et
1323 2343 1474 2421 alii,
1520 2361 1608 2405 ne
1653 2343 1727 2405 in
1767 2342 2065 2421 singulis
2104 2342 2459 2421 immorer,
2508 2343 2722 2406 etiam
2766 2360 2929 2406 cum
2967 2360 3158 2405 mors

699 2450 1238 2530 conjunctorum
1276 2450 1368 2512 ad
1405 2451 1740 2513 ultionem
1780 2449 2214 2529 exagitaret,
2262 2467 2422 2512 cum
2462 2466 2724 2528 magna
2763 2450 3158 2512 animorum

698 2558 1083 2621 mutatione
1115 2558 1298 2620 inter
1325 2575 1401 2620 se
1431 2557 1871 2620 reconciliati
1901 2565 2086 2619 sunt.
2119 2557 2307 2620 Inter
2338 2557 2467 2619 hos
2497 2559 2634 2620 duo
2664 2557 2979 2634 fuerunt,
3014 2557 3156 2637 qui·

695 2665 826 2728 bus
847 2663 968 2727 filii
992 2663 1208 2727 occisi
1229 2663 1530 2743 fuerant,
1558 2663 1677 2743 qui
1700 2664 1821 2727 diu
1845 2663 2108 2727 nostris
2134 2664 2554 2743 rogantibus
2575 2663 3001 2742 restiterant,
3030 2663 3156 2727 sed

696 2772 981 2835 tandem
1019 2770 1368 2835 Dominus
1406 2789 1652 2835 eorum
1680 2772 1902 2834 corda
1934 2771 2321 2834 commovit
2351 2771 2441 2833 ad
2473 2771 2752 2834 veniam
2793 2772 3156 2834 occissori·

694 2879 825 2942 bus
853 2877 1277 2957 donandam,
1325 2889 1394 2941 et
1424 2879 1973 2956 confessionem,
2011 2897 2054 2941 a
2102 2896 2239 2958 qua
2276 2878 2514 2941 multis
2552 2879 2755 2941 annis
2807 2878 3152 2941 abstinue-

695 2995 887 3065 rant,
931 2985 1465 3064 instituendam;
1520 2988 1699 3049 alter
1746 2985 2000 3048 horum
2046 2984 2194 3065 Jam
2237 2985 2414 3048 duos
2451 3003 2677 3048 annos
2716 2986 2782 3047 in
2839 2986 3157 3048 oratione

695 3092 1050 3156 dominica
1079 3102 1357 3172 partem
1390 3094 1580 3155 illam
1601 3093 2043 3172 relinquebat
2073 3090 2350 3154 dimitte
2380 3091 2605 3169 nobis,
2628 3097 2753 3154 etc.
2770 3141 2785 3166 ,
2807 3091 2995 3153 sicut
3023 3108 3157 3153 nos

695 3199 1145 3263 dimittimus
1180 3199 1546 3278 Quaedam
1570 3197 1975 3278 juvencula,
2006 3217 2184 3280 quae
2208 3198 2544 3278 turpidini
2567 3200 2788 3261 vitam
2811 3215 3012 3261 suam
3036 3198 3150 3261 ad·

696 3307 993 3386 dixerat,
1028 3316 1097 3370 et
1127 3306 1261 3369 Dei
1291 3307 1724 3386 benignitate
1763 3306 2060 3370 liberata
2097 3324 2182 3369 ac
2211 3306 2458 3386 nuptui
2488 3306 2779 3384 tradita,
2814 3306 2906 3369 ad
2933 3305 3154 3367 vomi-

695 3424 841 3476 tum
872 3413 1201 3493 redierat,
1236 3414 1339 3476 sic
1368 3412 1460 3475 ad
1490 3430 1615 3475 cor
1641 3412 1873 3490 rediit,
1917 3421 1993 3475 ut
2034 3413 2325 3476 Beatam
2368 3412 2865 3492 Magdalenam
2894 3411 3156 3474 imitari

695 3520 1076 3599 videretur,
1120 3530 1187 3583 et
1227 3518 1317 3582 ad
1357 3520 1876 3583 confessionem
1917 3538 2003 3583 ac
2048 3520 2611 3584 communionem
2661 3520 2908 3582 crebro
2958 3536 3156 3594 acce·

694 3626 923 3690 dendo
954 3627 1272 3690 habitum
1300 3627 1492 3691 tertii
1520 3626 1787 3690 ordinis
1816 3626 1904 3689 D.
1951 3627 2322 3690 Francisci
2362 3627 2604 3690 induit.
2650 3626 2813 3689 Alia
2851 3626 3156 3706 plurima

693 3731 846 3811 ejus
872 3734 1157 3812 generis
1186 3734 1458 3812 omitt0,
1504 3733 1669 3813 quia
1709 3734 1821 3797 his
1851 3734 2113 3797 similia
2154 3744 2346 3810 sunt;
2380 3734 2580 3798 multi
2608 3750 2901 3813 prorsus
2931 3752 2974 3796 a
3003 3750 3154 3812 pes-

693 3841 872 3904 simo
901 3850 1093 3904 statu
1119 3841 1532 3904 recedentes
1561 3840 1654 3904 ad
1683 3841 1936 3905 salutis
1966 3842 2163 3904 viam
2194 3851 2357 3905 sunt
2386 3842 2696 3905 adducti.

817 3948 952 4010 135.
1039 3948 1116 4011 In
1146 3948 1609 4012 familiaribus
1638 3948 2010 4029 colloquiis
2044 3949 2245 4012 multi
2272 3958 2436 4012 sunt
2466 3947 2718 4029 adjuti,
2752 3966 2896 4012 non
2925 3949 3154 4010 solum

690 4053 764 4116 in
791 4053 1255 4135 hospitalibus
1284 4064 1352 4118 et
1382 4055 1719 4119 custodiis
1760 4055 2093 4136 publiciS,
2137 4056 2271 4119 sed
2322 4065 2391 4119 et
2440 4056 2562 4119 alii
2609 4056 2846 4131 etiam,
2902 4054 3022 4136 qui
3064 4054 3154 4117 ad

692 4160 1208 4225 confessionem
1240 4171 1644 4225 nostrorum
1686 4161 2271 4243 persuasionibus
2308 4162 2862 4241 adducebantur;
2900 4162 3020 4242 qui
3050 4171 3150 4226 ta·

690 4287 851 4333 men
879 4269 1016 4332 hoc
1051 4269 1465 4361 piscationis
1503 4286 1731 4349 genus
1761 4270 1929 4349 (hoc
1960 4269 2147 4332 enim
2184 4287 2442 4333 nomen
2479 4269 2552 4331 in
2590 4288 2674 4332 eo
2712 4270 2829 4349 pio
2866 4252 3163 4348 negotio*

691 4376 1158 4456 usurpabant)
1190 4377 1513 4440 omittere
1542 4377 1966 4455 debuerunt,
2000 4377 2167 4457 quia
2197 4386 2342 4441 tam
2372 4377 2575 4440 multi
2613 4385 2863 4456 sponte
2902 4393 3030 4438 sua
3063 4375 3155 4437 ad

689 4481 1205 4546 confessionem
1237 4483 1718 4563 confluebant,
1750 4493 1826 4547 ut
1856 4483 2101 4547 diebus
2129 4482 2327 4548 festis
2357 4502 2441 4547 ac
2471 4483 2846 4547 dominicis
2876 4501 2918 4545 a
2946 4498 3154 4545 mane

659 4606 907 4668 ·usque
939 4589 1030 4652 ad
1059 4606 1434 4669 vesperam
1476 4590 1546 4652 in
1585 4589 2149 4654 confessionibus
2187 4599 2724 4671 occuparentur.
2759 4589 3153 4667 Aegrotum

682 4694 1065 4773 quemdam
1099 4695 1410 4758 invisere
1437 4697 1662 4759 nostri
1690 4698 1927 4775 roga-ti
1954 4705 2148 4773 sunt,
2193 4698 2315 4777 qui
2345 4696 2496 4777 jam
2523 4696 2900 4760 duodecim
2929 4712 3162 4759 annos
