3679 5414
1569 452 1697 511 AN.
1744 453 1883 512 1550
2886 453 2955 510 17

493 601 617 664 sed
642 600 887 663 officiis
912 600 1268 663 amicitiae
1290 610 1359 662 et
1382 598 1773 678 charitatis,
1802 597 1990 678 quod
2012 607 2323 661 erratum
2345 597 2598 676 suerat,
2627 615 2952 679 compen-

493 726 654 771 sare
683 708 1105 775 studuerunt
1141 705 1179 768 ¹.

614 816 711 877 31.
796 813 956 896 Jam
988 814 1149 875 inde
1179 813 1267 874 ab
1298 829 1493 901 anno!
1514 812 1901 891 praeterito
1932 811 2217 873 domum
2239 828 2398 873 cum
2422 812 2724 874 ecclesia
2748 821 2956 875 extra

494 939 733 985 muros
781 921 1096 984 civitatis
1133 919 1567 999 Tyburtinae
1597 917 1919 981 Societas
1947 918 2273 997 habebat,
2308 936 2519 997 quam
2547 919 2955 981 Ludovicus

495 1029 583 1091 de
613 1028 952 1091 Mendoza
980 1035 1235 1107 sponte
1264 1043 1395 1088 sua
1425 1026 1497 1088 in
1525 1024 1902 1088 Societatis
1934 1042 2141 1087 usum
2165 1026 2679 1104 resignaverat3
2707 1035 2776 1089 et
2800 1026 2957 1105 ipso

494 1135 606 1198 die
653 1133 1065 1198 Nativitatis
1116 1134 1192 1196 B.
1250 1132 1593 1211 VirginiS,
1648 1140 2030 1211 postquam
2075 1132 2146 1193 in
2188 1131 2436 1194 eodem
2486 1133 2744 1212 templo
2796 1150 2958 1196 cum

492 1241 981 1306 aedificatione
1047 1241 1243 1303 urbis
1308 1240 1805 1303 concionatum
1873 1246 2062 1300 esset
2109 1246 2195 1300 ‘et
2263 1256 2423 1301 cum
2486 1239 2673 1301 idem
2729 1240 2958 1303 Ludo-

492 1350 694 1412 vicus
723 1348 810 1411 de
839 1347 1184 1411 Mendoza
1225 1348 1625 1427 complures
1668 1364 1759 1408 ex
1809 1344 2237 1426 primoribus
2275 1346 2469 1408 urbis
2510 1347 2601 1409 ad
2637 1347 2958 1410 resectio-

490 1474 655 1519 nem
685 1456 898 1519 etiam
929 1456 1372 1535 corporalem
1400 1453 1796 1532 invitasset,
1824 1452 2073 1514 eodem
2097 1452 2207 1515 die
2239 1462 2598 1533 tamquam
2622 1452 2964 1517 Societati

494 1562 860 1644 proprium
888 1565 1121 1624 locum
1150 1562 1345 1624 illum
1372 1560 1735 1641 possidere
1767 1559 2000 1640 coepit
2021 1559 2363 1636 SocietaS,
2390 1560 2508 1640 qui
2534 1562 2959 1641 contempla·

493 1670 668 1733 tioni
697 1679 766 1731 et
797 1668 1223 1731 recreationi
1251 1668 1472 1731 etiam
1504 1667 1803 1730 idoneus
1834 1666 2229 1730 videbatur.
2663 1649 2670 1660 ⁶

617 1776 716 1839 32.
805 1776 993 1839 Inter
1022 1792 1320 1855 pauc05,
1350 1775 1467 1855 qui
1493 1792 1577 1837 eo
1600 1775 1798 1836 missi
1820 1774 2135 1853 fuerunt,
2167 1774 2298 1837 suit
2327 1774 2630 1837 Michael
2663 1774 2957 1853 Ochioa‚

498 1900 873 1962 navarruS,
907 1883 1027 1962 qui
1055 1891 1123 1945 et
1155 1880 1641 1944 concionando
1672 1892 1741 1944 et
1774 1881 2169 1944 doctrinam
2208 1881 2669 1944 christianam
2708 1883 2956 1944 docen-

497 1989 613 2067 do,
645 1997 1014 2069 tantopere
1053 1988 1416 2051 civitatem
1458 1987 1874 2065 commovit,
1917 1997 1992 2049 ut
2032 1988 2234 2050 multi
2270 2006 2356 2050 ex
2396 2005 2503 2066 ea,
2539 2006 2701 2051 cum
2729 1991 2959 2052 nullos

496 2097 666 2160 dum
697 2096 980 2158 ordines
1010 2112 1257 2157 sacros
1286 2093 1609 2172 haberet,
1653 2095 1914 2157 vellent
1955 2095 2019 2157 ei
2051 2094 2400 2170 confiteri;
2434 2113 2675 2176 quare,
2719 2106 2795 2158 ut
2824 2096 2960 2176 piis

499 2205 882 2267 multorum
912 2201 1279 2265 desideriis
1318 2201 1515 2264 fieret
1557 2202 1760 2280 satiS,
1805 2201 1897 2263 ad
1935 2202 2410 2264 sacerdotium
2453 2203 2858 2282 promoveri
2899 2203 2962 2265 is

502 2310 768 2388 debuit,
821 2318 891 2371 et
937 2317 1304 2389 promotus
1352 2309 1733 2371 multorum
1772 2307 2256 2370 confessiones
2305 2308 2604 2387 audivit,
2649 2310 2765 2390 qui
2806 2307 2960 2389 ejus

503 2432 720 2496 opera
751 2415 957 2478 valde
988 2415 1418 2495 indigebant.
1456 2415 1627 2477 Erat
1651 2416 1836 2477 enim
1860 2414 1978 2494 qui
1999 2416 2072 2476 in
2093 2415 2410 2494 pluribus
2435 2433 2644 2495 quam
2666 2416 2959 2496 triginta

503 2522 708 2585 annis
738 2523 955 2585 semel
982 2532 1258 2585 tantum
1288 2521 1656 2583 confessus
1682 2521 1934 2599 fuerat;
1968 2531 2038 2584 et
2076 2521 2194 2583 alii
2234 2524 2530 2584 multum
2569 2524 2826 2602 diuque
2869 2525 2959 2586 ab

504 2629 640 2692 hoc
670 2638 1116 2692 sacramento
1147 2629 1668 2706 abstinuerant,
1702 2644 1832 2689 nec
1864 2627 2147 2707 Tybure
2178 2636 2483 2707 tantum,
2517 2622 2650 2691 'sed
2689 2630 2760 2692 in
2802 2630 2959 2693 aliis

498 2738 714 2801 etiam
753 2737 1009 2800 vicinis
1049 2737 1225 2799 locis
1264 2745 1333 2799 et
1373 2735 1670 2798 verbum
1709 2734 1844 2797 Dei
1883 2752 2043 2797 cum
2081 2735 2316 2798 fructu
2360 2744 2428 2798 et
2469 2736 2960 2800 aedificatione

489 2844 956 2926 praedicavit,
990 2853 1059 2907 et
1089 2861 1214 2924 per
1245 2843 1714 2906 confessionis
1744 2852 2270 2905 sacramentum
2299 2846 2557 2906 multos
2581 2862 2623 2906 a
2645 2841 2961 2924 peccatis

490 2951 830 3033 expiavit.
868 2950 1131 3014 Addita
1161 2959 1323 3014 sunt
1354 2950 1570 3013 etiam
1600 2949 1689 3012 ab
1720 2966 1828 3028 e0,
1860 2949 1980 3029 qui
2001 2949 2235 3012 locum
2264 2949 2580 3027 dederat,
2609 2951 2959 3029 quaedam

495 3057 818 3121 aedificia
847 3069 922 3121 ut
952 3055 1203 3136 majori
1232 3074 1394 3119 cum
1424 3055 1926 3120 commoditate
1957 3055 2212 3118 ibidem
2243 3056 2548 3119 habitari
2576 3057 2819 3136 possit.
2857 3057 2958 3119 In·

495 3177 607 3229 ter
633 3175 915 3228 caetera
945 3173 1183 3227 autem
1204 3165 1484 3244 pietatis
1509 3180 1748 3245 opera,
1778 3163 1950 3226 illud
1981 3179 2414 3242 magnopere
2439 3165 2962 3226 commendavit

497 3271 783 3335 Patrem
812 3271 1250 3350 Michaelem,
1278 3272 1464 3351 quod
1492 3272 1729 3349 gratia
1759 3270 2152 3333 sanitatum
2176 3287 2216 3330 a
2241 3267 2547 3332 Domino
2568 3270 2955 3350 praedituS,

498 3379 817 3441 oratione
842 3389 909 3441 et
933 3394 1184 3440 manus
1199 3377 1642 3457 impositione
1662 3386 2120 3456 aegrotantes
2137 3377 2536 3457 complures
2554 3387 2960 3456 curaverat,

499 3497 647 3549 tam
675 3503 765 3547 ex
795 3484 1205 3580 Tyburtinis
1235 3501 1446 3563 quam
1475 3502 1564 3545 ex
1589 3483 1900 3546 finitimis
1923 3485 2122 3562 lociS,
2150 3484 2269 3563 qui
2292 3484 2407 3545 vel
2431 3483 2520 3546 ad
2545 3459 2826 3547 animae
2849 3487 2964 3548 vel

500 3591 819 3672 corporis
869 3592 1247 3654 sanitatem
1276 3590 1755 3671 quaerendam
1779 3590 1870 3652 ad
1900 3608 2061 3653 eum
2091 3590 2536 3654 confluebant
2567 3602 2636 3653 et
2675 3610 2803 3673 per
2831 3591 2964 3654 Dei

500 3699 811 3778 gratiam
839 3698 1114 3778 utrique
1146 3697 1392 3759 morbo
1421 3696 1810 3759 remedium
1839 3697 2295 3759 inveniebant
2324 3696 2370 3759 ⁹.

589 3902 604 3933 ¹
662 3901 929 3954 Poiancus,
965 3912 1031 3944 ex
1059 3902 1465 3953 commissione,
1501 3899 1740 3943 Patribus
1772 3899 1983 3955 Laynez
2017 3906 2069 3943 et
2103 3900 2425 3952 Domenech,
2464 3903 2524 3945 de
2561 3902 2727 3946 turbis
2774 3902 2966 3947 Romae

504 3977 718 4027 propter
739 3973 1017 4016 admissum
1049 3972 1098 4015 in
1132 3971 1448 4015 Societatem
1476 3970 1693 4015 Lucium
1725 3970 1888 4013 Croce
1917 3971 2183 4024 excitatis;
2218 3973 2278 4015 de
2315 3973 2679 4017 intercessione
2709 3973 2971 4027 Pro-regis

504 4043 729 4097 Siciliae,
763 4042 1006 4087 Caesarei
1040 4042 1275 4088 Oratoris
1309 4045 1359 4087 in
1395 4043 1552 4086 Curia
1583 4053 1814 4095 romana,
1837 4047 1891 4085 et
1912 4042 2070 4096 ipsius
2091 4042 2284 4086 Summi
2307 4043 2588 4097 pontilicis,
2619 4045 2648 4087 8
2681 4044 2968 4088 Februarii.

502 4115 650 4159 Idem
669 4113 890 4170 Laynez.
923 4115 1044 4169 quid
1071 4115 1124 4157 in
1158 4126 1313 4158 causa
1347 4113 1492 4158 Lucii
1529 4113 1691 4157 Croce
1726 4119 1902 4156 actum
1931 4114 2016 4164 sit,
2045 4113 2098 4157 22
2119 4112 2407 4158 Februarii.
2439 4114 2580 4158 Idem
2612 4115 2773 4159 Lucio
2795 4115 2970 4164 Croce.

504 4186 881 4229 consolatoriae
901 4185 1127 4238 litterae,
1151 4185 1326 4228 eadem
1347 4185 1445 4229 die.
1470 4184 1610 4227 idem
1645 4184 1791 4228 Patri
1827 4182 2037 4240 Laynez
2067 4184 2127 4227 de
2163 4185 2341 4227 eodem
2375 4184 2551 4237 Lucio,
2575 4187 2693 4239 quid
2717 4185 2971 4240 Episcopo

503 4255 793 4313 Tyburtino
825 4266 857 4298 a
890 4255 1096 4299 Summo
1131 4256 1374 4300 Pontifice
1404 4256 1473 4299 sit
1503 4266 1821 4309 responsum,
1856 4260 1907 4298 et
1944 4256 2038 4298 hoc
2073 4256 2335 4309 negotium
2365 4256 2572 4299 tandem
2608 4256 2971 4302 cardinalibus

501 4326 810 4383 quibusdam
830 4338 939 4370 esse
962 4327 1301 4382 commissum,
1336 4329 1363 4370 8
1383 4328 1574 4372 Martii.
1605 4327 1747 4371 Idem
1779 4326 2018 4371 MIchaeIi
2057 4327 2246 4377 Ochoa.
2280 4328 2545 4384 Tyburim‚
2577 4330 2639 4372 de
2672 4329 2970 4387 Hieronymi

504 4399 668 4443 Croce
689 4409 880 4452 sorore,
902 4399 1081 4442 eadem
1102 4400 1200 4443 die.
1223 4399 1363 4442 Idem
1383 4399 1529 4444 Patri
1551 4399 1785 4455 Laynez.
1807 4400 1868 4442 de
1889 4398 2050 4442 Lucio
2081 4399 2268 4453 Croce,
2290 4400 2409 4454 quid
2432 4412 2545 4443 cum
2568 4401 2775 4445 Summo
2797 4401 2968 4445 Ponti-

503 4471 601 4515 fice
618 4471 784 4523 egerit
805 4468 1056 4524 Ignatius,
1080 4482 1252 4514 mense
1273 4469 1476 4514 Martio.
1500 4471 1641 4514 Idem
1662 4470 1823 4514 Lucio
1841 4504 1851 4523 ,
1875 4471 2054 4513 eodem
2075 4471 2171 4514 die.
2192 4471 2438 4525 Ejusdem
2458 4471 2774 4528 Hieronymo
2794 4473 2975 4516 Dome-

506 4541 658 4592 nech,
678 4542 832 4595 plena
852 4542 914 4584 de
937 4542 1016 4595 iis,
1039 4554 1169 4596 quae
1189 4543 1240 4585 in
1262 4543 1465 4596 negot10
1486 4541 1631 4586 Lucii
1650 4541 1810 4585 Croce
1828 4541 2019 4585 Romae
2043 4549 2164 4586 acta
2180 4549 2314 4596 sunt,
2334 4545 2616 4594 enarratio.
2640 4546 2692 4587 19
2707 4545 2918 4599 Aprilis.

588 4614 610 4643 ²
666 4611 932 4666 Poiancns,
968 4624 1034 4656 ex
1068 4613 1458 4663 commissione,
1494 4613 1756 4669 Tyburim,
1794 4611 2044 4665 Magistro
2079 4613 2317 4658 Michaeli
2354 4615 2545 4668 Ochoa,
2580 4616 2641 4659 de
2673 4617 2976 4670 quibusdam

508 4682 857 4727 conscientiae
879 4685 1097 4736 casibus,
1122 4687 1141 4727 1
1168 4684 1454 4728 Februarii.
1478 4685 1615 4728 idem
1636 4686 1817 4736 eidem,
1842 4684 1901 4726 de
1925 4685 2035 4737 ejus
2056 4686 2397 4734 concionibuu.
2415 4691 2442 4728 3
2466 4685 2657 4730 Martii.

2624 4797 2652 4831 2
