3679 5414
677 463 788 536 750
1597 474 1851 537 Cimon.
1894 475 2050 536 Soc.
2088 478 2228 550 Jsss.

679 629 799 684 ctu
827 621 1027 700 ligati
1057 630 1327 701 essent,
1362 638 1524 685 cum
1557 622 1854 703 putabat
1883 640 2006 686 eos
2044 622 2136 687 ad
2178 621 2440 686 Christi
2479 620 2686 685 fidem
2729 633 3148 688 converten-

677 727 839 808 doS,
874 729 974 791 illi
1004 728 1364 792 dicebant:
1397 738 1601 809 pater
1633 746 1830 792 meus
1860 729 1932 791 in
1959 745 2119 793 mea
2150 737 2346 792 secta
2383 739 2704 792 mortuus
2733 739 2873 809 est,
2908 740 2978 793 et
3004 748 3152 811 ego

678 836 749 898 in
780 835 1031 899 eadem
1058 837 1242 899 mori
1264 837 1461 917 volo;
1492 845 1571 900 ut
1599 835 1808 900 facile
1838 845 2159 900 cerneret
2188 836 2453 900 donum
2479 835 2615 899 Dei
2637 854 2795 899 esse
2824 838 3143 918 credere;·

673 930 804 1005 sed
837 943 928 1006 ad
956 959 1298 1022 magnum
1332 942 1549 1006 animi
1578 942 1897 1007 dolorem
1923 941 1999 1005 P.
2048 942 2565 1007 Gundisalvum
2610 943 3006 1008 adducebat
3034 955 3139 1008 tot

673 1049 1096 1113 miserorum
1124 1050 1488 1113 hominum
1516 1068 1605 1113 ex
1634 1059 1781 1113 tam
1808 1050 2032 1114 variis
2059 1050 2464 1114 nationibus
2492 1052 2992 1132 spectaculum,
3019 1054 3143 1132 qui

674 1173 923 1220 omnes
953 1157 1044 1220 ad
1075 1158 1648 1237 cognoscendam
1678 1157 2002 1220 veritatis
2032 1174 2118 1221 ac
2157 1157 2402 1221 salutis
2440 1156 2635 1221 viam
2675 1159 2873 1221 caeci
2910 1166 3144 1238 erantJ

671 1274 743 1327 et
781 1275 1020 1328 tamen
1063 1264 1391 1327 saraceni
1439 1264 1907 1328 ferventiores
1949 1264 2042 1327 ad
2078 1264 2465 1329 Mahometi
2504 1264 2877 1328 mendacia
2926 1283 3143 1346 quam

671 1372 1041 1436 christiani
1083 1372 1177 1435 ad
1225 1388 1473 1434 veram
1523 1370 1786 1435 Christi
1833 1371 2251 1451 religionem
2299 1373 2861 1452 promovendam
2909 1382 3133 1452 erant3

668 1497 838 1542 nam
865 1480 1273 1543 innumeras
1300 1479 1737 1560 provinciaS,
1777 1478 2182 1542 Malacham
2211 1495 2452 1559 usque,
2486 1479 2939 1543 maledictum
2968 1480 3142 1545 illud

669 1586 1093 1650 fermentum
1146 1587 1663 1649 contaminavit
1684 1636 1698 1662 ,
1752 1586 1962 1651 Sinas
2012 1594 2081 1649 et
2116 1586 2557 1669 Japonenses
2599 1586 2724 1649 vix
2773 1587 3130 1668 attigerat,

671 1710 849 1775 quas
886 1693 1298 1775 provincias
1347 1692 1694 1756 Dominus
1741 1693 2080 1758 Societati
2128 1710 2500 1757 reservare
2537 1691 2612 1756 P.
2658 1693 3147 1758 Gundisalvus'

660 1798 1048 1879 judicabat.

789 1907 931 1970 712.
1019 1906 1303 1971 Accidit
1355 1918 1424 1972 et
1476 1907 1788 1973 Ormuzii
1836 1916 2222 1989 tempestas
2263 1907 2617 1988 quaedam
2655 1907 2756 1985 (ut
2804 1908 2999 1987 prius
3048 1907 3139 1971 de

668 2014 958 2077 civitate
990 2014 1256 2078 Goensi
1286 2013 1646 2094 diximus),
1681 2032 1895 2095 quae,
1929 2015 1992 2078 si
2021 2015 2187 2079 alibi
2216 2032 2427 2095 quam
2456 2015 2529 2077 in
2557 2031 2643 2076 ea
2683 2015 2914 2077 insula
2952 2015 3140 2077 acci-.

667 2120 908 2201 disset,
941 2122 1150 2185 valde
1181 2123 1519 2186 attonitos
1546 2122 1873 2186 homines
1899 2121 2352 2202 reddidisset;
2384 2121 2488 2184 sic
2516 2122 2704 2185 enim
2733 2129 2988 2184 ventus
3014 2121 3136 2184 ille

667 2229 1330 2292 vehementissimus
1387 2228 1631 2309 egredi
1679 2231 1888 2309 solet,
1946 2237 2021 2292 ut
2078 2246 2331 2293 carnes
2380 2228 2708 2291 videatur
2757 2236 3147 2309 penetrare

666 2352 887 2414 usque
918 2336 1008 2398 ad
1040 2337 1289 2399 intima
1318 2336 1633 2415 viscera;
1667 2335 1869 2416 quus
1897 2336 2092 2399 venti
2120 2336 2231 2398 vis
2258 2344 2632 2416 postquam
2655 2334 2802 2417 jam
2841 2334 3146 2397 transie--

670 2452 813 2522 rat,
859 2460 985 2523 per
1028 2444 1224 2506 viam
1274 2443 1657 2524 quamdam
1703 2443 2061 2524 publicam
2109 2459 2441 2523 egressus
2491 2441 2567 2505 P.
2624 2441 3132 2519 Gundisalvus,

668 2550 905 2613 adhuc
945 2567 1088 2613 non
1128 2559 1408 2631 poterat
1446 2551 1584 2613 nisi
1625 2558 1871 2631 operto
1911 2552 2109 2613 vultu
2147 2557 2590 2613 aestuantem
2629 2550 2859 2612 adhuc
2897 2556 3135 2612 aerem

667 2657 1049 2738 sustinere;
1082 2665 1182 2738 et,
1222 2657 1548 2738 quamvis
1576 2657 1806 2721 insula
1847 2656 2179 2721 Ormuzia
2214 2655 2613 2736 hujusmodi
2657 2655 3143 2735 impressioni·v

663 2766 796 2828 bus
825 2765 916 2828 sit
947 2766 1132 2828 aeris
1162 2774 1231 2827 et
1264 2765 1452 2844 ignis
1482 2764 1822 2844 obnoxia,
1857 2763 2215 2843 negabant
2252 2773 2488 2826 tamen
2526 2763 2800 2826 incolae
2838 2763 2999 2825 huic
3044 2762 3131 2825 si-

663 2872 826 2936 mile
858 2891 933 2936 se
963 2889 1275 2952 unquam
1306 2872 1594 2935 vidisse.
1629 2871 1984 2935 Successit
2014 2871 2253 2935 statim
2277 2880 2587 2935 cometes
2619 2871 2759 2952 qui,
2788 2887 2830 2931 a
2860 2881 3141 2949 septen-1

617 3012 624 3019 ·
663 2981 893 3044 trione
921 2998 1175 3044 versus
1216 2980 1579 3043 meridiem
1624 2996 1962 3061 pergens,
2010 2979 2314 3042 insulam
2355 2978 2796 3060 pertransiit,
2840 2978 2927 3039 ab
2967 2994 3133 3039 arce

663 3088 1096 3166 inchoando,
1130 3097 1333 3150 tanta
1365 3105 1524 3150 cum
1553 3088 1878 3150 claritate
1916 3094 1991 3149 ut
2030 3088 2287 3150 multas
2325 3085 2521 3149 faces
2563 3102 2905 3148 accensas
2944 3083 3129 3146 ferre

661 3193 1046 3256 videretur.
1078 3194 1187 3257 De
1224 3195 1647 3257 tremoribus
1676 3202 1910 3256 terrae
1940 3193 2341 3257 consecutis
2371 3194 2601 3255 minus
2645 3192 2964 3254 homines
3007 3190 3129 3253 mi—

663 3300 1025 3380 rabantur,
1065 3301 1254 3381 quod
1285 3302 1662 3364 admodum
1690 3302 2094 3381 frequentes
2121 3300 2380 3372 ibidem
2418 3317 2573 3363 esse
2612 3301 2859 3361 solent.
2909 3297 3128 3361 Paulo

661 3416 823 3486 post
863 3408 1360 3470 renunciatum
1402 3418 1506 3471 est
1558 3407 1850 3487 triginta
1899 3407 2223 3471 triremes
2270 3420 2633 3470 turcarum
2681 3406 2772 3469 ad
2823 3406 3135 3469 insulam

660 3531 882 3594 prope
912 3514 1275 3576 accedere.
1311 3513 1564 3577 Visum
1592 3515 1828 3595 itaque
1858 3514 1989 3578 fuit
2018 3514 2522 3592 Gubernatori,
2560 3513 2632 3576 P.
2682 3511 3133 3577 Gundisalvo

660 3619 1131 3702 approbante,
1172 3621 1627 3700 christianOS,
1674 3622 1790 3702 qui
1830 3621 2145 3685 Ormuzii
2184 3630 2591 3685 manserant
2638 3630 2706 3683 et
2749 3620 2841 3682 ad
2888 3636 3135 3681 arcem

662 3725 1200 3807 confugiebant,
1237 3729 1309 3791 in
1340 3729 1813 3792 continentem
1845 3729 2157 3792 vicinum
2187 3728 2497 3791 Arabiae
2525 3728 2832 3804 mittere;
2868 3742 3028 3788 curn
3058 3726 3137 3788 in

659 3852 828 3897 arce
857 3852 1000 3897 non
1031 3843 1308 3898 tantum
1339 3853 1568 3915 aquae
1597 3843 2000 3916 suppeteret
2031 3845 2107 3899 ut
2145 3836 2236 3899 ad
2276 3846 2423 3897 tam
2463 3837 2844 3897 multorum
2884 3834 3134 3913 potum

661 3940 1035 4005 sufficeret.
1078 3941 1337 4004 Missus
1366 3951 1472 4004 est
1512 3959 1674 4005 cum
1718 3942 1890 4020 ipsis
1928 3944 2165 4005 socius
2202 3941 2279 4004 Ρ.
2321 3941 2772 4017 Gundisalvi,
2816 3940 3147 4003 Alvarus„

662 4049 982 4129 Mendez,
1013 4057 1089 4111 ut
1118 4067 1244 4112 eos
1274 4049 1347 4113 in
1377 4048 1606 4112 officio
1637 4050 2053 4129 contineret,
2081 4059 2149 4113 et
2179 4050 2334 4113 cibo
2366 4059 2513 4112 tam
2539 4047 2887 4129 spirituali
2918 4064 3136 4127 quam

661 4157 1019 4236 corporali
1061 4155 1478 4220 reficiendos
1531 4156 1832 4218 curavit.
1879 4155 2025 4219 Nec
2065 4157 2252 4219 enim
2289 4156 2649 4220 civitatem
2688 4165 2811 4218 aut
2860 4154 3143 4217 incolae-

664 4262 1041 4326 defendere
1072 4263 1456 4343 audebant,
1491 4272 1614 4326 aut
1642 4263 1933 4326 lusitani
1961 4272 2317 4344 poterant,
2351 4263 2604 4344 quibus
2632 4262 2805 4325 satis
2846 4278 3000 4325 esse
3031 4260 3143 4323 vi·-

663 4370 961 4434 debatur
997 4388 1203 4433 suam
1232 4388 1473 4433 arcem
1504 4371 1707 4434 tueri.
2747 4355 2754 4363 ’

780 4477 921 4541 713.
1013 4477 1315 4541 Decima
1342 4495 1530 4541 nona
1563 4476 2006 4558 Septembris,
2026 4478 2347 4540 triremes
2377 4485 2739 4540 turcarum
2771 4493 2933 4539 curn
2962 4474 3133 4537 dua-

663 4585 795 4647 bus
821 4585 1106 4664 magnis
1135 4584 1438 4647 navibus
1469 4584 1560 4646 ad
1587 4593 1872 4665 portum
1901 4583 2215 4647 Ormuzii
2246 4595 2721 4663 accesserunt,
2755 4601 2843 4646 ex
2882 4581 3135 4661 quibus

659 4692 735 4754 in
762 4700 1030 4754 terram
1073 4689 1479 4754 desilientes
1521 4691 1777 4754 milites
1817 4691 2212 4770 civitatem,
2254 4708 2561 4754 vacuam
2600 4692 2779 4768 fere,
2825 4689 3143 4768 ingressi
