3679 5414
673 498 782 558 490
1594 500 1850 559 Canon.
1892 499 2047 560 805.
2086 499 2227 572 JRS.

795 644 926 708 180.
1018 645 1304 708 Interim
1334 646 1560 721 bonus
1593 647 1706 709 ille
1736 646 2097 726 sacerdos,
2131 645 2209 709 P.
2245 644 2529 725 Gaspar
2568 644 2952 725 Gropillus,
3002 648 3136 711 sin—

664 753 850 834 gulis
873 754 1229 816 mensibus
1261 752 1743 817 confessiones
1773 754 2105 817 audiebat
2127 754 2424 834 triginta
2445 753 2788 832 virorum,
2824 755 2942 834 qui
2973 773 3137 819 con-n

665 861 1182 924 fraternitatem
1230 860 1699 924 conficiebant
1739 861 1830 924 ad
1885 861 2237 942 quaedam
2284 861 2569 940 pietatis
2619 879 2837 942 opera
2885 863 3007 925 illo
3061 865 3134 927 in

665 971 825 1031 loco
878 968 1275 1031 exercenda
1316 977 1419 1048 et,
1471 971 1584 1032 vel
1627 970 1697 1031 in
1739 969 1859 1032 illa
1903 970 2237 1048 ecclesia,
2292 971 2405 1032 vel
2444 969 2517 1031 in
2554 970 2897 1049 parochia
2949 988 3139 1034 com-.

663 1076 1139 1139 municabant.
1174 1075 1443 1139 Diebus
1472 1076 1846 1139 dominicis
1892 1077 2079 1139 idem
2116 1076 2193 1139 P.
2228 1075 2510 1156 Gaspar
2541 1076 2878 1157 oppidum
2907 1078 3137 1158 ingre-

662 1184 1005 1262 diebatur,
1035 1193 1104 1246 et
1133 1184 1204 1246 in
1233 1183 1575 1263 parochia
1600 1184 1910 1262 quadam
1943 1184 2138 1246 circa
2167 1184 2535 1247 meridiem
2566 1183 3133 1248 exhortationem

663 1293 754 1355 ad
785 1293 1123 1372 populum
1153 1291 1492 1370 habebat;
1526 1299 1595 1354 et
1625 1291 2092 1354 christianam
2124 1290 2523 1354 doctrinam
2552 1291 2849 1354 edocere
2878 1310 3136 1372 pueros

665 1398 995 1477 curabat;
1053 1407 1284 1461 aetate
1333 1398 1820 1478 provectiores
1865 1407 2013 1460 tam
2060 1398 2492 1461 catechismo
2545 1417 2758 1478 quam
2809 1400 3135 1464 concioni

664 1507 1074 1582 intererant;
1109 1505 1359 1568 deinde
1389 1506 1480 1567 ad
1503 1522 1709 1568 suum
1730 1506 1968 1568 locum
1991 1505 2427 1584 regrediens,
2462 1515 2619 1586 post
2652 1509 3136 1587 vespertinum

664 1614 969 1677 officium
1001 1613 1212 1676 aliam
1243 1614 1456 1675 etiam
1486 1613 1908 1675 concionem
1938 1611 2029 1674 ad
2061 1611 2458 1675 confratres
2493 1611 2641 1692 jam
2671 1614 2898 1678 dictos
2929 1615 3138 1679 habe-

661 1722 803 1799 bat,
839 1722 959 1800 qui
996 1730 1221 1784 totum
1264 1721 1449 1783 diem
1483 1719 1915 1782 dominicum
1945 1720 2016 1782 in
2048 1720 2402 1796 oratione,
2435 1720 2554 1800 pia
2589 1721 2893 1784 lectione
2924 1732 3140 1802 atque

661 1829 1156 1892 exhortatione
1186 1837 1255 1891 et
1285 1827 1761 1906 flagellatione
1793 1827 2326 1890 consumebant.

789 1935 922 1998 181.
1010 1934 1351 1998 Profestis
1388 1935 1670 1997 interim
1711 1934 1962 1997 diebus
2001 1936 2236 1997 locum
2276 1935 2474 1998 illum
2513 1954 2720 1999 suum
2761 1938 3037 2000 colebat
3068 1948 3135 2000 et

664 2044 1143 2106 amoeniorem
1184 2060 1270 2105 ac
1309 2042 1660 2104 utiliorem
1694 2042 1904 2104 simul
1946 2042 2309 2104 reddebat.
2355 2041 2467 2105 Ex
2499 2044 2969 2123 eleemosynis
2999 2044 3139 2107 stu·-

531 2140 550 2150 ‘
662 2161 975 2214 mentum
1004 2160 1073 2213 et
1104 2151 1349 2213 vinum
1388 2150 1664 2212 duobus
1705 2159 1824 2212 aut
1870 2149 2092 2212 tribus
2133 2149 2597 2213 hebdomadis
2639 2151 2710 2213 in
2754 2159 2976 2214 totum
3016 2171 3135 2215 an-

660 2273 831 2319 num
864 2257 1283 2338 reponebat;
1317 2257 1591 2336 reliqua
1633 2274 1724 2318 ex
1766 2255 2119 2319 fructibus
2148 2274 2234 2319 ac
2263 2258 2687 2337 praesertim
2717 2276 2805 2320 ex
2833 2259 3037 2321 melle
3066 2268 3135 2322 et

662 2383 829 2427 cera
852 2364 941 2427 ab
973 2365 1222 2444 apibus
1252 2363 1583 2427 confecta
1613 2373 1680 2426 et
1711 2363 2078 2426 divendita
2104 2366 2585 2444 comparabat;
2615 2374 2683 2427 et
2706 2366 2804 2428 ita
2831 2374 3135 2445 quatuor

663 2489 1010 2552 personae
1043 2472 1136 2534 ibi
1165 2472 1771 2549 sustentabantur;
1799 2481 1868 2533 et
1901 2489 2040 2534 non
2074 2473 2301 2534 solum
2332 2472 2547 2534 animi
2570 2473 2804 2551 gratia
2831 2490 2915 2534 ac
2946 2476 3130 2536 vale·

663 2579 926 2641 tudinis
949 2579 1163 2657 aliqui
1186 2595 1277 2641 ex
1301 2579 1566 2641 nostris
1589 2596 1671 2641 eo
1698 2578 2170 2658 divertebant,
2193 2579 2400 2658 quod,
2429 2588 2810 2659 antequam
2833 2579 3133 2643 Romam

665 2685 962 2765 veniret,
1004 2684 1080 2749 P.
1124 2685 1392 2749 Doctor
1434 2685 1730 2750 Olavius
1767 2685 1967 2766 fecit,
2013 2696 2081 2749 et
2114 2703 2274 2749 cum
2305 2684 2796 2750 aedificatione
2829 2704 3008 2767 quae
3040 2687 3133 2751 ibi

665 2792 924 2857 fiebant
964 2794 1403 2872 observavit,
1451 2792 1574 2855 sed
1616 2793 1828 2856 etiam
1874 2793 1993 2873 qui
2036 2812 2125 2856 ex
2166 2792 2550 2856 Germania
2588 2794 2971 2864 ⁴veniebant
3012 2807 3133 2856 aut

665 2902 735 2963 in
766 2917 923 2963 eam
953 2919 1043 2963 ex
1071 2899 1272 2963 Italia
1300 2902 1719 2979 transibant,
1753 2900 2145 2980 hospitium
2176 2901 2247 2963 in
2276 2901 2414 2964 illis
2442 2901 2619 2965 locis
2652 2902 3132 2981 inveniebant,

665 3008 784 3070 ubi
816 3025 977 3070 cum
1006 3007 1352 3070 charitate
1384 3007 1941 3085 excipiebantur.

668 3168 680 3182 .
792 3114 922 3177 182.
1013 3115 1398 3178 Crescebat
1428 3124 1661 3178 autem
1693 3131 1971 3193 eorum,
2007 3115 2126 3194 qui
2158 3115 2533 3179 conciones
2566 3117 2973 3194 audiebant,
3009 3135 3130 3179 nu-

666 3238 902 3284 merus
933 3230 1001 3284 et
1030 3224 1251 3284 multo
1282 3222 1511 3301 magis
1543 3220 1909 3300 crevisset,
1938 3221 2019 3300 si,
2045 3222 2230 3301 quod
2254 3221 2848 3304 Archipresbyter
2871 3223 3122 3286 Bassa-

667 3329 906 3391 nensis
932 3329 1258 3407 rogabat,
1294 3346 1378 3390 ac
1411 3328 1595 3390 idem
1625 3327 1699 3391 P.
1740 3327 2047 3409 Gaspar‚
2082 3338 2182 3409 ut,
2220 3330 2510 3405 scilicet,
2545 3331 2620 3393 Ρ.
2658 3331 3140 3410 Hieronymus

668 3434 937 3499 Otellus
965 3437 1080 3498 vel
1111 3435 1290 3497 alius
1323 3436 1782 3498 concionator
1806 3453 1891 3499 eo
1936 3436 2353 3513 mitteretur,
2387 3435 2539 3498 fieri
2568 3436 2930 3515 potuisset.
2968 3435 3134 3497 Alia

668 3542 882 3605 etiam
914 3540 1262 3621 quaedam
1300 3542 1582 3622 pietatis
1623 3559 1839 3623 opera
1879 3543 1968 3604 ab
2013 3543 2261 3604 eodem
2300 3543 2669 3605 sacerdote
2708 3541 2985 3620 fiebant,
3020 3543 3135 3605 cui

669 3648 1036 3729 rescripsit
1073 3648 1150 3713 P.
1194 3648 1544 3729 IgnatiuS,
1592 3660 1667 3712 ut
1705 3651 1941 3711 locum
1968 3658 2431 3729 preapararet
2463 3650 2838 3729 aptiorem,
2871 3658 2946 3711 ut
2975 3666 3131 3728 pos-

669 3764 848 3833 sent,
883 3755 1002 3835 qui
1024 3758 1488 3833 mitterentur,
1518 3756 1765 3817 melius
1795 3754 1931 3818 Dei
1954 3756 2290 3835 obsequio
2311 3773 2597 3834 vacare;
2632 3757 2757 3819 sed
2777 3755 2913 3819 hoc
2944 3773 3132 3819 anno

668 3863 940 3926 nullum
968 3863 1383 3926 mittendum
1412 3862 1710 3924 censuit.
1745 3861 1901 3923 Hac
1932 3870 2170 3923 tamen
2201 3862 2352 3924 sola
2384 3880 2511 3942 spe
2542 3873 2611 3926 et
2643 3863 2924 3943 scriptis
2954 3863 3134 3926 litte·

669 3969 770 4032 ris
800 3986 1230 4048 magnopere
1269 3967 1343 4031 P.
1380 3969 1785 4048 Gasparum
1815 3970 2229 4030 consolatus
2270 3977 2397 4031 est.
2433 3968 2658 4047 Quem
2698 3968 2982 4031 tandem
3012 3970 3130 4031 ha-

671 4075 902 4137 buerit
931 4075 1197 4137 exitum
1227 4075 1340 4137 hic
1365 4076 1561 4138 locus
1590 4074 1931 4155 temporis
1961 4091 2258 4137 succesu
2287 4074 2513 4137 videri
2543 4074 2819 4154 poterit.

1251 4395 1380 4460 DE
1429 4394 2050 4460 FERRARIENSI
2097 4394 2561 4459 COLLEGIO

804 4609 932 4673 183.
1022 4611 1212 4674 Idem
1254 4612 1505 4674 modus
1543 4611 1615 4674 in
1661 4610 1924 4674 scholis
1961 4609 2537 4672 Ferrariensibus
2577 4610 2969 4689 tenebatur,
3014 4611 3150 4691 qui·

675 4734 864 4779 anno
895 4719 1261 4798 superiore
1290 4718 1685 4797 descriptus
1714 4728 1855 4796 est3
1886 4716 2161 4780 fructus
2188 4726 2425 4780 tamen
2463 4717 2600 4779 hoc
2641 4735 2829 4780 anno
2859 4718 3133 4780 schola·
