3679 5414
694 464 805 523 704
1621 465 1877 525 Canon.
1920 465 2071 524 Soc.
2112 466 2252 538 Jns.

702 612 773 674 in
802 611 1031 674 eundo
1062 621 1299 674 tamen
1338 610 1791 675 Conimbrica
1830 612 2197 685 transivit,
2232 621 2332 691 et,
2377 629 2536 673 cum
2579 610 2810 674 triduo
2840 610 2913 673 in
2942 609 3165 674 Colle·

700 719 819 798 gio
852 728 1201 795 maneret,
1233 719 1407 781 nihil
1438 718 1600 781 inde
1629 718 1956 781 utilitatis
1987 718 2078 782 ad
2120 718 2514 797 Collegium
2543 718 2772 781 rediit.
2808 717 3170 781 Nihilomi-

701 843 834 888 nus
887 826 1099 916 longe
1158 826 1408 888 melius
1463 825 1944 905 procedebant
2000 842 2213 904 quam
2269 824 2488 904 prius,
2552 824 2879 905 Oportuit
2930 833 3170 888 tamen

702 934 957 997 multos
988 952 1030 996 a
1062 931 1416 996 Societate
1448 934 1836 1012 dimittere,
1870 933 1987 1012 qui
2018 933 2194 995 satis
2224 932 2341 996 diu
2378 934 2449 994 in
2481 930 2834 995 Societate
2863 931 3165 1001 fuerant,

702 1040 851 1119 qui,
884 1049 960 1102 ut
992 1040 1301 1120 aliquam
1332 1057 1624 1102 causam
1655 1039 2033 1102 redderent
2064 1056 2191 1101 cur
2218 1039 2495 1102 dimissi
2522 1037 2836 1117 fuerant,
2871 1055 3172 1117 magnas

702 1145 1178 1209 detractiones
1235 1147 1674 1209 seminarunt
1734 1154 1801 1208 et
1862 1144 2174 1207 externis
2242 1145 2665 1225 obloquendi
2723 1146 3171 1208 occasionem

704 1270 845 1316 non
875 1255 1209 1333 exiguam
1240 1253 1606 1317 dederunt.
1639 1253 2043 1336 Judicatum
2074 1261 2182 1314 est
2225 1252 2680 1315 nihilominus
2720 1253 3055 1332 expedire
3098 1265 3171 1315 ut

704 1361 840 1424 hoc
869 1360 1290 1423 fermentum
1318 1377 1595 1422 veneno
1642 1361 1948 1439 plenum,
2005 1377 2092 1421 ne
2146 1368 2369 1422 totam
2422 1377 2734 1422 massam
2773 1377 3171 1439 corrumpe—

704 1477 812 1530 ret
845 1466 1169 1545 Collegii,
1205 1465 1652 1546 abjiceretur.

824 1573 966 1637 628.
1055 1572 1257 1653 Quod
1306 1573 1397 1635 ad
1449 1591 1609 1636 eum
1659 1573 1933 1650 attinet,
1981 1573 2098 1653 qui
2150 1572 2226 1635 P.
2283 1553 2551 1636 Simoni
2595 1574 2941 1636 successit
2980 1582 3069 1651 et,
3103 1583 3176 1636 ut

704 1682 1014 1744 diximus
1045 1698 1230 1743 anno
1263 1680 1646 1760 praeterito
1688 1683 1741 1757 ¹,
1776 1681 1969 1742 velut
2015 1681 2311 1758 angelus
2349 1679 2636 1743 Domini
2668 1688 3006 1760 exceptus
3036 1679 3174 1742 sue·

707 1797 842 1867 rat,
878 1797 1255 1868 postquam
1283 1786 1365 1849 N.
1401 1786 1423 1817 ⁸
1456 1786 1982 1851 Conimbricam
2014 1786 2208 1849 venit
2259 1805 2342 1849 eo
2397 1787 2656 1866 anim0,
2702 1796 2777 1850 ut
2815 1787 3032 1866 aliqui
3061 1804 3170 1848 su·

706 1894 1184 1975 spicabantur,
1213 1904 1286 1957 ut
1318 1895 1541 1973 digito
1572 1894 1977 1957 ostenderet
2006 1893 2195 1972 quod
2219 1903 2427 1975 aptus
2452 1911 2596 1956 non
2619 1903 2773 1956 erat
2798 1894 2886 1956 ad
2918 1894 3169 1972 guber·

705 2003 1069 2065 nationem
1119 2002 1559 2081 spiritualem
1608 2020 1738 2064 nec
1791 2001 2276 2081 temporalem,
2335 2002 2483 2080 ipse
2532 2001 2812 2081 quidem
2866 2001 3183 2063 suaviter

711 2109 1093 2173 admodum
1134 2125 1295 2171 cum
1337 2108 1675 2171 fratribus
1716 2108 2009 2187 agebat,
2064 2108 2252 2170 hunc
2303 2116 2541 2171 autem
2593 2118 2669 2170 ut
2711 2108 3182 2188 poenitentias

710 2217 962 2280 crebro
994 2214 1389 2295 injungeret
1420 2216 1742 2294 urgebat.
1779 2213 2202 2278 Admonitus
2233 2215 2515 2294 quidem
2566 2213 2730 2295 [hic]
2776 2214 2908 2278 fuit
2950 2232 2992 2277 a
3023 2214 3182 2278 fide·

710 2324 893 2386 libus
942 2322 1320 2386 Societatis
1375 2322 1537 2386 filiis
1586 2332 1685 2401 ut,
1741 2321 1979 2401 rigore
2030 2321 2327 2400 omisso,
2378 2331 2660 2385 curaret
2718 2322 2850 2384 sibi
2907 2323 3184 2385 animos

713 2430 1126 2507 conciliare,
1170 2446 1331 2491 cum
1368 2429 1679 2492 nondum
1720 2437 2087 2507 apostema
2129 2429 2584 2491 maturuisset
2637 2437 2712 2492 ut
2752 2429 2989 2492 curari
3031 2445 3184 2508 pos—

711 2545 845 2613 set,
880 2544 949 2599 et
977 2545 1052 2599 ut
1084 2554 1126 2598 a
1156 2536 1661 2599 mutationibus
1694 2545 1982 2598 caveret
2012 2545 2080 2598 et
2112 2554 2154 2598 a
2194 2536 2712 2615 significatione
2746 2536 3183 2599 reformatio·

717 2644 848 2706 nis.
878 2641 1370 2723 Nihilominus,
1400 2660 1561 2705 cum
1585 2643 1866 2705 actione
1889 2643 2284 2722 gratiarum
2310 2659 2573 2723 magna
2597 2643 2774 2706 haec
2798 2643 3183 2724 excipiens,

717 2751 828 2813 his
857 2751 1142 2814 omnino
1174 2751 1531 2813 contraria
1562 2750 1858 2829 agebat,
1901 2767 2066 2813 nam
2109 2751 2699 2829 reprehensiones
2730 2760 2798 2813 et
2826 2751 3186 2832 poeniten·

716 2859 854 2922 tias
883 2858 1136 2921 crebro
1165 2855 1602 2939 injungebat,
1638 2875 1884 2921 omnes
1924 2857 2258 2921 officiales
2288 2859 2610 2937 mutavit,
2648 2868 2716 2921 et
2765 2860 2833 2921 in
2865 2859 3192 2922 omnibus

717 2966 919 3029 bonis
949 2983 1035 3028 ac
1065 2967 1269 3029 malis
1316 2965 1729 3029 mutationis
1759 2983 1846 3028 ac
1877 2964 2402 3029 reformationis
2443 2965 2705 3046 aliquid
2753 2966 3089 3042 faciebat,
3123 2977 3192 3028 et

716 3072 999 3152 quidem
1032 3074 1103 3136 in
1133 3073 1343 3135 rebus
1374 3073 1754 3152 aliquando
1785 3072 1934 3135 sere
1977 3072 2236 3135 nullius
2283 3073 2653 3148 momenti,
2704 3083 2778 3136 ut
2824 3074 3012 3154 quod
3050 3074 3189 3136 alia

720 3181 791 3243 in
820 3181 982 3244 aula
1026 3179 1276 3243 fierent
1305 3180 1846 3243 exhortationes
1876 3178 2312 3242 domesticae
2353 3189 2421 3241 et
2462 3188 2537 3242 ut
2578 3180 2730 3260 ipsa
2763 3181 2977 3244 etiam
3008 3198 3192 3243 cam·

720 3306 905 3369 pana
936 3287 1196 3351 diutius
1235 3288 1666 3368 pulsaretur;
1721 3295 1789 3349 et
1842 3286 2141 3349 duorum
2194 3286 2341 3349 fere
2384 3287 2734 3350 mensium
2779 3287 3009 3367 spatio
3049 3305 3190 3349 mo·

714 3394 889 3457 dum
915 3394 1453 3457 meditationum
1492 3394 1724 3456 sexies
1772 3402 1894 3456 aut
1944 3393 2205 3473 septies
2248 3395 2587 3473 mutavit,
2623 3403 2691 3456 et
2722 3396 2821 3456 ita
2851 3394 3194 3474 paulatim

713 3501 1314 3564 *existimationem
1338 3501 1560 3578 illam,
1615 3517 1778 3563 cum
1826 3517 1967 3580 qua
2017 3510 2358 3580 exceptus
2407 3500 2676 3578 fuerat,
2727 3501 3039 3581 quotidie
3071 3501 3195 3563 mi-

714 3607 1088 3671 nuebatur.
1151 3608 1565 3671 Praesidere
1628 3608 1855 3670 voluit
1905 3607 2475 3671 conclusionibus
2541 3608 3070 3687 theologorum,
3124 3618 3194 3669 et

719 3733 883 3778 cum
913 3733 1163 3795 parum
1194 3723 1527 3777 versatus
1564 3722 1709 3776 tam
1740 3714 1813 3776 in
1844 3715 2303 3794 speculativis
2344 3731 2560 3794 quam
2596 3714 2666 3777 in
2708 3715 2992 3778 casibus
3035 3732 3193 3777 con-

806 3922 822 3955 ¹
882 3921 1013 3965 Vide
1036 3921 1086 3964 in
1106 3920 1202 3963 hoc
1229 3925 1350 3962 tom.
1372 3929 1423 3969 n,
1441 3929 1562 3973 pag.
1581 3916 1679 3971 372,
1703 3930 1751 3962 n.
1773 3917 1874 3962 ⁴21.

802 3993 827 4025 ²
882 3993 1092 4047 Signum
1113 3992 1208 4034 hoc
1235 3990 1446 4034 adhibet
1467 3989 1550 4033 hic
1570 3995 1625 4032 et
1644 3990 1769 4033 alibi
1789 3990 1997 4044 saepius
2019 3989 2290 4044 Polancus,
2325 3991 2445 4035 dum
2480 3990 2677 4046 aliquid
2707 4000 2924 4033 narrare
2957 3979 3198 4044 agg-redi-

718 4070 826 4119 tur,
847 4064 981 4120 quod
1002 4074 1100 4106 non
1121 4065 1171 4105 ln
1190 4062 1395 4105 laudem
1416 4068 1685 4105 auctorum
1707 4061 1869 4114 cedit;
1891 4068 1974 4114 ut,
1999 4061 2225 4115 scilicet,
2250 4064 2381 4106 bono
2417 4063 2607 4107 nomini
2639 4062 2876 4105 consulat
2898 4073 3091 4112 eorum.
3110 4063 3195 4115 qui

714 4136 906 4188 -ndhuc,
925 4135 1045 4179 dum
1066 4135 1194 4177 haec
1216 4133 1323 4187 ipse
1344 4133 1613 4185 scriberet,
1636 4133 1904 4177 vivebant.
1942 4132 2142 4177 Caveat
2180 4139 2356 4178 autem
2388 4135 2553 4178 lector
2588 4145 2650 4176 ne
2673 4144 2827 4177 unum
2860 4132 3196 4187 eumdemque

724 4218 926 4262 semper
962 4205 1060 4250 tali
1090 4206 1237 4259 signo
1269 4204 1537 4258 indigitari
1570 4204 1851 4248 existimet.
1874 4204 1997 4256 Quis
2017 4216 2145 4248 vero
2178 4205 2228 4248 in
2265 4217 2565 4261 unoquoque
2596 4206 2707 4248 loco
2730 4204 3049 4258 indigitetur,
3090 4210 3202 4248 tum

713 4285 1090 4323 enarraturum
1105 4287 1278 4320 rerum
1296 4275 1473 4327 series,
1491 4282 1616 4328 tum,
1634 4276 1744 4318 sive
1757 4277 1867 4329 jam
1884 4276 2024 4319 edita
2039 4276 2149 4320 sive
2170 4277 2383 4329 edenda,
2402 4282 2736 4320 monumenta
2753 4276 2884 4319 satis
2903 4275 3177 4319 declarant
3190 4306 3202 4316 .

807 4351 920 4394 Non
938 4350 1035 4394 hoc
1054 4349 1199 4392 cavit
1219 4348 1320 4400 ilie,
1343 4347 1429 4401 qui
1458 4347 1511 4389 in
1543 4358 1663 4390 mss.
1696 4348 1761 4391 ad
1795 4348 2084 4402 marginem
2120 4359 2279 4402 supra
2301 4348 2452 4392 citati
2489 4360 2537 4392 n.
2568 4348 2666 4399 ⁴21.
2697 4346 2784 4391 ubi
2817 4347 2878 4390 de
2913 4346 2967 4389 Ρ.
3001 4346 3196 4390 Mirone

726 4433 896 4467 sermo
915 4428 1012 4475 est,
1034 4422 1110 4464 ita
1137 4419 1360 4473 scripsit:
1383 4418 1507 4462 “Hic
1528 4418 1736 4462 videtur
1755 4430 1869 4462 esse
1890 4420 1992 4471 ilie,
2027 4420 2087 4463 de
2121 4431 2219 4474 qno
2256 4430 2392 4463 anno
2430 4420 2536 4463 1552
2568 4421 2732 4463 multa
2769 4418 3050 4471 Polaticus,
3087 4430 3205 4473 sup·

726 4505 906 4548 presso
926 4493 1142 4543 nomine,
1164 4492 1257 4534 sub
1278 4491 1456 4534 littera
1478 4489 1544 4533 N.
1573 4498 1798 4542 narrat...
1833 4489 2059 4534 Videtur
2086 4491 2292 4545 quidem
2325 4502 2437 4536 esse
2467 4491 2647 4538 Miron.
2679 4491 2743 4534 de
2772 4501 2870 4544 quo
2892 4492 2985 4534 sub
3016 4491 3200 4535 littera

730 4565 791 4609 N.
810 4565 959 4615 infra,
976 4568 1025 4606 n,
1044 4562 1139 4612 630,
1158 4572 1325 4604 sermo
1346 4568 1452 4614 est;
1484 4569 1541 4605 at
1574 4562 1625 4605 in
1654 4562 1751 4605 hoc
1786 4573 1838 4604 n.
1871 4560 1953 4604 628
1986 4573 2085 4606 non
2120 4561 2286 4606 Miron
2320 4563 2410 4606 sed
2446 4561 2750 4605 Rodericius
2772 4562 2866 4605 sub
2898 4560 2998 4604 hac
3019 4561 3201 4607 littera

724 4637 793 4680 N.
814 4636 1138 4690 intelligitur,
1160 4638 1215 4676 ut
1235 4643 1297 4673 ex
1325 4639 1567 4677 contextu
1588 4639 1736 4687 patet
1765 4638 1818 4676 et
1850 4645 1912 4675 ex
1942 4634 2134 4677 litteris
2163 4635 2474 4688 praesertim
2499 4633 2553 4675 P.
2578 4632 2829 4676 Ludovici
2863 4632 3117 4676 Gonzalez
3138 4634 3203 4677 de

732 4708 958 4752 Cumara
980 4713 1031 4750 et
1054 4706 1293 4749 aliorum·
