3679 5414
670 461 784 521 478
1594 462 1850 521 Canos.
1890 458 2047 519 Soc.
2090 459 2230 532 Jes,

804 605 935 669 143.
1026 607 1203 670 Cum
1231 606 1532 670 Patavio
1562 606 1899 669 transiret
1929 604 2330 668 Cardinalis
2361 604 2855 684 Augustanus,
2882 605 3150 667 nostris

676 713 1071 777 affirmabat
1101 714 1163 776 si
1192 713 1541 778 Dominus
1570 731 1731 776 eum
1761 713 2166 792 Augustam
2194 711 2595 774 reduxisset
2626 711 2816 790 (nam
2845 711 3146 775 Romam

673 821 1065 901 pergebat),
1121 820 1406 883 omnino
1445 838 1522 882 se
1561 819 1957 898 Collegium
1995 817 2336 882 Societati
2374 836 2530 881 esse
2582 827 3021 897 erecturum;
3075 828 3147 882 at

675 929 752 992 P.
809 928 1096 1008 Laynez
1148 945 1308 990 eum
1360 928 1641 991 interim
1692 927 2008 1006 rogavit,
2070 925 2644 1006 quandoquidem
2694 925 3030 989 Ferraria
3076 935 3147 988 et

673 1036 1039 1098 Florentia
1073 1036 1503 1098 transiturus
1544 1044 1721 1112 erat,
1756 1044 1831 1097 ut
1875 1034 2193 1099 Ducibus
2231 1034 2367 1096 illis
2400 1034 2747 1113 Collegia,
2795 1051 2977 1113 quae
3000 1032 3148 1113 jam

677 1142 772 1204 ibi
820 1152 1054 1221 erant,
1110 1151 1185 1204 ut
1234 1152 1762 1221 promoverent,
1815 1142 2379 1219 commendaret3
2435 1139 2620 1220 quod
2672 1157 2748 1203 se
2795 1140 3150 1204 facturum

672 1250 962 1312 omnino
994 1249 1281 1329 recepit.

800 1356 935 1418 144.
1023 1356 1202 1420 Cum
1224 1365 1729 1437 praeceptores
1752 1373 1844 1419 ex
1874 1355 2067 1419 Urbe
2098 1354 2227 1417 sub
2268 1364 2687 1417 autumnum
2714 1354 2789 1417 P.
2830 1354 3151 1434 Ignatius

675 1462 1053 1526 Patavium
1102 1464 1314 1543 misit,
1365 1464 1513 1543 jam
1562 1463 1740 1527 duas
1789 1463 1889 1525 ibi
1938 1462 2221 1525 scholas
2261 1463 2488 1524 nostri
2539 1472 3147 1543 praeparaverant

676 1579 746 1633 et
798 1572 1083 1633 tertiam
1126 1589 1381 1650 parare
1425 1576 1829 1650 coeperant.
1888 1569 2087 1632 Missi
2138 1579 2301 1631 sunt
2344 1579 2582 1632 autem
2627 1588 2716 1632 ex
2761 1569 2952 1633 Urbe
3004 1588 3144 1633 non

679 1679 906 1740 solum
946 1687 1090 1740 tres
1122 1687 1654 1758 praeceptores,
1699 1694 2003 1757 quorum
2032 1676 2304 1755 primus
2354 1676 2428 1738 P.
2478 1675 2924 1739 Eleutherius
2964 1676 3142 1740 Pon*

678 1793 887 1847 tanus
937 1794 1111 1863 erat,
1149 1785 1272 1847 sed
1304 1795 1372 1848 et
1400 1786 1743 1863 minister,
1780 1784 1899 1864 qui
1938 1784 2008 1846 in
2040 1784 2336 1861 Collegii
2365 1784 2882 1861 gubernatione
2921 1783 2998 1846 Ρ.
3034 1784 3142 1848 El-

675 1892 984 1971 pidium,
1038 1893 1331 1955 viribus·
1361 1892 1818 1969 imbecillum,
1867 1890 2188 1970 juvaret,
2250 1891 2325 1953 P.
2386 1890 2710 1969 Baptista
2779 1889 3141 1968 TavonuS,

668 2000 792 2079 qui
830 2000 901 2062 in
953 1999 1179 2062 officio
1218 1999 1542 2063 Rectoris
1580 1999 1807 2062 eidem
1852 2009 2097 2078 postea
2145 1999 2510 2060 successit.
2567 1998 2857 2078 Apertis
2911 2007 3148 2062 autem

671 2108 936 2169 scholis
960 2124 1200 2170 mense
1224 2104 1643 2186 Septembri,
1677 2107 1907 2186 primo
1937 2114 2208 2168 tantum
2233 2106 2433 2183 pueri
2466 2104 3005 2184 conveniebant,
3031 2106 3152 2186 qui

668 2230 926 2293 parum
970 2214 1039 2276 in
1090 2213 1344 2276 litteris
1394 2212 1870 2293 profecerant,
1905 2222 1971 2275 et
2016 2210 2092 2275 P.
2148 2211 2593 2273 Eleutherius
2646 2213 2821 2274 nihil
2871 2213 3150 2292 publice

674 2320 921 2399 primis
947 2321 1191 2383 diebus
1222 2321 1461 2398 legere
1485 2320 1745 2399 potuit;
1772 2337 1939 2381 nam
1962 2318 2054 2381 ad
2077 2319 2254 2381 duas
2279 2327 2552 2380 tantum
2576 2318 2949 2381 inferiores
2974 2321 3148 2381 clas·

674 2444 791 2488 ses
821 2427 1028 2506 pauci
1069 2428 1270 2506 pueri
1301 2436 1376 2489 ut
1406 2426 1822 2489 rudimentis
1863 2426 2375 2504 grammaticae
2416 2426 2898 2489 imbuerentur
2928 2435 2997 2488 et
3027 2426 3149 2488 ali-

673 2534 818 2612 qui,
855 2534 972 2612 qui
1005 2534 1317 2595 nondum
1346 2535 1583 2611 legere
1612 2542 1805 2595 recte
1829 2533 2169 2611 sciebant,
2205 2532 2449 2594 venire
2473 2542 2880 2611 coeperunt.
2910 2531 3048 2595 Sed
3071 2550 3150 2594 re

674 2640 1020 2720 paulatim
1044 2640 1305 2702 bonum
1329 2639 1619 2702 odorem
1643 2648 2049 2719 spargente,
2077 2648 2146 2701 et
2168 2655 2502 2701 numerus
2529 2638 2756 2701 crevit
2781 2638 3145 2702 scholasti·

676 2764 931 2809 corum
961 2758 1028 2808 et
1060 2746 1382 2820 eruditio;
1413 2756 1481 2809 et
1510 2747 1609 2809 ita
1639 2755 1784 2809 tres
1813 2747 2080 2809 classes
2110 2747 2484 2809 inchoatae
2517 2755 2711 2824 sunt;
2744 2756 2814 2808 et
2836 2747 3146 2809 nondum

680 2855 815 2916 hoc
860 2854 1013 2933 ipso
1046 2871 1232 2915 anno
1263 2863 1605 2931 vertente,
1642 2871 1802 2915 cum
1832 2871 2044 2932 super
2073 2862 2355 2915 centum
2384 2862 2453 2915 et
2492 2853 2838 2932 tringinta
2877 2852 3147 2916 schola-

678 2961 839 3023 stici
881 2961 1267 3037 venissent,
1318 2970 1645 3039 quartam
1686 2959 1851 3022 addi
1890 2960 2191 3022 classem
2221 2960 2710 3022 necessarium
2750 2960 3144 3024 videbatur.

678 3067 780 3130 Ne
814 3076 1052 3129 tamen
1093 3084 1217 3128 eos
1257 3083 1515 3146 pueros
1546 3065 2021 3145 admitterent,
2064 3068 2186 3146 qui
2225 3076 2418 3130 recte
2461 3068 2698 3146 legere
2740 3067 3150 3129 nesciebant

672 3183 745 3236 et
790 3174 1123 3248 scribere,
1170 3173 1396 3235 Roma
1440 3174 1783 3253 scriptum
1831 3173 1934 3235 eis
1972 3184 2101 3251 est,
2158 3183 2226 3235 et
2266 3173 2643 3252 diligenter
2697 3183 3029 3237 curarent
3069 3184 3146 3237 ut

675 3283 927 3344 saltem
958 3281 1167 3343 tertia
1202 3282 1320 3343 illa
1350 3280 1596 3342 schola
1627 3281 2176 3343 concinnaretur
2212 3280 2252 3343 ¹.

806 3387 940 3449 145.
1029 3387 1383 3449 Proficere
1426 3395 1662 3449 autem
1707 3386 2114 3450 scholastici
2155 3387 2585 3466 incipiebant
2624 3406 2765 3451 non
2806 3390 3036 3450 solum
3079 3389 3151 3451 in

670 3476 927 3556 litteris
958 3494 1082 3555 sed
1112 3494 1325 3555 etiam
1357 3494 1426 3554 in
1458 3493 1846 3555 christiana
1879 3493 2224 3573 doctrina,
2261 3513 2474 3574 quam
2506 3494 2878 3557 dominicis
2905 3495 3152 3558 diebus

672 3600 1110 3663 docebantur
1135 3600 1359 3676 (multi
1383 3600 1594 3676 enim,
1623 3617 1804 3678 quae
1830 3600 1921 3661 ad
1945 3602 2245 3662 salutem
2268 3601 2678 3664 necessaria
2704 3610 2929 3678 erant,
2953 3603 3149 3680 igno-

666 3708 983 3786 rabant);
1016 3707 1203 3786 quod
1234 3706 1644 3787 parentibus
1674 3725 1940 3793 eorum,
1963 3725 2299 3788 magnam
2339 3708 2908 3771 aedificationem
2951 3726 3149 3788 prae·

671 3815 928 3877 stabat.
963 3814 1041 3875 In
1072 3814 1385 3876 moribus
1410 3812 1622 3876 etiam
1653 3830 1794 3874 non
1811 3831 2067 3893 parum
2087 3814 2565 3894 profecerunt,
2601 3832 2734 3877 nec
2766 3815 3151 3895 quidquam

673 3941 716 3984 a
746 3921 1217 3998 scholasticiS,
1254 3920 1371 4000 qui
1402 3920 1690 3982 licentia
1718 3920 1895 3982 satis
1927 3938 2188 4000 magna
2219 3922 2320 3983 uti
2351 3922 2695 4000 solebant,
2739 3922 2875 3984 nisi
2915 3923 3147 3985 mode-

670 4036 860 4090 stum
893 4027 1333 4105 audiebatur,
1362 4036 1430 4088 et
1461 4026 1678 4104 aliqui
1709 4027 1890 4089 inter
1915 4045 2040 4089 eos
2062 4028 2249 4090 bono
2276 4028 2559 4106 ingenio
2586 4028 2890 4108 praediti
2915 4029 3152 4092 socios

672 4133 765 4197 ad
815 4134 1135 4196 scholam
1179 4132 1605 4211 invitabant,
1653 4142 1722 4195 et
1765 4133 2050 4196 omnino
2091 4134 2163 4195 in
2216 4134 2316 4196 eis
2366 4135 2663 4197 mutatio
2703 4153 2965 4214 magna
3007 4136 3151 4198 ani·

672 4242 1057 4304 madversa
1089 4249 1216 4303 est.
1261 4239 1335 4302 P.
1385 4240 1704 4320 Elpidius
1743 4240 2173 4303 christianae
2217 4241 2584 4304 doctrinae
2628 4243 3004 4305 lectionem
3051 4244 3154 4305 eis

750 4481 769 4515 ¹
826 4481 941 4533 Jam
964 4482 1075 4524 inde
1099 4482 1164 4523 ab
1187 4479 1332 4523 initio
1352 4479 1504 4534 hujus
1523 4480 1647 4523 anni
1669 4482 1888 4524 curabat
1909 4480 2145 4535 Ignatius
2159 4489 2216 4525 ut
2236 4482 2445 4526 scholae
2462 4493 2554 4536 pro
2576 4482 2806 4525 externis
2823 4483 3154 4536 aperirentur

671 4552 897 4604 Patavii,
935 4553 1067 4606 quod
1100 4559 1297 4594 certum
1336 4560 1413 4594 est
1451 4563 1515 4594 ex
1552 4552 1743 4595 litteris
1776 4553 2017 4596 Andreae
2053 4553 2236 4597 Frusio
2257 4554 2512 4597 venetias
2545 4555 2599 4597 27
2635 4553 2908 4599 Februarii
2945 4555 3155 4598 datis.—

672 4624 939 4672 Polancus.
965 4635 1030 4666 ex
1051 4635 1183 4667 com.
1200 4657 1216 4675 ‚
1239 4624 1481 4666 Andreae
1506 4623 1713 4674 Frusio,
1737 4624 1798 4667 de
1820 4623 2061 4678 Baptista
2082 4624 2125 4668 T
2127 4637 2295 4670 avono
2317 4632 2369 4669 et
2403 4625 2706 4669 Eleutherio
2729 4626 2964 4669 Pontano
2985 4626 3151 4670 Roma

664 4695 950 4747 mittendis,
972 4697 1025 4737 27
1050 4695 1290 4750 Augusti.
