3679 5414
782 426 893 484 562
1707 423 1961 483 Canon.
2004 422 2157 483 Soc.
2200 424 2339 496 Jsss.

775 571 1229 646 ostendisset,
1266 570 1608 633 deductus
1637 562 1746 631 est
1777 569 1872 631 ad
1899 569 2428 648 magistratum,
2462 576 2540 633 ut
2566 569 2745 648 dixi,
2781 567 3237 648 haereticum,

774 687 851 743 ut
894 679 1016 758 qui
1051 677 1517 740 ecclesiarum
1566 693 1813 739 curam
1854 685 2043 739 esset
2084 675 2473 739 habiturus.
2526 675 2720 739 Nihil
2768 676 2883 739 ille
2934 686 3099 740 tunc
3136 695 3241 740 re-

771 786 1015 867 sponsi
1044 785 1267 862 dedit,
1300 801 1432 847 nec
1464 782 1758 846 Missam
1787 783 2199 845 celebrandi
2236 783 2647 847 facultatem
2688 792 2857 847 tunc
2898 785 3234 864 permisit;

771 892 897 955 sed
924 901 1304 972 postquam
1334 890 1569 953 omnia
1600 898 1792 952 recte
1831 889 2349 969 consideravit,
2389 890 2691 953 liberum
2728 892 2796 954 ei
2839 892 3120 971 reliquit
3164 900 3239 953 ut

770 1000 1040 1062 faceret
1070 998 1408 1079 quidquid
1435 997 1526 1059 ad
1556 997 1957 1059 animarum
1986 1013 2235 1059 curam
2263 997 2671 1077 pertineret.
2710 997 2873 1077 Ipso
2912 1014 3086 1077 ergo
3126 998 3238 1061 die

772 1107 1080 1170 Sanctae
1112 1104 1541 1169 Catharinae
1583 1103 1878 1166 Missam
1915 1103 2275 1166 celebrare
2315 1104 2580 1183 coepit,
2623 1113 2694 1167 et
2731 1105 3087 1168 dominica
3128 1106 3238 1170 die

773 1214 1096 1294 sequenti
1125 1213 1540 1276 concionem
1569 1212 1661 1273 ad
1699 1212 2038 1291 populum
2075 1211 2367 1289 habens,
2416 1213 2730 1275 omnium
2760 1229 2837 1275 se
2867 1213 3237 1293 spirituali·

771 1322 906 1384 bus
934 1320 1327 1384 commodis
1356 1320 1609 1382 obtulit
1637 1329 1704 1381 et
1749 1319 2110 1398 exposuit3
2154 1318 2258 1382 sic
2296 1319 2486 1381 enim
2533 1319 2621 1382 ab
2663 1320 3065 1383 obedientia
3108 1322 3238 1384 sibi

774 1429 1164 1509 injunctum
1195 1445 1382 1505 esse,
1416 1444 1545 1489 nec
1576 1426 1747 1489 illud
1777 1444 1819 1487 a
1851 1444 1927 1488 se
1957 1443 2212 1488 munus
2242 1426 2636 1506 quaesitum
2654 1477 2668 1505 ,
2705 1428 2829 1490 sed
2859 1446 2902 1489 a
2932 1430 3239 1509 superio·

773 1537 971 1600 ribus
1013 1534 1402 1615 injunctum
1440 1534 1573 1596 sibi
1611 1533 1852 1595 fuisse.
1906 1532 1993 1596 Et
2045 1550 2206 1595 cum
2254 1541 2418 1612 post
2466 1533 2835 1596 meridiem
2883 1535 3120 1616 aliqua
3165 1553 3240 1599 se

771 1644 992 1706 verba
1032 1642 1388 1706 facturum
1426 1648 1614 1702 esset
1655 1639 2044 1719 pollicitus,
2101 1647 2299 1701 tanta
2340 1639 2713 1704 multitudo
2754 1643 3119 1721 convenit,
3164 1654 3242 1706 ut

771 1751 1148 1814 ecclesiam
1166 1748 1492 1829 repleret,
1521 1755 1592 1809 et
1619 1747 1918 1809 chorum
1948 1755 2015 1809 et
2046 1747 2278 1826 ipsum
2308 1764 2744 1826 organorum
2774 1750 3030 1826 locum,
3059 1750 3239 1813 inter

770 1876 948 1939 quos
978 1858 1379 1937 complures
1409 1863 1616 1918 erant
1642 1854 2079 1917 sacerdotes.
2112 1854 2290 1918 Cum
2320 1865 2557 1917 autem
2594 1873 2680 1918 ea
2719 1856 3015 1920 dixisset
3060 1875 3239 1937 quae

769 1966 1116 2029 Dominus
1145 1965 1243 2029 illi
1267 1963 1584 2037 dederat,
1615 1962 1707 2025 ad
1737 1962 1952 2026 aliam
1981 1962 2233 2024 deinde
2264 1963 2641 2026 ecclesiam
2672 1980 2749 2026 se
2779 1965 3096 2043 contulit,
3122 1966 3238 2028 ubi

771 2074 970 2151 pueri
1023 2082 1092 2136 et
1129 2072 1407 2152 puellae
1461 2080 1530 2133 et
1573 2069 1790 2149 aliqui
1835 2069 2049 2131 etiam
2103 2068 2423 2132 homines
2462 2083 2982 2145 convenerant,
3036 2080 3106 2135 et
3146 2072 3239 2134 ibi

770 2180 1233 2243 christianam
1284 2178 1680 2241 doctrinam
1739 2175 1974 2238 edocti
2024 2185 2207 2238 sunt.
2262 2174 2422 2239 Viri
2471 2176 2622 2256 eJus
2673 2179 2917 2258 oppidi
2968 2180 3233 2257 civileS,

769 2288 1027 2351 eruditi
1078 2296 1146 2349 et
1190 2286 1448 2348 divites
1487 2284 1663 2346 satis
1702 2292 1897 2362 sunt,
1941 2293 2009 2346 et
2050 2282 2301 2363 majori
2338 2302 2429 2346 ex
2467 2294 2671 2364 parte
2709 2286 2907 2365 boni;
2953 2287 3232 2368 hospeS‚

769 2394 958 2475 apud
987 2411 1199 2473 quem
1229 2391 1649 2468 divertebat,
1683 2392 1954 2470 primus
1983 2390 2113 2453 fuit
2144 2391 2262 2469 qui
2294 2390 2663 2455 confessus
2693 2403 2801 2457 est
2832 2403 2902 2457 et
2932 2412 3237 2459 commu·

769 2501 1061 2562 nicavit.
1098 2499 1175 2561 In
1204 2498 1461 2560 vicinis
1491 2498 1667 2559 locis
1700 2498 1900 2559 multi
1930 2497 2213 2577 quidem
2252 2497 2595 2561 haeretici
2633 2510 2870 2579 erant,
2911 2502 3125 2565 immo
3170 2513 3238 2565 et

768 2606 1312 2669 haeresiarchae
1342 2604 1683 2681 nonnulli,
1720 2612 1795 2665 ut
1826 2604 1947 2684 qui
1979 2604 2147 2666 olim
2176 2602 2408 2667 fuerat
2436 2604 2832 2687 Episcopus
2860 2607 3135 2686 Istriae,
3168 2619 3237 2671 et

769 2713 1214 2777 diversarum
1244 2713 1668 2792 religionum
1699 2720 2100 2793 apostatae;
2133 2710 2257 2775 sed
2287 2712 2661 2793 Morbegni
2689 2716 2863 2778 nihil
2901 2718 3042 2780 tale
3079 2734 3235 2781 esse

768 2821 1212 2884 cernebatur.
1250 2819 1808 2884 Admirabantur
1839 2830 1916 2883 ut
1946 2820 2033 2883 de
2062 2837 2140 2882 re
2170 2819 2456 2883 insolita
2487 2822 2674 2900 quod
2712 2840 2843 2903 pro
2883 2825 3076 2887 nullo
3117 2825 3239 2887 mi·

767 2929 1060 2992 nisterio
1092 2928 1443 3009 spirituali
1474 2928 2003 3008 eleemosynam
2035 2927 2252 2990 ullam
2282 2928 2697 3008 accepisset,
2731 2930 2857 2992 sed
2885 2931 3120 3010 potius
3164 2941 3240 2994 ut

769 3038 841 3099 in
893 3053 1242 3117 pauperes
1280 3037 1772 3114 eleemosynas
1811 3035 1970 3097 illas
2013 3033 2416 3096 conferrent
2453 3034 2885 3099 hortaretur.
2934 3037 3236 3102 Ratione

769 3144 1143 3207 Adventus
1187 3141 1333 3222 jam
1386 3141 1703 3204 inchoati
1765 3141 1966 3203 multi
2015 3148 2540 3203 sacramentum
2589 3142 3059 3208 confessionis
3102 3145 3233 3208 fre·

768 3251 1229 3331 quentabant.
1265 3249 1443 3313 Cum
1489 3265 1751 3327 magna
1791 3248 2094 3327 denique
2133 3248 2617 3311 consolatione
2661 3249 2815 3329 eJ'us
2851 3254 3231 3315 communi·

767 3357 937 3420 tatis
976 3358 1072 3419 ibi
1111 3366 1442 3419 versatus
1480 3364 1608 3418 est.
1650 3354 2012 3435 Pauperes
2060 3355 2276 3417 etiam
2316 3355 2405 3416 ab
2445 3373 2529 3418 eo
2568 3367 2731 3419 sunt
2780 3357 3024 3437 adJuti3
3071 3377 3237 3422 nam

767 3465 1007 3527 omnia
1037 3466 1514 3527 emolumenta
1544 3463 1843 3542 parochi
1873 3461 1944 3523 in
1974 3479 2220 3524 eorum
2245 3463 2618 3525 utilitatem
2659 3467 2985 3529 converti
3014 3467 3241 3530 voluit

767 3590 895 3652 per
926 3572 1305 3652 quemdam
1335 3570 1426 3633 ad
1458 3571 1528 3633 id
1557 3569 1995 3649 deputatum.
2030 3567 2514 3647 Displicebant
2544 3571 2643 3633 illi
2675 3572 2854 3635 retia
2885 3575 3105 3637 multa
3136 3575 3227 3636 ad

767 3680 1145 3758 pecuniam
1176 3676 1608 3763 captandam
1636 3677 1938 3756 proponi
1969 3675 2176 3739 solita
2221 3676 2293 3738 in
2331 3677 2734 3758 baptismis,
2778 3679 3234 3744 confessioni·

768 3787 920 3863 buS,
956 3786 1193 3848 missis
1222 3784 1796 3864 parturientium,
1831 3792 1901 3845 et
1931 3800 2354 3862 sponsarum
2383 3784 3022 3867 benedictionibus,
3056 3806 3238 3851 mor·

771 3903 1053 3954 tuorum
1083 3892 1497 3972 sepulturiS,
1533 3899 1600 3953 et
1632 3890 2276 3970 communionibus3
2310 3900 2379 3953 et
2422 3894 2751 3971 quamvis
2796 3897 3241 3959 consuetudi-

771 4015 900 4062 nes
946 3999 1171 4062 bonas
1210 4017 1354 4062 non
1405 4015 1562 4061 esse
1592 3997 2092 4077 relinquendas
2131 3997 2418 4078 quidam
2455 4010 2954 4082 causarentur,
3003 4012 3241 4066 tamen

771 4114 846 4169 ut
878 4106 1263 4187 quidquam
1295 4107 1549 4168 horum
1581 4106 1974 4184 susciperet
2010 4121 2373 4184 nunquam
2414 4116 2522 4169 est
2561 4108 2930 4172 adductus.
2972 4109 3243 4174 Doctor

771 4212 1095 4291 quidam,
1129 4220 1199 4275 et
1229 4213 1416 4276 idem
1446 4212 1606 4292 pius
1635 4221 1705 4274 et
1735 4211 2124 4291 spiritualis
2152 4211 2286 4288 vir,
2335 4215 2452 4292 qui
2493 4215 2877 4280 multorum
2917 4218 3243 4280 sacerdo-

770 4328 919 4381 tum
951 4336 1196 4382 curam
1227 4321 1300 4383 in
1337 4320 1474 4382 illis
1513 4319 1688 4382 locis
1727 4318 2053 4398 gerebat,
2087 4317 2241 4398 ejus
2284 4320 2726 4386 obedientiae
2770 4341 2845 4386 se
2890 4324 3239 4405 subjicere

768 4426 1074 4489 volebat.
1129 4427 1259 4490 His
1312 4428 1530 4508 igitur
1585 4427 1880 4506 aliisque
1930 4426 2273 4489 similibus
2324 4428 2653 4508 operibus
2703 4431 2909 4494 bonis
2959 4431 3239 4496 deditus

770 4533 960 4612 quod
988 4534 1337 4615 reliquum
1365 4543 1519 4598 erat
1548 4534 1754 4615 hujus
1784 4534 1952 4596 anni
1981 4534 2241 4596 ibidem
2278 4535 2548 4614 exegit3
2595 4546 2665 4599 et
2706 4538 2876 4601 illud
2915 4556 3085 4602 vere
3116 4541 3244 4602 mi·

768 4657 930 4702 rum
962 4650 1299 4722 expertus
1329 4652 1467 4719 est,
1512 4642 1696 4722 quod
1741 4642 2069 4722 quamvis
2110 4641 2199 4704 ad
2242 4641 2679 4721 frequentem
2725 4646 3246 4710 confessionem
