3679 5414
1591 461 1718 519 Ax.
1766 461 1906 519 1550
2914 462 2978 523 81

512 609 1104 672 scholasticorum
1143 607 1625 672 confitentium
1654 616 1724 670 et
1757 606 2451 681 communicantium,
2486 608 2605 688 qui
2628 608 2718 670 ad
2741 607 2983 671 decem

512 727 586 779 et
612 723 885 796 septem
911 723 1411 796 pervenerunt,
1447 723 1857 777 nostrorum
1888 713 2448 777 consolationem
2480 714 2699 777 auxit.

644 820 776 885 183.
865 821 1109 885 Crevit
1139 822 1353 884 etiam
1383 820 1455 885 in
1495 820 1956 883 concionibus
1995 819 2070 883 P.
2116 820 2381 884 Canisii
2412 822 2983 885 auditorumfre-

512 929 825 1009 quentia,
858 937 928 991 et
956 945 1234 1005 eorum,
1269 928 1387 1008 qui
1428 927 1517 990 ad
1549 927 2010 991 Sacramenta
2043 928 2474 991 accedebant
2503 937 2574 991 et
2601 929 2984 993 haeretico-

516 1053 675 1099 rum
722 1035 940 1099 libros
980 1035 1242 1098 nostris
1291 1034 1773 1113 resignabant.
1828 1034 2171 1098 Curatum
2222 1044 2328 1097 est
2378 1043 2614 1097 autern
2665 1036 2754 1097 ab
2797 1054 2880 1099 eo
2912 1045 2986 1099 ut

514 1143 803 1206 nomine
831 1143 1112 1222 publico
1148 1151 1527 1205 caveretur
1567 1159 1655 1204 ne
1690 1142 1847 1222 quis
1887 1150 2009 1204 aut
2049 1141 2391 1204 venderet
2427 1151 2547 1204 aut
2577 1151 2848 1205 teneret
2878 1161 2985 1206 su·

515 1258 799 1329 spectos
829 1248 1133 1327 codiceS,
1162 1258 1230 1312 et
1254 1249 1300 1311 ii
1324 1266 1366 1310 a
1390 1249 1604 1311 certis
1632 1266 1718 1312 ac
1748 1248 2122 1327 fidedignis
2152 1248 2326 1310 viris
2348 1247 2439 1311 ad
2467 1248 2604 1310 hoc
2633 1248 2987 1329 deputatis

513 1356 995 1432 visitarentur,
1024 1373 1167 1418 non
1187 1356 1260 1418 in
1283 1355 1581 1435 publicis
1603 1363 1878 1417 tantum
1899 1355 2341 1418 bibliothecis
2364 1355 2488 1418 sed
2511 1355 2727 1418 etiam
2751 1356 2822 1418 in
2844 1358 2978 1436 pri·

510 1464 706 1527 ‘vatis
733 1464 1115 1526 multorum
1147 1462 1485 1525 cubiculis
1520 1459 1561 1525 ¹.

643 1569 775 1632 184.
865 1570 1041 1632 Tres
1072 1570 1240 1632 mali
1261 1569 1565 1649 exempli
1589 1568 2079 1632 adolescentes
2100 1580 2425 1632 curatum
2449 1580 2577 1649 est,
2604 1581 2680 1634 ut
2706 1571 2794 1633 ab
2821 1571 2984 1635 Uni·

512 1677 855 1740 versitate
884 1678 1397 1757 relegarentur,
1433 1693 1572 1756 quo
1605 1673 1934 1738 effectum
1964 1684 2072 1739 est
2098 1684 2177 1739 ut
2205 1677 2384 1739 alios
2408 1686 2638 1740 terror
2663 1678 2733 1740 in
2759 1678 2987 1742 officio

514 1784 936 1847 contineret.

641 1889 772 1953 185.
863 1890 1244 1953 Desierunt
1273 1889 1713 1968 professores
1741 1889 1961 1951 libros
1987 1889 2386 1952 haereticos
2427 1901 2495 1953 et
2535 1892 2870 1970 privatim
2916 1902 2986 1956 et

514 1997 791 2079 publice
819 1998 1253 2077 praelegere,
1289 2005 1357 2060 et
1387 1996 1692 2059 accessit
1721 1997 1957 2058 cautio
1996 2014 2086 2058 ne
2114 1996 2187 2058 in
2226 2007 2591 2076 posterum
2633 2001 2987 2079 praelege-

518 2114 765 2168 rentur
791 2121 924 2167 nec
954 2104 1469 2182 Ingolstadium
1500 2103 2026 2166 inveherentur.

643 2211 776 2273 186.
867 2211 1045 2275 Cum
1072 2211 1145 2273 in
1175 2210 1491 2289 Collegio
1521 2210 1799 2289 publico
1827 2210 2309 2273 studiosorum
2331 2209 2595 2290 Jejunia
2636 2214 2976 2291 praescri-

518 2329 642 2398 pta
671 2318 761 2380 ab
789 2318 1110 2381 Ecclesia
1140 2335 1284 2381 non
1314 2318 1889 2396 observarentur,
1924 2326 2000 2379 ut
2033 2318 2297 2380 abusus
2328 2317 2444 2380 hic
2478 2317 2985 2383 reformaretur

520 2434 849 2488 curatum
876 2433 1004 2489 est.

644 2532 777 2595 187.
866 2532 1281 2612 Complures
1303 2531 1826 2594 ecclesiasticos
1849 2531 2191 2608 homineS,
2221 2532 2340 2611 qui
2364 2532 2748 2595 canonicas
2769 2534 2984 2597 horas

518 2657 665 2703 non
694 2640 1111 2719 recitabant,
1145 2647 1222 2701 ut
1251 2639 1387 2701 hoc
1415 2655 1713 2719 pensum
1744 2637 1952 2700 simul
1977 2654 2139 2700 cum
2162 2638 2334 2719 ipsis
2364 2641 2850 2720 persolverent
2871 2658 2985 2704 cu·

517 2757 791 2825 rarunt,
827 2756 897 2810 et
926 2746 1270 2810 recitandi
1299 2762 1569 2809 morem
1594 2746 2008 2824 docuerunt,
2036 2763 2246 2825 quem
2270 2747 2341 2809 in
2363 2756 2724 2826 posterum
2746 2758 2983 2812 tenue·

518 2865 705 2933 runt;
739 2855 831 2917 ad
857 2855 1157 2917 vestitus
1185 2854 1400 2917 etiam
1439 2854 1882 2916 honestatem
1911 2851 2308 2932 huiusmodi
2347 2853 2668 2917 homines
2699 2857 2984 2919 adducti

522 2971 708 3025 sunt.

646 3068 778 3131 188.
868 3068 1165 3132 Cuidam
1194 3067 1351 3130 viro
1381 3067 1719 3147 primario
1763 3067 2106 3130 exercitia
2146 3076 2310 3130 sunt
2339 3085 2501 3130 cum
2540 3085 2801 3148 magno
2847 3068 2983 3132 fru-

517 3185 637 3239 ctu
664 3176 1028 3257 proposita
1055 3184 1125 3237 et
1152 3176 1226 3237 in
1254 3173 1610 3237 Natalitiis
1638 3173 1837 3236 festis
1863 3172 2350 3237 confitentium
2373 3183 2441 3237 et
2463 3175 2982 3239 communican-

516 3283 694 3346 tium
722 3301 809 3346 ea
836 3283 966 3346 fuit
993 3281 1408 3361 frequentia,
1443 3298 1625 3361 quae
1657 3282 1746 3343 ab
1778 3281 1978 3343 initio
2010 3280 2444 3344 Academiae
2486 3291 2869 3361 conspecta
2898 3301 2983 3346 eo

516 3392 587 3452 in
617 3392 774 3453 loco
795 3407 940 3452 non
960 3388 1212 3466 fuerat,
1243 3388 1332 3451 ad
1355 3388 1545 3467 quod
1566 3388 1752 3450 illius
1774 3387 1935 3466 viri,
1965 3387 2084 3468 qui
2106 3388 2343 3451 multis
2365 3398 2716 3467 praeerat,
2748 3399 2984 3452 aucto·

517 3498 694 3560 ritas
714 3497 1093 3577 plurimum
1115 3496 1361 3573 valuit;
1384 3506 1454 3557 et
1477 3495 1574 3556 ita
1596 3495 1812 3557 etiam
1844 3495 2193 3575 quaedam
2224 3511 2355 3574 pro
2388 3494 2732 3574 religione
2766 3498 2982 3560 omni·

518 3605 650 3667 bus
677 3603 1014 3667 studiosis
1043 3603 1501 3683 proponenda
1533 3602 2127 3682 conscripserunt,
2163 3618 2344 3680 quae
2373 3603 2745 3682 provincia
2776 3605 2912 3667 illis
2941 3623 2985 3667 a

517 3711 1002 3792 superioribus
1030 3720 1137 3773 est
1167 3709 1502 3790 injuncta.

646 3817 780 3881 189.
868 3817 1204 3882 Coloniae
1243 3817 1523 3881 interim
1562 3815 1638 3879 P.
1684 3816 2098 3879 Leonardus
2138 3823 2208 3878 et
2256 3816 2815 3880 confessionibus
2868 3836 2984 3883 au·

518 3925 794 3988 diendis
821 3935 890 3989 et
920 3925 1527 3988 exhortationibus
1557 3923 1648 3986 ad
1690 3922 2047 3986 studiosos
2089 3922 2460 4002 habendis,
2509 3925 2987 4003 spiritualibus

518 4032 734 4095 etiarn
761 4033 1120 4097 exercitiis
1149 4030 1532 4106 tradendis,
1559 4030 1821 4092 utiliter
1850 4030 1923 4092 in
1952 4030 2073 4092 illa
2098 4029 2385 4092 Domini
2415 4031 2624 4093 vinea
2657 4033 2985 4095 versaba-

517 4148 655 4202 tur.
681 4138 1233 4219 Quatuordecim
1262 4139 1749 4203 adolescentes
1778 4151 2019 4198 secum
2049 4136 2378 4214 habebat,
2405 4155 2496 4200 ex
2520 4139 2770 4218 quibus
2794 4139 2987 4219 quin-

518 4264 656 4326 que
685 4246 964 4309 dotibus
993 4246 1302 4326 egregiis
1339 4244 1639 4325 praediti
1680 4261 1807 4324 per
1846 4243 2108 4306 emissa
2146 4253 2319 4307 vota
2358 4243 2665 4308 Domino
2711 4264 2786 4308 se
2827 4264 2987 4308 con·

519 4371 805 4417 secrare
834 4356 1240 4433 voluerant,
1284 4362 1351 4415 et
1393 4369 1553 4414 curn
1597 4351 1774 4414 satis
1816 4350 2099 4431 probati
2137 4351 2570 4431 viderentur,
2617 4353 2708 4415 ad
2748 4371 2834 4416 ea
2874 4354 2989 4416 ad·

602 4558 617 4588 ¹
678 4556 949 4608 Polancu3‚
982 4568 1050 4599 ex
1071 4557 1463 4606 commissione,
1496 4554 1651 4598 Petro
1688 4554 1922 4607 Canisio,
1952 4555 2012 4597 de
2048 4555 2329 4600 haereticis
2362 4559 2692 4601 absolvendis
2728 4567 2778 4603 et
2818 4573 2993 4605 eorum

517 4628 667 4672 libris
685 4629 933 4682 lege-adiu
954 4628 1116 4672 mittit
1137 4629 1182 4671 ei
1206 4628 1365 4672 etiam
1394 4627 1749 4671 authenticum
1780 4632 2162 4681 transumptum
2198 4628 2376 4672 Bullae
2409 4628 2473 4672 In
2510 4628 2678 4673 Coena
2711 4631 2949 4685 Domini,
2967 4637 2994 4676 6

529 4699 849 4743 Decembris.

2677 4793 2712 4850 6
