3679 5414
680 435 795 494 660
1602 434 1857 495 Cnnox.
1900 435 2052 494 Soc.
2096 437 2237 508 JES.

678 600 809 644 sex
840 581 1251 645 sacerdotes
1280 599 1369 644 ex
1399 582 1695 660 nostriS,
1729 581 1791 644 si
1829 580 2204 645 duodecim
2243 580 2572 661 fuissent,
2607 583 3023 667 satisfacere
3052 592 3153 646 ta-

675 707 841 752 men
870 689 1292 769 quibusdam
1331 690 1765 768 temporibus
1804 690 2065 769 populo
2103 707 2247 753 non
2287 691 2707 770 potuissent.
2751 690 2958 754 Certe
2989 708 3152 753 cum

668 795 1055 876 Jubilaeum
1085 814 1127 859 a
1163 796 1502 860 Pontifice
1534 814 1952 860 concessum
1984 815 2067 860 eo
2098 797 2456 878 pervenit,
2490 798 2656 861 licet
2685 806 2835 860 tota
2865 816 3149 878 praece-

668 904 882 967 dente
913 904 1356 969 hebdomada
1388 905 1655 968 assidui
1685 904 2067 969 admodum
2089 905 2161 967 in
2184 906 2753 969 confessionibus
2783 904 3151 969 audiendis

670 1011 967 1076 fuissent
987 1061 1001 1090 ,
1035 1013 1107 1075 in
1137 1011 1287 1091 eJus
1316 1012 1452 1076 fine
1483 1021 1708 1075 totam
1736 1022 2021 1076 noctem
2051 1012 2355 1092 vigilare
2388 1013 2479 1075 ad
2511 1014 2834 1076 homines
2863 1013 3146 1076 audien-

668 1119 802 1182 dos
834 1121 1169 1200 oportuit.

721 1242 727 1248 ’
788 1226 932 1289 547.
1018 1225 1178 1289 Non
1208 1228 1529 1290 omittam
1560 1237 1797 1290 autem
1829 1227 2040 1308 quod,
2074 1244 2237 1290 cum
2260 1226 2395 1290 hoc
2419 1225 2805 1306 jubilaeum
2835 1227 3027 1289 circa
3052 1224 3143 1289 fe-

666 1344 857 1397 stum
887 1333 975 1397 D.
1009 1334 1263 1417 Jacobi
1291 1333 1584 1415 Majoris
1617 1344 1685 1397 et
1725 1335 2231 1415 Hispaniarum
2260 1335 2544 1415 patroni
2575 1335 2982 1412 accidisset,
3014 1350 3144 1414 pro

666 1443 962 1523 antiquo
1002 1459 1200 1505 more
1240 1443 1426 1505 illius
1465 1443 1670 1521 regni
1714 1442 1903 1505 tauri
1945 1452 2147 1505 erant
2199 1441 2555 1521 agitandi;
2607 1443 2880 1522 equites
2932 1441 3145 1528 etiam

667 1550 834 1613 ludo
879 1550 1302 1613 arundinum
1348 1558 1623 1613 certare
1675 1551 1984 1613 invicem
2033 1551 2530 1625 decreverant,
2577 1566 2758 1630 quae
2796 1566 2914 1612 res
2961 1550 3144 1612 male

670 1655 921 1721 Patres
964 1667 1250 1721 nostros
1292 1658 1629 1736 habebat,
1675 1675 1837 1721 cum
1888 1658 2001 1721 die
2048 1658 2508 1738 praecedenti
2545 1655 2693 1720 fere
2735 1674 2980 1719 omnes
3017 1674 3143 1737 per

668 1764 1189 1828 confessionem
1237 1766 1353 1827 vel
1398 1765 1967 1829 communionem
2016 1765 2106 1828 ad
2138 1763 2523 1844 jubilaeum
2560 1764 3017 1827 obtinendum
3064 1780 3141 1826 se

664 1870 1204 1952 disposuissent.
1238 1871 1413 1935 Erat
1451 1872 1522 1935 id
1554 1872 1893 1951 temporis
1929 1872 2305 1935 Valentiae
2340 1871 2417 1935 P.
2460 1871 2819 1951 Baptista,
2851 1869 3134 1949 Rector,

664 1979 791 2042 'sed
830 1988 992 2042 octo
1040 1997 1129 2042 ex
1176 1980 1461 2057 nostriS,
1509 1997 1806 2058 quorum
1845 1988 2149 2058 quatuor
2189 1978 2599 2042 sacerdotes
2637 1989 2877 2056 erant,
2932 1976 3135 2041 ludos

666 2087 822 2166 hOS,
857 2088 978 2166 qui
1007 2104 1261 2166 parum
1290 2087 1675 2149 convenire
1707 2087 1797 2149 ad
1828 2086 1961 2149 Dei
1991 2097 2060 2149 et
2089 2084 2335 2151 Sancti
2376 2086 2624 2169 Jacobi
2662 2087 3005 2148 honorem
3035 2085 3134 2147 vi-

659 2193 1010 2257 debantur
1032 2243 1046 2272 ,
1081 2194 1419 2274 impedire
1449 2194 1618 2256 totis
1647 2194 1952 2272 viribuS,
1988 2194 2233 2257 habita
2263 2194 2599 2256 facultate
2630 2212 2671 2257 a
2701 2201 3131 2274 prorectore,

659 2300 891 2364 adnisi
916 2309 1102 2364 sunt.
1132 2300 1452 2379 Quatuor
1472 2288 1654 2379 ergo'
1674 2318 1764 2363 ex
1785 2301 2174 2380 praedictis
2204 2301 2278 2363 in
2300 2302 2612 2380 plateam
2634 2317 2710 2363 se
2735 2297 3129 2377 conferunt,

658 2408 932 2487 primus
961 2417 1030 2470 et
1059 2408 1346 2471 ultimus
1376 2406 1586 2470 nudis
1609 2408 1960 2486 capitibus
1990 2417 2060 2471 et
2089 2407 2407 2489 pedibuS,
2442 2417 2510 2471 et
2539 2417 2616 2470 ut
2645 2408 2971 2487 superius
2992 2406 3133 2469 Va-

657 2515 917 2577 lentiae
947 2514 1217 2578 sactum
1245 2513 1507 2590 fuerat,
1542 2514 1833 2577 funibus
1865 2517 2045 2578 collo
2070 2509 2548 2591 circumdatis,
2576 2524 2646 2577 et
2668 2515 2920 2577 horum
2943 2522 3131 2576 ante-

658 2622 805 2685 rior
835 2639 1172 2701 magnam
1197 2622 1579 2701 imaginem
1600 2621 1959 2701 Crucifixi,
1989 2624 2274 2686 ultimus
2308 2623 2701 2686 calvariam
2729 2621 2990 2684 mortui
3020 2620 3131 2684 de-

655 2728 951 2808 ferebat,
986 2730 1125 2792 duo
1159 2728 1561 2792 intermedii·
1587 2729 1777 2792 nuda
1798 2739 2028 2809 terga,
2055 2731 2368 2794 brachiis
2392 2730 2606 2793 etiam
2629 2729 2860 2807 nudiS,
2887 2727 3133 2808 flagris

658 2836 1076 2901 caedebant.
1122 2836 1608 2900 Pervenerunt
1638 2837 1875 2918 itaque
1907 2838 1980 2901 in
2009 2839 2320 2918 plateam
2359 2846 2754 2919 opportune
2792 2854 2955 2900 cum
2992 2835 3127 2915 pri-

657 2962 814 3008 mus
843 2953 1090 3009 taurus
1122 2945 1434 3025 agitatus
1457 2945 1689 3008 fuerat
1719 2954 1785 3007 et
1810 2946 2146 3024 inclusus,
2183 2955 2250 3008 et
2280 2963 2366 3007 ea
2396 2945 2482 3007 de
2507 2962 2726 3008 causa
2757 2960 3005 3006 secure
3030 2944 3126 3004 in-

653 3052 860 3130 gredi
891 3053 962 3115 in
993 3054 1301 3133 plateam
1329 3052 1557 3115 nostri
1585 3062 2000 3133 potuerunt;
2035 3071 2281 3116 omnes
2312 3062 2549 3115 autem
2571 3059 3122 3131 exspectatoreS,

653 3167 800 3222 tam
822 3160 1097 3222 incolae
1122 3178 1334 3240 quam
1358 3153 1654 3236 externi,
1683 3161 1817 3223 hoc
1847 3162 2256 3240 spectaculo
2280 3161 2735 3232 vehementer
2760 3158 3118 3234 commoti,

648 3277 1036 3347 coeperunt
1065 3267 1345 3346 magnis
1381 3267 1673 3331 vocibus
1712 3276 1780 3330 et
1822 3268 2203 3347 gemitibus
2242 3266 2802 3330 misericordiam
2841 3264 3114 3328 concla-

648 3389 869 3436 mare.
901 3374 1365 3438 Adscendens
1397 3384 1635 3437 autem
1656 3374 1926 3453 gradus
1950 3375 2295 3455 quosdam
2317 3391 2498 3437 unus
2521 3392 2611 3436 ex
2635 3382 2937 3453 quatuor
2961 3388 3110 3434 coe-

645 3480 748 3559 pit
768 3481 1027 3561 populo
1052 3481 1484 3544 concionari.
1511 3481 1787 3545 Interea
1809 3482 2062 3561 reliqui
2094 3491 2399 3568 quatuor
2421 3498 2584 3543 cum
2614 3479 2825 3542 simili
2869 3478 3113 3541 ordine

641 3594 715 3649 et
743 3587 988 3650 habitu
1017 3606 1106 3650 ex
1137 3587 1454 3667 Collegio
1486 3598 1826 3651 exeuntes
1856 3597 1926 3651 et
1967 3577 2272 3669 primum
2313 3587 2552 3651 vic‘um
2593 3588 2941 3650 intrantes
2970 3603 3111 3648 ma-

640 3694 803 3772 gnis
826 3695 1124 3759 vocibus
1145 3695 1709 3758 misericordia-m
1732 3696 2248 3758 acclamabant.
2276 3694 2726 3759 Commotum
2748 3704 2855 3758 est
2876 3702 3111 3756 autem

638 3817 766 3864 cor
796 3799 1173 3881 cujusdam‘
1207 3802 1587 3882 aethiopiS,
1621 3803 1739 3883 qui
1781 3802 1968 3866 idem
2004 3804 2316 3866 clamare
2346 3803 2578 3883 coepit
2616 3811 2683 3865 et
2728 3799 3106 3864 confessio-

636 3925 800 3971 nem
836 3912 1221 3989 postulare.
1267 3903 1446 3972 Cum
1487 3918 1724 3972 autem
1765 3918 1833 3972 et
1873 3909 1945 3972 hi
1986 3909 2076 3972 ad
2105 3911 2415 3990 plateam
2455 3908 2976 3989 pervenissent,
3010 3907 3104 3969 in-

633 4024 945 4078 novatae
975 4026 1137 4078 sunt
1166 4033 1389 4079 voces
1420 4024 1488 4079 et
1536 4017 1922 4097 lacrymae.
1955 4016 2356 4079 Veniebant
2386 4025 2622 4079 autem
2649 4033 2776 4096 per
2807 4016 3105 4078 alterum

629 4119 819 4184 latus
845 4123 1146 4202 plateae,
1176 4123 1365 4202 quod
1389 4122 1724 4186 tabulatis
1746 4133 1815 4186 et
1838 4123 2240 4187 hominibus
2270 4140 2480 4203 super
2506 4123 2756 4186 eadem
2783 4130 3099 4203 spectan-

628 4228 815 4292 tibus
843 4230 1129 4309 plenum
1158 4239 1335 4294 erat.
1380 4230 1862 4293 Accesserunt
1890 4239 2131 4294 autem
2163 4230 2256 4293 ad
2290 4232 2557 4310 locum,
2593 4230 2666 4292 in
2695 4247 2834 4309 quo
2862 4228 3103 4292 Duces

624 4344 830 4398 erant
858 4345 928 4399 et
957 4337 1329 4400 multitudo
1360 4338 1672 4417 equitum
1701 4347 1771 4401 et
1802 4338 2246 4400 clericorum.
2291 4338 2394 4401 Ibi
2424 4347 2659 4401 autem
2689 4335 3102 4399 concionari
3176 4386 3184 4393 .

621 4443 857 4524 coepit
906 4445 1086 4507 alter
1129 4462 1218 4507 ex
1276 4444 1615 4508 fratribus
1664 4461 1928 4523 magno
1978 4462 2141 4508 cum
2188 4444 2509 4518 fervore,
2571 4443 3099 4523 insurgentibus

619 4549 873 4613 crebro
925 4551 1141 4614 totius
1199 4551 1668 4615 multitudinis
1715 4552 2148 4615 clamoribus
2199 4550 2760 4615 misericordiam
2808 4550 3096 4615 Domini

616 4654 1182 4736 implorantibus.
1227 4659 1797 4739 Lacrymabatur
1838 4660 2055 4723 etiam
2085 4657 2309 4723 Ducis
2340 4676 2520 4723 uxor
2552 4675 2712 4723 cum
2741 4659 2854 4722 sui
2883 4658 3094 4723 comi.-
