3679 5414
790 458 902 515 674
1679 455 1935 515 Cimon.
1978 453 2131 512 Soc.
2173 455 2312 527 JEs.

790 602 1081 680 ligentia
1105 601 1442 678 adhibita,
1473 618 1613 662 non
1638 601 1946 663 inveniri
1969 608 2348 680 potuerunt
2380 617 2563 679 quae
2591 599 2666 661 in
2689 600 3000 663 mantica
3028 610 3261 679 erant,

790 708 1120 789 quamvis
1150 708 1305 788 ipsa
1337 709 1409 771 in
1437 710 1600 771 lacu
1632 708 1938 787 quodam
1981 707 2272 770 inventa
2312 715 2440 769 est.
2486 706 2664 770 Cum
2708 707 2924 785 igitur
2967 706 3264 772 Caesar-

790 825 1169 896 augustam
1199 816 1584 893 venissent,
1619 815 1792 878 fides
1832 832 1975 877 non
2014 823 2119 877 est
2162 813 2406 877 habita
2444 814 2543 876 illi
2585 813 2800 876 nobili
2840 814 3258 896 christianO,

788 940 918 985 nec
958 931 1114 986 erat
1152 924 1270 1002 qui
1314 939 1699 984 saracenos
1739 922 2148 1000 respiceret.
2191 919 2438 1001 Itaque
2490 920 2563 981 in
2606 921 2914 1000 quodam
2957 921 3261 1004 hospitio

782 1032 938 1093 sine
967 1030 1270 1111 pecunia
1300 1032 1495 1092 velut
1523 1030 1868 1092 attonitus
1908 1030 2022 1092 ille
2062 1045 2449 1091 saracenus
2494 1044 2656 1090 cum
2698 1029 2983 1093 famulis
3025 1047 3260 1095 mane·

785 1139 930 1218 bat,
966 1147 1034 1201 et
1075 1138 1251 1201 sa'tis
1298 1138 1602 1200 alienum
1645 1155 1687 1200 a
1733 1136 2123 1200 christiana
2164 1137 2508 1216 religione
2547 1136 2922 1200 videbatur
2960 1147 3038 1200 ut
3075 1148 3258 1201 cate-

784 1246 1118 1308 chumeni
1167 1245 1265 1308 illi
1316 1246 1418 1307 sic
1470 1245 1804 1315 destituti,
1842 1244 2432 1324 relinquerentur.
2488 1243 2703 1308 Pater
2740 1245 2978 1324 itaque
3017 1242 3254 1324 RojaS,

782 1354 1115 1432 quamvis
1144 1353 1320 1414 nihil
1351 1353 1644 1414 haberet
1674 1365 1962 1431 praeter
1992 1369 2371 1431 personam
2403 1370 2638 1431 suam,
2675 1353 2869 1415 illam
2909 1353 3157 1416 obtulit
3186 1363 3256 1416 et

782 1477 1065 1542 omnem
1096 1477 1408 1539 operam,
1445 1476 1656 1538 quam
1686 1467 1949 1538 posset,
1987 1457 2077 1520 ad
2107 1475 2492 1522 saracenos
2526 1459 2906 1539 J’uvandOS.
2943 1458 3256 1538 Rogavit

779 1584 958 1646 ergo
988 1567 1294 1630 nobilem
1326 1567 1518 1629 illum
1543 1564 2031 1639 christianum,
2060 1566 2180 1645 qui
2203 1548 2327 1628 e‘os
2350 1564 2744 1628 deduxerat
2765 1565 3255 1644 Caesaraugu—

783 1683 991 1752 stam,
1026 1683 1103 1737 ut
1135 1675 1224 1736 ad
1256 1674 1541 1736 domum
1573 1682 1894 1734 nostram
1926 1689 2048 1734 eos
2079 1672 2409 1750 mitteret;
2444 1682 2534 1751 et,
2579 1690 2741 1735 cum
2778 1673 3256 1736 examinasset

784 1783 1243 1844 intentionem
1276 1799 1360 1843 ac
1390 1781 1652 1842 bonum
1685 1780 1998 1842 animum
2028 1779 2212 1841 illius
2238 1780 2596 1857 saraceni,
2624 1778 2879 1858 maJori
2901 1798 3063 1844 cum
3086 1779 3253 1843 fidu·

783 1889 891 1952 cia
925 1899 993 1951 et
1024 1889 1517 1968 compassione
1541 1886 1692 1967 ejus
1713 1886 2078 1965 negotium
2102 1888 2473 1965 amplexus
2499 1895 2626 1964 est;
2657 1896 2726 1950 et
2748 1887 3037 1950 retinuit
3061 1887 3251 1950 domi

778 2005 1066 2059 nostrae
1098 1994 1228 2058 hos
1257 1995 1827 2071 catechumenOS,
1865 1993 2089 2055 donec
2131 1991 2704 2055 Gubernatorem
2746 2011 2907 2056 cum
2945 1993 3103 2057 aliis
3128 2011 3249 2057 no-

776 2104 1033 2167 bilibus
1100 2113 1168 2166 et
1236 2101 1874 2181 Archiepiscopum
1934 2100 2148 2161 etiam
2211 2101 2709 2180 alloqueretur.
2769 2099 3251 2164 Gubernatori

775 2220 1016 2274 autem
1046 2220 1115 2273 et
1145 2210 1300 2273 aliis
1340 2207 1763 2289 quibusdam
1801 2207 2177 2270 videbatur
2218 2206 2542 2270 fraudem
2589 2216 2711 2269 aut
2762 2208 3250 2287 deceptionem

776 2320 1089 2399 aliquam
1119 2318 1440 2393 subesse,
1475 2315 1802 2396 quamvis
1832 2314 1980 2376 fere
2010 2323 2159 2377 tota
2190 2314 2446 2377 civitas
2475 2313 2743 2378 factum
2775 2314 2849 2378 P.
2878 2315 3248 2379 Francisci

775 2426 863 2488 de
904 2425 1124 2503 Rojas
1154 2425 1503 2503 laudavit,
1537 2435 1606 2486 et
1638 2424 1789 2503 ipse
1819 2422 2302 2510 Gubernator,
2348 2424 2583 2485 omnia
2622 2425 3030 2487 necessaria
3062 2433 3249 2487 cate·

774 2534 1142 2596 chumenis
1174 2532 1774 2606 subministrabat.
1811 2530 2154 2593 Miserunt
2199 2538 2436 2593 autem
2480 2531 2573 2594 ad
2611 2531 3012 2611 Principem
3041 2549 3250 2612 pecu-

773 2640 1023 2702 liarem
1061 2640 1427 2718 nuncium,
1484 2640 1572 2701 ad
1624 2639 1825 2720 cujus
1870 2637 2254 2700 adventum
2297 2638 2689 2718 baptismus
2729 2648 2883 2701 erat
2923 2638 3248 2702 catechu-

776 2749 1002 2811 menis
1041 2748 1529 2812 conserendus.
1578 2747 1984 2810 Visitabant
2026 2745 2305 2809 interim
2354 2756 2423 2809 et
2467 2745 2917 2810 Gubernator
2946 2756 3015 2811 et
3045 2747 3247 2810 multi

774 2855 1046 2919 nobiles
1075 2865 1144 2919 et
1174 2857 1387 2918 etiam
1415 2855 1875 2935 Inquisitores
1898 2855 2086 2916 hunc
2109 2853 2415 2916 nobilem
2445 2855 3064 2934 catechumenum,
3099 2857 3240 2935 qui,

772 2981 1117 3044 responso
1150 2971 1446 3043 accepto
1495 2980 1584 3024 ex
1629 2961 1826 3024 curia
1867 2959 2084 3039 Regis
2128 2959 2468 3041 Philippi,
2500 2961 2898 3042 baptizatus
2941 2971 3049 3025 est
3090 2963 3243 3042 ipso

770 3069 883 3132 die
913 3068 1157 3134 Sancti
1187 3070 1520 3150 Philippi,
1556 3068 1883 3149 quamvis
1926 3065 2003 3128 P.
2047 3065 2264 3148 Rojas
2305 3066 2771 3131 differendum
2813 3069 3243 3149 baptismum

766 3179 1134 3257 censebat,
1172 3179 1335 3259 quia
1366 3177 1678 3241 nondum
1718 3175 2145 3239 maturuisse
2185 3174 2359 3238 satis
2402 3176 2537 3255 ipsi
2568 3175 2961 3240 videbatur.
2995 3175 3131 3240 Sed
3162 3195 3241 3240 re

767 3287 1025 3349 collata
1066 3305 1226 3351 cum
1265 3286 1807 3367 Inquisitoribus
1853 3292 1921 3346 et
1962 3283 2561 3363 ArchiepiscopO,
2607 3284 2889 3348 demum
2926 3285 3235 3365 baptiza-

767 3401 881 3455 tus
911 3402 1018 3455 est
1048 3403 1116 3456 et
1146 3404 1447 3457 vocatus
1477 3393 1826 3455 Dominus
1857 3390 2221 3471 Philippus
2269 3390 2355 3453 de
2394 3389 2795 3471 MechinaS,
2838 3401 2907 3455 et
2936 3390 3086 3487 ejus
3115 3411 3235 3472 pa—

651 3552 658 3559 .
766 3501 931 3563 trini
970 3501 1255 3564 fuerunt
1299 3501 1554 3564 Comes
1592 3499 2044 3577 Rivagorzae
2093 3508 2160 3560 et
2199 3497 2636 3576 gubernator
2675 3499 3123 3579 Aragoniae3
3165 3509 3235 3563 et

762 3624 925 3669 cum
969 3625 1232 3687 magno
1265 3609 1604 3670 comitatu
1636 3624 1677 3668 a
1709 3605 1919 3667 domo
1959 3613 2204 3668 nostra
2251 3607 2340 3670 ad
2385 3606 2800 3687 parochiam
2831 3625 2990 3670 eum
3020 3608 3231 3671 dedu·

760 3726 1020 3779 xerunt
1051 3734 1135 3778 ac
1167 3717 1638 3795 baptizarunt.

879 3822 1021 3884 578.
1111 3822 1218 3885 De
1261 3822 1747 3902 spiritualibus
1785 3821 2144 3885 exercitiis
2188 3840 2350 3885 cum
2393 3823 2690 3885 utilitate
2735 3823 3122 3902 propositis
3159 3833 3228 3887 et

756 3929 916 3992 aliis
954 3930 1241 4009 pietatis
1281 3929 1645 4010 operibuS,
1690 3945 1776 3992 ea
1820 3946 2002 4009 quae
2040 3938 2381 3993 consueta
2420 3928 2758 3993 Societati
2795 3938 2989 4008 sunt,
3032 3930 3226 3993 intel-

755 4037 1068 4116 ligantur
1112 4036 1731 4117 Caesaraugustae
1762 4036 1974 4099 facta.
2023 4036 2195 4099 Erat
2237 4045 2476 4099 tamen
2515 4053 2737 4116 usque
2767 4038 2945 4100 adeo
2977 4037 3226 4100 debilis

751 4144 1052 4224 Collegii
1083 4144 1405 4208 fundatio
1429 4155 1505 4207 ut
1535 4145 1607 4207 in
1639 4145 1951 4208 adventu
1980 4143 2451 4207 Provincialis
2482 4144 2837 4224 agendum
2860 4145 3225 4208 videretur

752 4269 846 4315 an
894 4253 1120 4315 nostri
1163 4253 1325 4315 inde
1375 4252 1786 4316 removendi
1824 4261 2096 4331 essent;
2141 4261 2555 4315 manserunt
2592 4253 3047 4316 nihilominus
3076 4261 3227 4316 tam

749 4360 900 4439 ipse
930 4360 1006 4423 P.
1040 4359 1257 4439 Rojas
1289 4378 1499 4439 quam
1537 4360 1609 4422 Ρ.
1657 4360 2070 4439 Alphonsus
2110 4358 2389 4423 Roman
2431 4378 2593 4423 cum
2622 4360 2835 4423 sociis
2865 4358 3224 4440 coadjuto-

745 4448 942 4530 ribus
981 4468 1018 4531 ¹.

832 4707 847 4739 ¹
905 4707 1141 4761 Ignatius
1161 4709 1534 4754 Conservatori
1557 4711 1874 4765 Aragoniae,
1894 4711 1955 4754 de
1976 4712 2068 4755 lite
2091 4710 2411 4765 interipsum
2433 4718 2484 4755 et
2503 4710 2776 4755 Dominam
2792 4713 2997 4765 Annam
3017 4710 3217 4757 Gonza·
