3679 5414
1627 412 1756 472 An.
1800 413 1934 472 1551
2900 414 3009 475 353

529 556 934 638 spiritualia
976 574 1105 620 suo
1149 565 1467 637 tempore
1504 555 1780 620 admitti
1811 566 2125 639 possent.
2166 556 2306 621 Sed
2336 538 2405 622 et
2438 558 2716 638 aliquae
2749 539 3003 624 matro-

538 682 677 729 nae
712 665 1096 745 primariae
1140 664 1405 728 eisdem
1446 650 1807 728 exercitiis
1849 665 2234 745 plurimum
2274 661 2749 755 profecerunt.
2792 666 3006 747 Egre-

531 773 703 853 gius
727 780 965 835 autem
997 771 1367 851 operarius
1394 771 1470 834 P.
1514 761 1925 848 Balthasar,
1960 772 2047 835 de
2081 789 2219 853 quo
2257 772 2504 836 scribit
2531 772 2608 836 P.
2661 773 3007 854 Hierony·

543 872 701 943 mus
744 879 1156 943 Domenech
1214 879 1402 959 quod
1440 878 1652 941 trium
1692 880 2188 958 operariorum
2234 880 2551 944 laborem
2589 882 3005 959 sustinebat,

534 982 829 1051 :strenue
885 987 958 1049 in
1025 987 1236 1049 vinea
1296 972 1583 1049 Domini
1643 984 1717 1048 P.
1782 985 2295 1066 Hieronymum
2329 986 2657 1067 Juvabat‚
2713 989 2829 1052 cui
2869 1006 3011 1051 non

537 1089 930 1158 admodum
968 1094 1278 1156 vacabat
1327 1094 1738 1156 concionari
1784 1104 2073 1173 propter
2130 1111 2406 1173 eorum,
2460 1096 2578 1175 qui
2615 1096 3011 1175 spiritualia

536 1198 887 1266 exercitia
935 1200 1413 1281 accipiebant,
1475 1199 1998 1264 multitudinem
2057 1210 2126 1264 et
2178 1202 2551 1280 perutilem
2599 1203 3013 1266 catechismi

549 1310 927 1373 lectionem
957 1326 1045 1370 ac
1074 1307 1600 1370 confessionum
1628 1307 2122 1371 ministerium.

669 1415 811 1478 386.
898 1415 1007 1478 De
1036 1398 1518 1495 professorum
1546 1413 1756 1477 domo
1783 1414 2216 1477 instituenda
2240 1413 2390 1496 jam
2418 1424 2586 1478 tunc
2604 1424 2672 1479 et
2696 1417 3015 1496 cogitare

541 1532 623 1587 et
652 1540 867 1602 agere
906 1521 983 1585 P.
1028 1516 1510 1601 Hieronymus
1553 1521 1818 1601 coepit,
1873 1522 1991 1602 qui
2039 1539 2130 1584 ex
2183 1523 2651 1602 eleemosynis
2691 1524 3017 1587 viverent

554 1639 624 1695 et
660 1629 1125 1693 scholasticos
1157 1628 1539 1709 quietiores
1561 1628 1634 1690 in
1665 1645 1793 1690 suo
1826 1626 2146 1707 Collegio
2185 1630 2693 1709 relinquerent3
2729 1640 2797 1693 et
2825 1630 3018 1694 vide-

545 1738 764 1800 batur
793 1736 1215 1816 quibusdam
1254 1736 1388 1798 hac
1430 1734 1704 1798 ratione
1736 1734 2135 1815 Collegium
2162 1735 2502 1799 reditibus
2547 1736 2796 1817 augeri
2835 1754 3018 1801 com-

543 1834 833 1908 modius
859 1860 1101 1923 posse,
1137 1842 1196 1905 si
1234 1842 1536 1922 professi
1577 1843 1649 1905 in
1688 1841 2045 1905 consuetis
2086 1841 2459 1905 domorum
2502 1843 2913 1906 ministeriis
2944 1862 3020 1907 se

545 1944 927 2031 diligenter
974 1950 1481 2012 exercuissent.
1533 1947 1673 2012 Sed
1721 1966 1885 2011 cum
1928 1948 2244 2012 nondum
2287 1949 2577 2013 haberet
2627 1949 3023 2040 Collegium

546 2057 842 2121 domum
886 2057 1278 2138 propriam,
1319 2056 1554 2119 visum
1601 2064 1708 2119 est
1749 2055 2038 2119 tandem
2078 2056 2305 2120 eidem
2334 2058 2818 2135 promovendo
2849 2058 3017 2121 dan·

546 2164 723 2228 dam
752 2181 907 2227 esse
949 2181 1261 2244 operam.
1306 2162 1486 2226 Cum
1522 2172 1761 2227 autem
1800 2161 2021 2226 frater
2059 2163 2279 2244 ipsius
2318 2162 2552 2227 Patris
2580 2164 3020 2246 Hieronymi,

559 2288 646 2335 eo
688 2281 855 2334 tunc
893 2270 1273 2334 Valentiae
1313 2278 1601 2350 agente,
1645 2278 1967 2333 mortuus
2006 2279 2223 2350 esset,
2266 2279 2337 2334 et
2376 2270 2527 2351 eJus
2564 2289 2802 2352 soror,
2843 2266 3024 2353 quae

561 2379 771 2441 unica
801 2378 987 2458 patri
1016 2385 1406 2458 supererat,
1440 2376 1594 2439 Deo
1627 2377 1899 2440 servire
1926 2394 2006 2440 se
2035 2361 2217 2440 velle
2250 2377 2535 2458 diceret,
2569 2397 2659 2442 ex
2688 2379 3027 2443 reditibus

555 2483 754 2549 Petri
778 2484 1189 2548 Domenech
1211 2494 1278 2547 et
1302 2484 1730 2565 patrimonio
1759 2494 2083 2548 materno
2109 2484 2329 2565 ipsius
2351 2485 2773 2567 Hieronymi
2797 2486 3028 2550 dotari

565 2610 774 2674 posse
806 2592 1197 2672 Collegium
1225 2591 1621 2654 videbatur.
1655 2591 1959 2670 Tamen,
1995 2609 2158 2655 cum
2187 2602 2437 2672 postea
2474 2610 2679 2657 soror
2708 2595 3023 2670 nuberet,

561 2700 785 2781 longe
815 2699 1021 2763 aliter
1051 2689 1166 2762 res
1197 2688 1539 2763 successit
1572 2695 1612 2762 ¹.

726 3036 869 3100 DE
940 3035 1495 3101 COLLEGns
1568 3035 2656 3103 CAESARAUGUSTANO
2728 3038 2858 3102 ET

1547 3225 2054 3270 BARCINONENSI

687 3445 829 3514 387.
915 3446 1121 3509 Initio
1176 3444 1386 3526 hujus
1439 3447 1608 3510 anni
1660 3447 2279 3528 Caesaraugustae
2330 3450 2527 3512 solus
2584 3458 2738 3513 erat
2786 3431 2862 3515 P.
2919 3450 3037 3515 Al-

566 3555 885 3636 phonsus
928 3553 1238 3633 Roman,
1282 3545 1653 3634 sacerdos,
1704 3573 1866 3618 cum
1908 3556 2209 3620 Romam
2256 3541 2571 3621 venisset
2621 3557 2699 3619 P.
2751 3557 3039 3621 Franci-

566 3659 737 3724 Scus
767 3660 852 3723 de
896 3660 1135 3741 Rojas.
1188 3661 1516 3725 Vacabat
1559 3662 1674 3726 ille
1715 3646 2107 3728 ministerio
2150 3662 3040 3756 Sacramentorumtpoeni·

568 3769 837 3832 tentiae
868 3777 938 3831 et
966 3767 1461 3832 Eucharistiae
1493 3779 1705 3850 atque
1742 3787 1887 3832 non
1916 3770 2123 3852 pauci
2145 3770 2551 3851 frequenter
2582 3770 3037 3836 accedebant.

575 3874 932 3940 Audiebat
962 3873 1179 3938 etiam
1219 3893 1465 3939 earum
1504 3877 2018 3956 confessioneS,
2052 3896 2233 3958 quae
2274 3896 2315 3940 a
2353 3879 2544 3959 turpi
2578 3879 2730 3943 vita
2762 3879 2853 3943 ad
2893 3880 3045 3944 reli-

572 3984 857 4063 giosam
881 3983 953 4045 in
986 3984 1418 4046 monasterio
1449 3971 1978 4048 Conversarum
2006 4003 2082 4048 se
2105 3969 2561 4050 reduxerant.
2596 3985 2775 4051 Cum
2806 3996 3048 4051 autem

575 4088 656 4152 P.
710 4089 1170 4169 FranciscuS,
1225 4098 1391 4153 tunc
1443 4090 1767 4154 Gandiae
1819 4091 2018 4172 Dux,
2084 4092 2176 4155 ad
2237 4074 2571 4173 oppidum
2619 4094 2925 4159 Monzon
2977 4094 3050 4158 in

575 4197 815 4260 reditu
844 4197 1320 4277 pervenisset,
1366 4197 1529 4261 inde
1578 4197 1655 4261 P.
1699 4198 2170 4262 Franciscum
2212 4197 2298 4262 de
2341 4198 2560 4280 Rojas
2598 4217 2758 4262 cum
2797 4199 2873 4264 P.
2918 4201 3051 4265 Ta·

581 4303 820 4366 blares
851 4312 920 4366 et
950 4304 1107 4366 aliis
1149 4304 1569 4385 quibusdam
1607 4304 2261 4385 Caesaraugustam
2300 4305 2593 4386 dimisit,
2635 4307 2757 4386 qui
2794 4307 2908 4371 die
2936 4325 3051 4371 ve·

586 4464 1018 4492 —q———-

670 4577 687 4611 ¹
744 4578 815 4623 Ils
842 4579 1059 4634 similia,
1084 4579 1145 4624 de
1167 4581 1350 4635 quibus
1368 4592 1527 4637 supra
1547 4582 1642 4626 sub
1663 4591 1799 4625 num.
1826 4581 1910 4625 oeo
1927 4591 2097 4625 sermo
2131 4587 2211 4626 est
2227 4617 2237 4635 ,
2270 4582 2428 4627 missa
2457 4589 2575 4628 sunt
2605 4582 2907 4631 Baithasari
2928 4584 3058 4632 Diaz

587 4649 917 4706 Valentiam,
942 4652 963 4696 1
986 4651 1237 4707 Januarii.

2626 4762 2694 4819 23
