3679 5414
1588 509 1715 566 ΑΝ.
1762 508 1901 566 1552
2862 509 2965 568 721

485 662 716 715 «cantu
745 662 893 715 tam
919 653 1163 732 lingua
1191 653 1593 717 brasiliensi
1622 671 1836 734 quam
1859 653 2188 728 lusitana,
2217 667 2521 733 cumque
2545 653 2970 718 documenta

491 759 660 822 aliis
690 758 1034 823 tradenda
1062 769 1255 823 recte
1282 759 1715 838 didicissent,
1749 778 1931 840 quae
1960 760 2099 824 illis
2127 760 2202 823 P.
2233 759 2567 839 Nobrega
2598 770 2668 824 et
2693 761 2815 824 alii
2836 762 2968 824 Pa-

485 876 647 930 :tres
675 866 1014 930 discenda
1043 866 1436 945 tradebant,
1470 876 1665 931 recte
1696 866 1806 930 his
1829 866 2081 930 officiis
2103 884 2267 930 cum
2289 877 2581 947 stupore
2607 867 2971 932 brasilien-

502 973 685 1037 sium
716 973 1116 1036 utebantur.

622 1081 763 1143 655.
851 1080 1470 1160 Peregrinationes
1498 1082 1714 1145 etiam
1743 1081 2124 1162 aliquando
2146 1080 2505 1145 faciebant
2536 1099 2662 1162 per
2691 1081 2968 1144 interio-

511 1205 593 1250 ra
625 1190 805 1264 loca,
839 1197 909 1251 et
946 1188 1169 1251 verba
1210 1189 1490 1268 salutiS,
1523 1189 1786 1269 partim
1815 1188 2298 1278 exhortando,
2330 1189 2593 1269 partim
2624 1188 2969 1267 canende,

505 1295 764 1374 partim
786 1295 1319 1376 superstitiosos
1339 1295 1778 1377 insectandO,
1806 1296 2316 1376 proponebant.
2344 1294 2588 1376 Aliqui
2610 1313 2735 1359 eos
2759 1296 2974 1358 etiam

509 1410 583 1464 ut
631 1411 930 1465 mortem
958 1420 1200 1466 secum
1231 1403 1631 1466 adferentes
1660 1401 2047 1483 fugiebant,
2083 1412 2152 1466 et
2193 1403 2267 1466 in
2297 1402 2718 1483 quibusdam
2756 1403 2973 1466 domi·

493 1508 638 1572 bus
677 1526 1027 1590 pagorum
1066 1510 1283 1572 salem
1332 1519 1402 1573 et
1456 1510 1659 1590 piper
1706 1509 2244 1588 comburebant,
2297 1518 2372 1573 ut
2422 1507 2741 1572 deterriti
2791 1517 2974 1572 tetro

509 1615 726 1679 odore
759 1615 849 1678 ad
881 1634 1002 1679 eas
1041 1634 1181 1679 non
1222 1618 1671 1693 accederent;
1708 1617 1833 1680 sed
1861 1616 2320 1680 nihilominus
2348 1633 2473 1679 eas
2502 1616 2703 1697 pueri
2738 1625 2977 1679 erecta

489 1739 723 1786 ¹cruce
749 1723 1149 1787 invisebant
1172 1733 1240 1788 et
1262 1741 1342 1787 se
1362 1741 1505 1787 non
1536 1733 1841 1787 mortem
1875 1722 1999 1786 sed
2029 1723 2253 1786 vitam
2293 1722 2572 1786 adferre
2603 1731 2673 1785 et
2702 1732 2976 1786 tantum

508 1831 737 1893 malos
787 1847 879 1893 ex
925 1847 1173 1894 eorum
1229 1832 1607 1894 occasione
1654 1830 1835 1893 mori
1881 1831 2244 1907 dicebant,
2288 1829 2473 1911 quod
2533 1830 2759 1893 vitam
2796 1829 2974 1892 chri-

503 1936 819 2000 stianam
874 1955 1019 2000 non
1069 1946 1388 2017 agerent.
1438 1937 1998 2017 Exeipiebantur
2041 1946 2276 2000 autem
2317 1937 2448 2000 sub
2498 1935 2865 2000 meridiem
2905 1946 2976 2000 et

502 2053 797 2107 >noctem
838 2044 1236 2106 humaniter
1282 2063 1325 2107 a
1374 2044 1907 2108 brasiliensibus
1957 2053 2027 2107 et
2068 2044 2207 2107 illis
2253 2044 2491 2106 omnia
2540 2044 2970 2122 necessaria,

492 2167 698 2229 «quae
728 2149 1116 2230 habebant,
1159 2150 1436 2214 abunde
1474 2151 2140 2220 subministrabant,
2187 2159 2256 2213 et
2298 2167 2461 2213 cum
2492 2149 2778 2212 litanias
2810 2167 2973 2213 can-

521 2267 781 2337 tarent,
831 2258 1307 2338 sequebantur
1365 2268 1434 2321 et
1485 2259 1622 2338 ipsi
1670 2256 2166 2339 respondendo
2212 2274 2344 2320 ora
2365 2265 2508 2336 pro
2541 2257 2764 2319 nobis.
2799 2257 2973 2320 Invi·

509 2374 772 2428 <serunt
821 2373 1060 2428 autem
1087 2365 1686 2445 peregrinationis
1734 2365 1969 2445 gratia
2018 2365 2253 2428 locum
2302 2364 2701 2446 quemdam,
2735 2365 2808 2427 in
2838 2381 2977 2445 quo

527 2472 838 2552 vestigia
890 2469 1138 2536 Sancti
1175 2473 1491 2536 Thomae
1540 2473 1657 2535 vel
1706 2471 2004 2552 alicujus
2052 2472 2191 2535 viri
2239 2472 2652 2552 apostolici,
2705 2471 2823 2552 qui
2862 2472 2978 2534 do·

511 2579 835 2643 ctrinam
889 2580 1139 2643 salutis
1185 2579 1715 2643 brasiliensibus
1759 2579 2335 2659 praedicaverat,
2370 2578 2443 2641 in
2471 2595 2649 2641 saxo
2673 2575 2981 2657 quodam

522 2687 1023 2765 ostendebant,
1067 2686 1255 2767 quod
1297 2686 1586 2768 perinde
1636 2685 1960 2766 vestigiis
1997 2684 2261 2749 cessise
2306 2685 2723 2749 cernebatur
2770 2693 2981 2765 atque

515 2794 578 2856 si
607 2812 698 2857 ex
740 2796 911 2858 limo
952 2795 1145 2858 molli
1188 2794 1456 2858 suisset.
1499 2793 1756 2858 Statim
1796 2794 2075 2875 ipsimet
2115 2793 2568 2857 brasilienses
2605 2792 2745 2856 duo
2784 2792 2981 2872 ligna

521 2900 939 2964 exciderunt
968 2910 1038 2964 et
1066 2918 1404 2981 magnam
1433 2919 1720 2965 crucem
1749 2900 2207 2965 confecerunt
2246 2911 2316 2964 et
2353 2900 2592 2963 multis
2632 2899 2983 2979 lapidibus

518 3007 608 3070 ad
648 3005 797 3086 ejus
836 3006 1088 3088 pedem
1127 3009 1379 3089 positis
1419 3009 1867 3072 stabilierunt
1911 3006 1953 3071 ¹.
1997 3007 2177 3072 Cum
2218 3007 2433 3070 etiam
2473 3024 2603 3087 per
2645 3006 2823 3070 alios
2862 3023 2981 3086 pa·

495 3131 649 3193 :gos
692 3113 1205 3193 discurrerent,
1251 3115 1322 3179 in
1362 3116 1614 3197 quibus
1655 3116 1824 3179 vina
1876 3124 1945 3178 et
1992 3130 2251 3178 carnes
2297 3114 2646 3176 humanas
2686 3112 2823 3175 sibi
2864 3112 2981 3175 ho·

518 3223 745 3284 mines
782 3232 1422 3303 praeparaverant,
1467 3224 1602 3303 ipsi
1630 3236 1883 3302 sponte
1912 3240 2042 3285 sua
2071 3239 2157 3285 eo
2186 3221 2299 3284 die
2331 3220 2808 3296 abstinebant,
2840 3228 2911 3282 et
2940 3237 2984 3281 a

511 3329 816 3392 canticis
846 3330 1203 3392 consuetis
1224 3347 1392 3392 suos
1417 3330 1771 3393 abstinere
1787 3329 2151 3410 jubebant,
2185 3336 2255 3390 et
2278 3328 2806 3421 praeparabant
2828 3326 2986 3390 vias

503 3436 781 3515 pueriS,
816 3436 1069 3515 quibus
1098 3436 1189 3500 ad
1219 3453 1294 3499 se
1325 3436 1670 3514 venirent,
1698 3445 1773 3500 ut
1795 3436 2088 3499 sanctiS.
2116 3434 2294 3499 Cum
2319 3443 2555 3497 autem
2580 3432 2672 3496 ad
2694 3434 2987 3498 fluvium

521 3541 898 3622 quemdam
927 3552 1218 3606 ventum
1255 3552 1443 3606 esset
1480 3544 1553 3606 in
1591 3560 1730 3623 quo
1770 3543 1990 3623 aliqui
2027 3541 2377 3606 submersi
2417 3540 2728 3620 fuerant,
2774 3558 2979 3604 occu-

523 3650 670 3727 pati
706 3649 1155 3713 brasilienses
1194 3651 1268 3713 in
1306 3650 1453 3714 suis
1491 3649 1974 3730 potationibus
2023 3665 2147 3712 eos
2198 3666 2341 3712 non
2381 3646 2853 3710 traduxerunt
2897 3647 2990 3710 ad

509 3757 746 3821 aliam
765 3765 1061 3837 partem;
1095 3757 1196 3820 illi
1225 3775 1395 3820 vero
1427 3758 1499 3820 in
1528 3774 1797 3820 morem
1821 3757 2083 3819 ratium
2106 3756 2303 3835 ligna
2326 3755 2678 3835 quaedam
2703 3754 2988 3834 conjun-

519 3873 772 3942 gentes
800 3876 870 3927 et
897 3863 1154 3942 cordiS,
1188 3881 1367 3943 quas
1398 3865 1488 3928 ad
1518 3881 1687 3927 suos
1717 3865 1943 3927 lectos
1970 3861 2312 3941 ferebant,
2349 3862 2624 3925 intense
2655 3862 2985 3941 liganteS,

523 3969 803 4050 flumen,
839 3971 1026 4051 quod
1048 3970 1198 4051 jam
1232 3972 1414 4035 mari
1453 3971 1769 4035 vicinum
1811 3979 2000 4048 erat,
2046 3969 2200 4033 Deo
2231 3968 2650 4049 adjuvante,
2694 3966 2990 4047 trajece-

507 4086 692 4140 .runt
721 4086 791 4140 et
828 4076 916 4140 ad
948 4077 1024 4139 P.
1058 4076 1469 4158 Nobregam
1498 4078 1884 4141 redierunt.

643 4184 785 4246 656.
872 4183 1075 4248 Alias
1124 4185 1338 4249 etiam
1387 4185 1998 4265 peregrinationes
2047 4181 2447 4263 hujusmodi
2486 4190 2610 4246 aut
2650 4199 2995 4245 excursus

507 4291 845 4357 fecerunt
875 4309 1036 4355 cum
1066 4292 1576 4371 aedificatione,
1610 4301 1679 4355 et
1709 4293 1783 4355 in
1812 4290 2122 4373 quodam
2157 4307 2348 4370 pago
2367 4339 2381 4368 ,
2414 4289 2534 4352 ubi
2562 4289 2819 4352 nobilis
2847 4289 2993 4370 qui·

526 4397 692 4461 dam
724 4398 1029 4478 degebat
1058 4398 1515 4478 brasiliensiS,
1549 4399 1665 4479 qui
1695 4399 1970 4462 amicus
2001 4406 2156 4461 erat
2195 4396 2749 4460 christianorum
2779 4404 2849 4458 et
2877 4395 2995 4459 ho·

611 4601 627 4632 ¹
687 4600 827 4645 Haec
848 4602 957 4646 fuse
974 4602 1238 4659 descripta
1258 4603 1489 4657 reperies
1511 4603 1561 4647 in
1581 4603 1711 4645 libro
1730 4612 1765 4644 n
1785 4600 1902 4644 Das
1925 4601 2157 4645 noticias
2175 4601 2278 4644 das
2300 4610 2491 4645 cousus
2511 4599 2578 4642 do
2600 4599 2805 4652 Brasit,
2822 4612 2854 4643 a
2877 4611 2925 4643 n.
2949 4601 3001 4644 18

508 4673 594 4717 -ad
615 4674 682 4727 ⁴5,
705 4684 856 4728 quem
873 4674 1062 4717 librum
1082 4675 1379 4729 praeposuit
1396 4674 1450 4718 P.
1470 4674 1641 4718 Simon
1662 4674 1722 4716 de
1745 4672 2119 4717 Vnsconcellos
2145 4684 2269 4718 sune
2294 4672 2550 4716 Chronica
2572 4672 2643 4715 da
2667 4671 2997 4727 Companhia

511 4746 595 4788 -de
615 4745 747 4799 Jesu
769 4745 835 4789 do
856 4744 1061 4790 Estado
1082 4746 1148 4790 do
1165 4746 1371 4790 Brasil.

2602 4832 2675 4901 46
