3679 5414
1692 492 1818 552 AN.
1865 495 1996 552 1551
2963 498 3072 560 239

554 631 563 637 ’
603 643 750 717 eos,
786 647 1095 719 utquam
1123 639 1430 719 primum
1459 639 1550 701 ad
1579 656 1748 702 suas
1775 639 2157 719 religiones
2187 640 2518 721 redirent,
2552 644 2852 707 curavit.
2888 644 3069 724 Quia

602 761 776 809 vero
813 746 1350 825 aegrotantibus
1395 746 1742 827 hospitale
1792 756 2121 827 paratum
2160 766 2303 811 non
2346 758 2534 828 erat,
2576 769 2720 813 non
2760 749 3068 815 cessavit

603 853 827 915 donec
880 852 1049 915 illud
1100 854 1616 933 institueretur,
1672 854 1793 917 ubi
1843 855 2140 935 ipsemet
2179 857 2715 935 aegrotantibus
2758 860 3069 938 quotidie

602 959 1065 1034 inserviebat,
1099 970 1167 1023 et
1198 961 1289 1023 ab
1320 961 1644 1024 omnibus
1673 961 1882 1025 valde
1913 962 2359 1043 diligebatur,
2393 965 2795 1046 eisdemque
2832 966 3068 1030 aedifi·

605 1068 869 1130 cationi
897 1077 1075 1130 erat.
1108 1067 1510 1131 Diaconum
1542 1069 1757 1132 etiam
1786 1070 2165 1150 quemdam
2192 1071 2378 1151 apud
2406 1089 2484 1134 se
2517 1072 2833 1151 detinuit,
2868 1074 3072 1154 cujns

607 1192 822 1254 opera
860 1192 1002 1237 non
1054 1175 1506 1238 mediocriter
1539 1174 1950 1256 juvabatur.
1995 1178 2347 1257 Apostata
2384 1178 2499 1241 hic
2549 1180 2764 1242 etiam
2809 1180 3064 1259 fuerat,

604 1281 729 1344 sed
751 1280 983 1345 Patris
1006 1281 1282 1346 Natalis
1310 1282 1907 1348 admonitionibus
1929 1285 2352 1365 resipiscens
2381 1287 2674 1349 multum
2707 1288 2777 1349 in
2803 1288 3069 1368 pietate

605 1388 921 1468 profecit.
966 1388 1385 1452 Inimicitias
1416 1390 1796 1454 multorum
1834 1392 2019 1455 solvi
2056 1401 2125 1455 et
2163 1393 2235 1455 in
2272 1394 2581 1473 gratiam
2617 1394 2923 1458 invicem
2961 1413 3068 1458 re·

603 1496 952 1569 stituieos
982 1497 1292 1572 curavit,
1328 1497 1474 1578 qui,
1511 1506 1585 1560 ut
1615 1515 1879 1577 magno
1910 1499 2093 1562 inter
2121 1517 2198 1562 se
2228 1500 2389 1563 odio
2417 1500 2931 1581 flagraverant,
2968 1504 3070 1567 ita
3159 1493 3162 1498 ’

602 1622 691 1667 ex
723 1613 889 1667 tunc
922 1613 1243 1667 amanter
1272 1614 1342 1668 et
1369 1604 1710 1669 benevole
1741 1605 1949 1669 simul
1977 1606 2331 1670 vixerunt.

726 1711 859 1775 165.
947 1712 1323 1791 Cogitabat
1373 1713 1559 1775 idern
1605 1712 1817 1777 Pater
1861 1714 1947 1776 de
1993 1713 2203 1777 domo
2250 1699 2588 1779 Societati
2637 1735 2721 1779 ea
2773 1718 2844 1780 in
2892 1718 3068 1782 urbe

602 1818 1060 1898 instituenda,
1104 1820 1176 1882 in
1216 1836 1354 1899 qua
1401 1820 1540 1882 duo
1585 1820 1670 1883 de
1720 1818 2077 1884 Societate
2126 1822 2561 1901 habitarent,
2616 1832 2686 1886 et
2727 1825 3070 1888 militibus

594 1924 928 2005 juvandis
982 1926 1051 1988 in
1104 1926 1495 1989 ministerio
1546 1925 2173 1991 Sacramentorum
2232 1947 2316 1991 ac
2374 1931 2595 1993 verbo
2651 1931 2819 2010 Dei,
2874 1941 2943 1995 et
2992 1933 3066 1995 in

602 2034 896 2120 mortuis
926 2033 1377 2113 sepeliendi5‚
1411 2042 1480 2097 et
1509 2033 1667 2097 aliis
1687 2034 1973 2115 pietatis
2003 2036 2330 2116 operibus
2359 2046 2723 2116 vacarent,
2758 2037 2829 2100 id
2850 2039 3069 2102 etiam

599 2139 785 2220 quod
827 2150 1118 2221 possent
1167 2141 1239 2203 in
1289 2140 1809 2205 Saracenorum
1851 2144 2318 2206 conversione
2359 2153 2840 2224 praestarent,
2883 2164 3067 2227 quae

598 2247 746 2327 ipse
777 2264 1039 2327 magno
1081 2265 1241 2310 cum
1279 2248 1521 2311 labore
1563 2248 1633 2310 id
1676 2250 2019 2329 temporis
2057 2258 2125 2312 et
2165 2268 2306 2313 non
2346 2250 2600 2313 minori
2640 2269 2802 2315 cum
2840 2249 3068 2316 chari·

597 2363 741 2417 tate
769 2355 1144 2436 praestitit.
1180 2355 1507 2434 Quotidie
1551 2356 2015 2419 christianam
2053 2356 2482 2436 doctrinam,
2526 2369 2899 2439 praesente
2927 2359 3068 2423 Do·

598 2462 787 2525 mino
845 2461 1297 2525 Ferdinando
1357 2462 1442 2525 de
1497 2463 1740 2543 Vega,
1793 2463 2239 2541 declarabat;
2302 2462 2802 2530 Sacerdotibus
2851 2468 3068 2531 etiam

597 2586 782 2649 quae
830 2569 923 2632 ad
972 2586 1184 2632 casus
1235 2569 1713 2632 conscientiae
1770 2578 1838 2633 et
1896 2587 2142 2634 eorum
2209 2570 2515 2634 officium
2562 2575 3069 2653 praestandum

594 2676 992 2741 attinebant
1033 2677 1255 2740 multa
1304 2677 1745 2757 declarabat;
1798 2678 2229 2758 pauperibus
2276 2688 2643 2759 parentem
2673 2698 2748 2744 se
2787 2682 3071 2746 exhibe-

594 2785 749 2863 bat3
794 2785 978 2848 inter
1032 2801 1109 2846 se
1162 2793 1400 2848 autem
1452 2802 1612 2847 cum
1662 2784 2118 2865 dissiderent,
2172 2785 2323 2867 ejus
2367 2805 2582 2868 opera
2631 2789 2706 2851 in
2759 2789 3070 2868 gratiam

593 2891 988 2969 redierunt;
1037 2901 1184 2954 tres
1225 2892 1340 2955 vel
1387 2900 1692 2972 quatuor
1734 2892 2114 2973 perpaucis
2155 2901 2315 2973 post
2343 2894 2589 2958 diebus
2632 2914 2722 2958 ex
2751 2896 2886 2959 hac
2915 2897 3070 2960 vita

598 2999 1078 3062 decesserunt.

724 3104 856 3167 166.
948 3104 1149 3168 Adeo
1180 3114 1418 3168 autem
1447 3104 1599 3185 eJ’us
1630 3105 1954 3168 doctrina
1984 3115 2053 3169 et
2080 3107 2308 3187 pietas
2349 3108 2536 3188 apud
2577 3108 2793 3172 duces
2824 3110 2894 3171 in
2924 3127 3050 3189 pre

596 3213 696 3275 tio
762 3213 1186 3291 habebatur,
1242 3221 1318 3275 ut
1366 3230 1526 3276 cum
1595 3212 1948 3277 rediturus
1999 3222 2186 3276 esset
2227 3214 2300 3276 in
2352 3214 2666 3278 Siciliam
2721 3214 3072 3279 Dominus

595 3319 1085 3383 Ferdinandus
1114 3320 1199 3383 de
1228 3319 1437 3399 Vega
1466 3331 1534 3383 et
1565 3337 1805 3405 secum
1848 3321 2173 3385 Natalem
2210 3323 2664 3402 reducturuS,
2718 3323 3070 3387 Dominus

596 3426 928 3491 Sanctius
972 3427 1057 3489 de
1100 3427 1323 3490 Leiva
1374 3427 1459 3490 de
1509 3427 1586 3489 P.
1642 3427 1879 3490 Natali
1927 3429 2624 3509 retinendo'ageret3
2677 3439 2746 3493 et
2796 3448 2957 3494 cum
3002 3433 3067 3495 ei

596 3535 996 3598 valedicere
1026 3535 1100 3598 P.
1137 3535 1409 3598 Natalis
1439 3536 1683 3615 vellet,
1733 3535 2078 3599 subdebat
2117 3536 2230 3599 ille
2269 3537 2471 3617 quasi
2504 3536 2667 3617 joco
2706 3539 2896 3619 quod
2924 3557 3068 3603 non

598 3651 837 3723 posset
866 3661 955 3705 ex
996 3641 1240 3705 Africa
1283 3642 1648 3721 recedere,
1694 3642 1858 3723 quia
1898 3643 2184 3722 militeS‚
2231 3645 2293 3706 si
2338 3644 2406 3707 id
2452 3644 2752 3724 faceret,
2787 3646 3066 3710 seditio·

595 3766 759 3812 nem
788 3760 1023 3812 essent
1054 3748 1334 3812 facturi.
1370 3748 1866 3812 Dissimulavit
1897 3759 2133 3813 autem
2171 3749 2245 3813 P.
2290 3749 2564 3815 Natalis
2593 3760 2661 3815 et
2692 3753 2895 3833 quasi
2923 3771 3067 3817 non

595 3857 918 3919 ultimum
947 3856 1431 3919 valedicturus
1471 3856 1812 3936 venisset,
1857 3875 1933 3919 se
1973 3856 2308 3921 subduxit
2347 3868 2415 3921 et
2455 3860 2717 3921 tacitus
2747 3859 2838 3921 ad
2869 3859 3064 3923 trire-

597 3979 748 4025 mes
777 3979 852 4025 se
884 3963 1201 4025 contulit.
1237 3962 1414 4026 Cum
1447 3962 1683 4042 itaque
1720 3962 1809 4025 D.
1856 3961 2191 4026 Sanctius
2221 3981 2437 4044 supra
2468 3965 2701 4029 dictus
2731 3966 3069 4032 militibus

596 4069 1017 4150 quibusdam
1066 4069 1537 4132 commisisset
1569 4078 1644 4132 ut
1682 4068 1758 4132 P.
1793 4067 2120 4134 Natalem
2159 4070 2230 4134 in
2269 4073 2638 4136 secretiori
2674 4073 2911 4155 aliquo
2949 4092 3065 4138 cu·

596 4175 830 4238 biculo
878 4177 1355 4255 recluderent,
1411 4175 1875 4257 quoadusque
1923 4177 2245 4240 triremes
2291 4196 2382 4242 ex
2434 4180 2680 4243 Africa
2737 4183 3066 4244 recessis-
3105 4168 3110 4173 ’

595 4291 775 4362 sent,
808 4301 971 4346 sero
1001 4283 1097 4345 illi
1126 4291 1403 4346 tentare
1434 4283 1506 4346 id
1534 4285 1911 4347 voluerunt
1940 4282 1979 4346 ¹.

673 4525 691 4557 ¹
756 4524 1028 4579 Polaticus,
1060 4536 1125 4569 ex
1159 4526 1552 4578 commissione,
1590 4523 1904 4580 Hieronymo
1939 4526 2114 4571 Natali
2151 4533 2207 4570 ut
2243 4533 2405 4581 curet,
2442 4530 2610 4583 quoad
2645 4529 2754 4598 {ieri
2787 4530 2967 4584 possit,
3001 4541 3066 4574 ne

591 4595 811 4640 Pro-rex
844 4596 911 4640 ad
946 4596 1207 4651 Ignatium
1238 4598 1432 4641 scribat
1468 4597 1693 4650 aliquem
1726 4596 1788 4639 de
1824 4596 2087 4641 Societate
2119 4598 2432 4667 prowAsrica
2467 4602 2750 4655 postulans,
2772 4598 2823 4644 et
2846 4607 2903 4645 ut
2921 4611 2977 4645 se
2997 4602 3068 4645 ad

592 4668 902 4717 veniendum
926 4667 1141 4711 Romam
1161 4668 1425 4721 accingat,
1449 4667 1711 4721 expetitur
1742 4668 1877 4711 enim
1909 4667 2211 4713 Tridentum
2242 4680 2274 4713 a
2306 4669 2515 4727 Laynez
2534 4676 2587 4715 et
2610 4671 2902 4726 Saimeron,
2922 4672 2951 4715 5
2969 4672 3069 4717 De-

593 4740 835 4783 cembris,
910 4768 917 4772 <
963 4758 973 4771 =
1052 4760 1059 4767 ·
