3679 5414
1594 512 1720 571 An.
1769 512 1909 572 1552
2872 515 2981 574 723

509 658 758 738 poenis
789 657 1067 736 infern-i,
1101 675 1279 738 quas
1316 658 1416 721 illi
1451 658 1879 737 gravissime
1908 658 2184 735 timent,
2219 657 2681 722 disserebant.
2721 659 2977 739 Quam-

507 766 621 828 vis
650 774 890 828 tamen
917 765 1119 828 multi
1148 765 1574 845 perlibenter
1612 764 1744 828 hos
1773 774 2025 828 cantus
2067 765 2480 845 audiebant,
2527 774 2603 828 ut
2642 766 2974 846 diximuS,

510 874 581 937 in
609 859 1032 953 quibusdam
1058 872 1265 953 pagis
1293 889 1462 935 suos
1490 871 1669 936 filios
1700 873 2256 952 abscondebant,
2290 873 2458 952 quia
2488 873 2729 936 statim
2767 875 2973 937 mori-

511 989 710 1044 turos
739 997 896 1043 esse
927 979 1342 1060 credebant,-
1381 989 1452 1042 et
1489 989 1566 1044 ut
1604 981 1944 1042 arborum
1980 979 2150 1043 solia
2189 980 2613 1059 tremebant,
2660 989 2729 1043 et
2773 981 2977 1061 piper

510 1088 1020 1151 comburebant
1059 1096 1138 1150 ut
1174 1096 1457 1150 nostros
1496 1082 1925 1151 averterent.
1967 1085 2260 1167 Semper
2298 1096 2536 1150 tamen
2557 1136 2571 1164 ,
2617 1088 2736 1150 ubi
2779 1088 2979 1151 cibus

512 1203 667 1258 erat
699 1194 1109 1274 capienduS,
1143 1195 1258 1256 vel
1287 1202 1504 1257 noctu
1524 1194 2050 1274 quiescendum,
2092 1193 2492 1257 humaniter
2535 1194 2977 1274 excipieban-

518 1310 652 1376 tur;
689 1311 757 1364 et
787 1302 1096 1381 quodam
1127 1301 1199 1364 in
1241 1317 1454 1381 pag0,
1497 1319 1658 1364 cum
1696 1319 1780 1364 eo
1819 1311 2289 1380 perventuros
2318 1318 2475 1364 esse
2503 1310 2786 1364 nostros
2816 1319 2980 1364 cum

513 1409 755 1489 pueris
786 1409 1282 1488 intelligerent,
1325 1409 1526 1472 multi
1563 1427 1653 1471 ex
1693 1408 2249 1486 brasiliensibuS,
2284 1409 2518 1472 onusti
2545 1408 2857 1489 piscibus
2885 1408 2976 1470 asl

513 1516 747 1579 cibum
772 1533 1040 1596 eorum,
1077 1517 1566 1594 occurrebant;
1596 1516 1832 1595 aliqua
1863 1517 2078 1579 etiam
2106 1516 2439 1579 animalia
2472 1525 2737 1579 venatu
2767 1524 2978 1596 capta

522 1623 691 1686 alibi
721 1622 1137 1687 offerebant.
1171 1621 1310 1687 Sed
1339 1623 1718 1704 aliquando
1748 1640 1876 1704 per
1903 1624 2164 1686 multas
2192 1623 2410 1686 horas
2437 1639 2564 1703 per
2593 1625 2751 1686 loca
2790 1639 2978 1703 aqua

516 1729 941 1793 inundantia
971 1730 1439 1794 incedendum
1466 1740 1643 1808 erat,
1677 1730 1865 1811 quod
1896 1749 1938 1793 a
1967 1730 2087 1793 via
2117 1731 2591 1794 aberrassent.

629 1837 771 1901 658.
858 1838 1036 1902 Cum
1092 1839 1183 1902 ad
1231 1839 1537 1918 vestigia
1586 1837 1675 1901 D.
1728 1838 2044 1904 Thomae
2093 1849 2513 1918 perventum
2562 1848 2773 1917 esset,
2828 1847 2973 1902 tam

509 1943 687 2006 bene
710 1942 859 2024 jam
890 1946 1343 2009 brasilienses
1371 1964 1449 2009 se
1476 1946 1821 2026 gerebant
1852 1955 1928 2009 ut
1965 1963 2147 2009 unus
2177 1964 2268 2009 ex
2297 1946 2561 2009 nostris
2597 1962 2762 2008 cum
2807 1946 2970 2009 duo·

512 2049 642 2113 bus
671 2053 912 2130 pueris
945 2053 1120 2116 bene
1150 2053 1511 2116 instructis
1543 2052 1634 2115 ibi
1664 2053 1953 2116 relictus
1981 2052 2192 2116 fuerit
2222 2052 2313 2115 ad
2342 2070 2468 2115 eos
2502 2052 2862 2116 docendos
2905 2061 2974 2116 et

511 2157 798 2220 domum
824 2176 1044 2239 prope
1074 2160 1380 2239 vestigia
1410 2160 1528 2223 illa
1559 2160 1995 2240 erigendam,
2038 2159 2155 2221 ubi
2198 2160 2398 2240 pueri
2441 2160 2834 2222 incolarum
2874 2160 2972 2221 in-

453 2291 458 2296 ·
511 2264 989 2345 stituerentur;
1042 2276 1111 2330 et
1150 2267 1268 2347 qui
1305 2268 1574 2348 primas
1614 2267 1908 2347 gerebat
1948 2268 2019 2330 in
2064 2267 2183 2330 illo
2213 2282 2425 2348 pago,
2478 2254 2980 2330 nostros'cum·

512 2372 835 2435 omnibus
865 2374 1104 2453 pueris
1133 2374 1323 2438 domi
1353 2376 1652 2456 excepit,
1686 2385 1756 2438 et
1784 2375 2186 2440 humaniter
2206 2375 2543 2438 tractavit
2567 2384 2643 2438 ut
2667 2392 2708 2436 a
2734 2375 2974 2438 labore

515 2479 787 2543 itineris
817 2467 940 2544 eos
971 2480 1312 2545 reficeret.
1350 2481 1669 2561 Quatuor
1698 2481 1952 2545 deinde
1972 2482 2222 2545 domus
2254 2482 2367 2545 vel
2398 2482 2698 2561 collegia
2725 2473 2973 2562 pu‘ero·

514 2603 672 2649 rum
703 2605 866 2651 cum
895 2589 1216 2652 ecclesiis
1247 2590 1426 2652 inter
1456 2589 1910 2652 brasilienses
1931 2587 2215 2652 suerunt
2247 2589 2589 2666 instituta,
2630 2589 2823 2652 ubi-a
2854 2607 2971 2652 no·

512 2694 681 2757 stris
710 2695 782 2758 in
810 2694 923 2759 his
952 2705 1476 2776 exercerentur,
1512 2713 1692 2778 quae
1721 2695 1812 2759 ad
1842 2697 2205 2777 proprium
2235 2694 2629 2776 profectum
2659 2707 2727 2760 et
2749 2696 2972 2790 ⁸etiam

511 2800 603 2863 ad
634 2804 1026 2866 movendos
1055 2804 1507 2868 brasilienses
1535 2814 1605 2867 et
1635 2804 1725 2867 ad
1756 2803 1964 2867 fidem
1995 2804 2384 2866 docendam
2410 2784 2684 2882 J'u‘vant'.

630 2908 771 2969 659.
860 2908 1041 2972 Cum
1071 2911 1358 2991 quidam
1388 2928 1479 2974 ex
1507 2911 1770 2973 nostris
1794 2909 2128 2993 l³atribus
2157 2928 2283 2990 per
2314 2912 2471 2973 loca
2509 2910 2781 2981 civitati
2824 2909 2972 2975 Sal-

511 3015 784 3077 vatoris
814 3016 1053 3079 vicina
1084 3016 1538 3094 discurreret,
1584 3019 1656 3081 in
1685 3035 1985 3098 puerum
2014 3018 2392 3097 quemdam
2420 3019 2629 3081 morti
2659 3018 2976 3082 vicinum

509 3121 774 3199 incidit,
809 3122 895 3185 de
927 3122 1125 3203 quus
1156 3125 1304 3187 vita
1334 3143 1495 3188 cum
1525 3134 1858 3205 parentes
1887 3125 2369 3205 desperarent,
2404 3127 2850 3204 postularunt
2879 3126 2970 3187 ab

443 3260 448 3263 ·
511 3245 596 3291 eo
627 3228 838 3292 Patre
878 3238 955 3291 ut
994 3231 1291 3293 salutem
1331 3232 1399 3294 ei
1441 3232 1662 3294 daret.
1704 3230 2094 3311 Respondit
2137 3230 2250 3293 ille
2288 3240 2364 3294 ut
2403 3248 2563 3294 eum
2606 3231 2968 3310 baptizare

506 3338 994 3416 permitterent
1024 3348 1091 3399 et
1123 3348 1289 3401 tunc
1319 3356 1395 3401 se
1425 3337 1656 3407 Deum
1684 3348 2050 3401 oraturum
2079 3355 2208 3418 pro
2239 3336 2391 3418 ejus
2420 3339 2667 3400 salute.
2700 3337 2805 3400 Illi
2850 3355 2967 3401 au-

505 3451 668 3522 tem,
705 3461 868 3506 cum
897 3444 967 3507 in
997 3444 1349 3525 baptismo
1380 3455 1681 3508 mortem
1711 3463 1866 3508 esse
1896 3461 2318 3525 persuasum
2346 3445 2715 3522 haberent,
2752 3444 2823 3508 id
2860 3463 2964 3508 re·

506 3550 871 3630 cusabant;
908 3552 1032 3615 sed
1070 3561 1275 3632 pater
1304 3553 1588 3616 demum
1623 3553 1983 3615 consensit
2020 3564 2089 3615 et
2121 3553 2253 3630 ita,
2299 3551 2460 3614 licet
2496 3561 2725 3615 matre
2760 3570 2963 3632 repu-

503 3667 793 3735 gnante,
827 3656 957 3722 fuit
989 3660 1409 3740 baptizatuS,
1443 3668 1513 3722 et
1541 3659 1779 3721 statim
1810 3659 2099 3722 sanitati
2127 3659 2498 3739 restitutus
2536 3667 2662 3722 est.
2705 3658 2785 3721 In
2828 3660 2964 3722 hoc

504 3765 753 3827 eodem
782 3783 992 3846 pago,
1038 3784 1200 3830 cum
1239 3766 1436 3830 multi
1475 3766 1845 3829 christiani
1881 3764 2332 3828 brasilienses
2373 3765 2579 3828 simul
2610 3782 2770 3828 cum
2802 3784 2991 3829 con-2

504 3850 916 3949 sariguineis
945 3872 1300 3952 conjuncti
1329 3874 1654 3936 viverent
1683 3882 1752 3935 et
1782 3871 2022 3935 afflicti
2060 3881 2296 3935 essent
2334 3881 2622 3952 propter
2663 3883 2961 3937 mortem

503 3979 973 4057 quorumdam
1022 3980 1194 4060 ipsis
1242 3981 1591 4059 sanguine
1640 3978 2200 4059 conjunctorum,
2254 3979 2373 4058 qui
2402 3979 2492 4041 ab
2530 3979 2963 4043 adversariis

503 4095 706 4147 erant
758 4086 1005 4166 occisi,
1058 4085 1148 4149 ad
1196 4086 1454 4150 bellum
1503 4095 1752 4150 contra
1801 4103 1925 4149 eos
1970 4085 2266 4165 egressi,
2296 4086 2565 4159 multos
2603 4103 2848 4149 eorum
2890 4086 2965 4149 in

501 4192 892 4255 vindictam
921 4193 1353 4273 occiderunt,
1388 4193 1644 4257 multos
1683 4194 1899 4256 etiam
1935 4194 2145 4256 vivos
2183 4202 2541 4273 ceperunt.
2578 4193 2756 4257 Cum
2786 4210 2959 4273 ergo

500 4299 815 4362 cadaver
842 4300 1197 4380 quoddam
1226 4302 1298 4364 in
1326 4316 1593 4381 pagum
1623 4300 1817 4363 illum
1846 4299 2237 4378 adferrent,
2274 4300 2390 4363 ubi
2418 4299 2495 4363 P.
2540 4300 2965 4364 Vincentius

499 4415 678 4484 erat,
712 4406 1000 4486 quidam
1029 4407 1213 4471 inter
1252 4408 1444 4488 ipsos
1481 4408 1595 4471 vir
1631 4407 2013 4488 primarius
2051 4407 2336 4487 rogavit
2375 4423 2464 4469 ne
2508 4406 2581 4470 id
2616 4406 2956 4483 facerent,

496 4513 664 4592 quia
694 4512 769 4575 P.
802 4513 1182 4578 Vincentio
1212 4517 1588 4579 molestum
1615 4515 1688 4578 id
1715 4514 2032 4578 futurum
2059 4524 2234 4577 erat.
2276 4513 2416 4577 Sed
2456 4532 2620 4578 cum
2658 4515 2776 4577 alii
2817 4533 2961 4578 non

496 4621 1054 4701 acquiescerent,
1090 4623 1383 4686 recessit
1412 4624 1526 4686 ille
1556 4624 1629 4686 in
1650 4639 1878 4703 pagos
1901 4622 2100 4685 alios
2129 4621 2588 4685 Adducentes
2610 4622 2824 4701 igitur
2848 4640 2965 4685 ca-

499 4727 724 4791 daver
752 4729 827 4792 in
855 4747 1142 4810 pagum,
1177 4734 1580 4793 convocare
1619 4738 2003 4810 coeperunt
2042 4746 2210 4791 suos
2253 4728 2522 4791 amicos
2559 4738 2629 4791 et
2666 4745 2964 4792 consan-
3012 4776 3021 4786 .
