3679 5414
1624 488 1753 546 ΑΝ.
1803 488 1941 546 1552
2902 488 3016 545 633

662 632 801 694 491.
893 632 1198 712 Quidam
1235 633 1482 696 Abbas
1530 634 1615 697 de
1659 633 1896 711 SalaS,
1946 633 2228 696 nomine
2279 633 2708 695 Franciscus
2759 632 2844 695 de
2890 634 3009 696 Mi-

540 739 798 817 randa,
855 739 1140 802 domum
1190 757 1422 819 suam,
1474 758 1686 821 quam
1735 740 1883 802 fere
1932 741 2186 819 viginti
2238 740 2543 802 millibus
2593 740 3010 804 ducatorum

541 845 1066 924 aedificaverat,
1110 855 1179 909 et
1219 848 1668 927 octingentos
1699 846 1846 910 fere
1887 865 2142 910 aureos
2182 847 2397 909 annui
2429 846 2696 910 reditus
2729 848 2821 909 ad
2860 847 3013 927 eJus

537 954 839 1032 Collegii
875 953 1362 1017 fundationem
1405 955 1862 1034 promiserat,
1909 964 1976 1017 et
2024 953 2172 1034 jam
2220 954 2602 1034 applicatio
2642 972 2684 1016 a
2723 953 3012 1018 Summo

540 1060 878 1123 Pontifice
928 1071 1082 1124 erat
1140 1061 1550 1141 impetrata;
1605 1062 1731 1125 sed
1787 1061 2044 1142 partim
2096 1061 2339 1124 fratris
2389 1059 2540 1140 ejus
2590 1079 2838 1141 opera,
2894 1063 3009 1140 qui

535 1168 828 1230 domum
858 1169 1050 1230 illam
1079 1169 1554 1248 inhabitabat,
1587 1169 1848 1249 partim
1882 1169 2043 1249 quia
2071 1168 2399 1231 fortassis
2433 1186 2611 1249 opus
2642 1169 2777 1231 hoc
2808 1170 3010 1231 bene-

540 1274 680 1337 ficii
730 1276 885 1337 loco
934 1274 1090 1338 aliis
1137 1275 1333 1338 Deus
1378 1277 1827 1352 reservabat,
1890 1293 2005 1338 res
2050 1292 2273 1355 prope
2325 1276 2649 1338 confecta
2696 1279 3007 1340 evanuit.

540 1373 628 1443 Et
665 1382 736 1443 in
774 1383 932 1460 hoe,
979 1382 1162 1445 sicut
1201 1393 1269 1445 et
1319 1384 1389 1445 in
1434 1383 1623 1462 aliiS,
1660 1383 1956 1462 intelligi
1997 1383 2226 1462 potuit
2268 1383 2454 1462 quod
2496 1399 2834 1462 magnum
2880 1384 3013 1446 Dei

533 1489 802 1551 donum
824 1497 930 1551 est
953 1497 1022 1551 et
1044 1507 1185 1552 non
1210 1490 1438 1552 cuivis
1461 1490 1844 1569 confertur,
1881 1500 1957 1552 ut
1985 1490 2296 1569 insignia
2320 1490 2505 1553 bona
2533 1508 2750 1570 opera
2772 1491 3011 1554 facere

542 1595 890 1675 possint'¹.

659 1702 797 1766 492.
887 1702 1030 1766 Sub
1060 1703 1334 1767 initium
1366 1706 1627 1767 mensis
1659 1705 1827 1768 Maii
1851 1705 1926 1767 P.
1960 1706 2017 1768 F
2022 1706 2453 1769 erdinandus
2484 1706 2817 1782 Alvarez,
2848 1724 3010 1768 cum

538 1811 980 1874 remissiores
1030 1822 1266 1874 essent
1317 1813 1820 1892 occupationes
1872 1814 2308 1893 BurgenseS,
2369 1812 2881 1877 Salmanticam
2932 1831 3009 1876 se

535 1919 832 1980 contulit
872 1926 947 1980 ut
986 1936 1147 1981 cum
1185 1920 1259 1982 Ρ.
1304 1918 1653 1982 Turriano
1695 1920 2050 1982 conferret
2101 1921 2187 1983 de
2229 1921 2668 1983 institutione
2708 1920 3011 2000 Collegii

535 2024 942 2088 Abulensis.
976 2024 1209 2089 Potuit
1240 2027 1453 2089 etiam
1484 2045 1634 2089 rem
1665 2028 1987 2090 eamdem
2016 2046 2179 2090 cum
2210 2027 2284 2090 Ρ.
2326 2028 2714 2090 Francisco
2746 2028 3006 2106 Borgia

535 2132 884 2212 conferre,
919 2135 1058 2212 qui,
1095 2143 1172 2196 ut
1202 2135 1468 2197 dictum
1499 2145 1605 2198 est
1638 2136 1994 2215 superius,
2031 2153 2115 2197 eo
2146 2152 2222 2197 se
2253 2137 2671 2213 contulerat;
2707 2135 2832 2197 sed
2862 2136 3007 2215 qui-

535 2240 702 2302 dam
733 2240 952 2319 ipsius
982 2252 1332 2320 cognatus
1361 2243 1490 2304 sub
1519 2241 1706 2305 idem
1736 2251 2015 2322 tempus
2044 2242 2552 2305 Salmanticam
2583 2252 2900 2320 venerat,
2936 2253 3009 2304 ut

534 2347 810 2427 'aliquos
844 2348 1025 2410 mitti
1068 2349 1374 2411 Abulam
1416 2349 1503 2411 ad
1545 2349 1842 2428 Collegii
1881 2349 2157 2411 initium
2201 2350 2570 2411 obtineret.
2608 2348 2861 2411 Visum
2904 2359 3011 2411 est

537 2462 776 2516 autem
807 2455 1138 2534 expedire
1170 2465 1244 2518 ut
1275 2457 1471 2535 prius
1512 2457 1895 2536 applicatio
1936 2458 2403 2536 quorumdam
2444 2457 2796 2519 redituum
2839 2457 3010 2519 obti-

538 2572 822 2624 neretur
854 2581 896 2624 a
925 2561 1105 2626 Sede
1135 2564 1551 2641 Apostolica
1582 2574 1651 2626 et
1676 2565 1959 2626 interim
1991 2564 2502 2642 consanguinei
2528 2564 2748 2642 ipsius
2777 2563 3012 2626 Patris

537 2668 966 2733 Ferdinandi
988 2669 1298 2733 Alvarez
1320 2671 1453 2734 hoc
1487 2671 1849 2749 negotium
1876 2671 2152 2734 Abulae
2177 2679 2589 2748 tractarent3
2625 2688 2844 2751 quare
2867 2688 3010 2733 non

537 2777 769 2839 visum
794 2777 922 2840 fuit
946 2788 1272 2857 oportere
1297 2788 1369 2840 ut
1395 2779 1688 2858 ipsemet
1718 2779 2212 2841 Ferdinandus
2243 2780 2550 2841 Abulam
2575 2779 3002 2858 perveniret,

538 2893 611 2945 et
641 2884 739 2946 ita
772 2885 1048 2963 Burgos
1080 2885 1310 2947 rediit.
2700 2954 2701 2957 ,

659 2988 799 3051 493.
887 2992 1372 3070 Expetebatur
1403 2992 1477 3054 P.
1514 2991 1773 3055 Strada
1814 2992 1886 3054 in
1916 2992 2238 3065 Baetica,
2274 2992 2392 3054 ubi
2423 2992 2766 3069 Magister
2795 2991 3008 3053 Avila

529 3096 928 3175 Collegium
947 3098 1016 3160 in
1033 3099 1326 3161 civitate
1351 3100 1581 3162 Baeza
1600 3099 2025 3176 instituerat,
2053 3098 2169 3159 ubi
2193 3097 2594 3176 theologiae
2613 3110 2681 3161 et
2706 3097 3009 3177 philoso-

529 3204 744 3283 ‘phiae
761 3216 829 3268 et
842 3206 1236 3268 litterarum
1257 3206 1752 3269 humaniorum
1769 3206 2109 3269 lectiones
2125 3205 2384 3267 fiebant
2403 3222 2563 3266 cum
2581 3203 3011 3267 studentium

537 3328 676 3373 non
702 3313 962 3390 exiguo
991 3330 1369 3391 concursu,
1405 3322 1471 3375 et
1497 3313 1879 3391 nongentis
1902 3312 2138 3374 aureis
2162 3311 2378 3373 annui
2401 3311 2669 3373 reditus
2692 3311 3009 3373 dotatum

529 3428 714 3481 erat.
748 3420 856 3481 Ex
898 3420 1188 3482 civitate
1222 3419 1452 3483 Xerez
1497 3420 1690 3483 aliud
1730 3421 2214 3499 expetebatur,
2262 3420 2478 3481 immo
2518 3428 2586 3481 et
2626 3418 2900 3499 Hispali
2943 3429 3012 3481 et

533 3525 932 3604 Cordubae,
969 3536 1036 3589 et
1067 3529 1330 3589 mentio
1356 3522 1572 3590 etiam
1596 3527 2024 3589 Ossunensis
2050 3526 2365 3589 civitatis
2389 3525 2535 3606 jam
2570 3535 2735 3588 tunc
2775 3525 3005 3587 fiebat.

532 3632 956 3713 Complures
986 3635 1201 3697 etiam
1233 3653 1322 3696 ex
1366 3635 1514 3697 suis
1545 3634 1940 3713 discipulis,
1985 3643 2054 3695 et
2085 3634 2204 3712 qui
2250 3634 2752 3696 auctoritatem
2791 3632 3014 3711 ipsius

534 3740 1037 3819 sequebantur,
1080 3741 1172 3803 ad
1217 3740 1649 3804 Societatem
1692 3742 1970 3803 mittere
2014 3739 2358 3819 Magister
2387 3739 2601 3802 Avila
2634 3740 3012 3801 constitue-

540 3846 680 3923 bat,
736 3846 944 3909 sicuti
987 3846 1135 3927 jam
1187 3848 1459 3927 aliquos
1510 3865 1638 3910 sua
1691 3846 2185 3910 exhortatione
2232 3855 2300 3908 et
2341 3846 2640 3908 consilio
2692 3846 3009 3924 miserat,

539 3952 723 4016 inter
761 3971 937 4032 quos
975 3953 1257 4017 fuerunt
1306 3956 1672 4034 praecipui
1723 3954 2072 4016 Dominus
2122 3953 2477 4017 Antonius
2523 3953 2609 4015 de
2653 3951 3007 4029 Cordova,

541 4060 616 4122 P.
652 4059 969 4123 Didacus
998 4061 1085 4124 de
1118 4060 1442 4124 Guzman
1470 4072 1538 4124 et
1562 4061 1637 4124 Ρ.
1674 4061 1946 4124 Doctor
1976 4061 2259 4123 Loarte.
2294 4059 2431 4123 Sed
2456 4060 2547 4123 ad
2577 4059 2756 4123 haec
2786 4058 3008 4123 Colle-

533 4168 659 4244 gia
689 4167 1118 4230 instituenda
1148 4169 1345 4230 viros
1386 4169 1657 4248 aliquos
1695 4185 1957 4246 magno
1997 4168 2235 4230 animo
2276 4167 2638 4246 praeditos
2666 4165 3011 4243 Magister

533 4374 692 4416 *matri
713 4386 854 4426 suae,
878 4374 1098 4428 itemque
1121 4373 1392 4426 Gregorio,
1421 4374 1600 4427 fratri,
1623 4374 1678 4417 25
1698 4372 1998 4426 Februarii;
2020 4373 2154 4415 idem
2175 4371 2388 4415 Patrem
2407 4370 2746 4414 Franciscum
2766 4370 3012 4424 Borgiam

537 4451 691 4499 rogat
712 4451 770 4488 ut
791 4446 978 4498 Burgls
1000 4446 1276 4498 transiens,
1297 4453 1518 4489 matrem
1539 4456 1686 4488 suam
1706 4446 1929 4495 soletur,
1949 4445 1998 4487 21
2022 4444 2338 4487 Decembris.
2364 4443 2643 4493 Polancus,
2666 4443 2728 4485 de
2752 4449 2915 4485 morte
2931 4442 3009 4484 sui

538 4516 730 4570 patris,
755 4516 897 4559 Patri
920 4515 1199 4559 Francisco
1221 4515 1413 4560 Strada
1433 4517 1637 4570 gratias
1658 4527 1820 4569 agens
1842 4527 1935 4570 pro
1956 4517 2017 4559 ils
2032 4548 2042 4566 ,
2066 4527 2198 4569 quae
2221 4513 2460 4558 morienti
2481 4513 2620 4567 patri
2653 4512 2919 4566 praestitit
2940 4512 3011 4554 os·

531 4582 680 4641 ficiis,
702 4589 749 4631 21
774 4587 1099 4640 Decembris;
1123 4587 1258 4631 idem
1278 4587 1430 4630 matri
1454 4587 1717 4631 solaminis
1739 4589 1920 4639 verbm
1946 4587 2077 4631 idem
2100 4587 2252 4630 fratri
2274 4586 2336 4629 de
2359 4584 2710 4629 haereditate.

619 4659 637 4692 ¹
696 4659 974 4713 Polaticus,
995 4670 1063 4702 ex
1080 4670 1212 4703 com.
1228 4692 1243 4711 ,
1263 4658 1512 4713 Magistro
1535 4659 1814 4703 Benedicto
1848 4658 2132 4713 Uguccionl
2154 4691 2164 4707 .
2193 4659 2253 4701 de
2278 4657 2542 4701 mittendis
2565 4656 2764 4709 Burgos
2785 4661 2836 4698 et
2858 4655 2918 4698 de
2942 4656 3007 4699 iis

529 4741 673 4784 quae
692 4732 922 4784 postulat
946 4731 1125 4774 Abbas
1147 4731 1207 4773 de
1230 4730 1382 4774 Salas
1397 4763 1407 4781 ,
1429 4731 1456 4773 2
1476 4729 1752 4774 Februarii
1774 4737 1825 4774 et
1850 4732 1899 4773 17
1920 4730 2176 4774 Octobris.
