3679 5414
701 464 810 523 596
1621 462 1875 524 Canon.
1918 462 2072 523 Soc.
2112 464 2252 537 Jsss.

703 610 874 671 bant
903 608 1086 671 unde
1117 625 1393 689 cereOS,
1430 610 1804 673 luminaria
1838 609 2118 689 aliaque
2142 608 2214 671 in
2243 609 2466 672 divini
2495 609 2727 672 cultus
2757 609 3183 689 obsequium.

703 717 1112 780 necessaria
1142 727 1665 798 compararent,
1702 718 1915 780 immo
1938 726 2016 779 ut
2046 717 2183 779 hoc
2208 715 2382 797 ipsis
2404 715 2909 779 concederetur
2932 717 3186 779 multis,

703 822 1036 904 precibus
1063 824 1478 887 exorabant.

823 929 962 993 418.
1052 930 1198 994 Nec
1248 929 1778 993 defraudandus
1827 939 1935 993 est
1987 930 2220 994 debita
2273 929 2882 993 commendatione
2941 930 3165 1010 cujus-

707 1038 872 1101 dam
902 1037 1433 1117 patrisfamilias
1459 1037 1621 1118 pius
1651 1038 1952 1116 animuS,
1986 1038 2136 1118 qui,
2171 1055 2334 1101 cum
2372 1038 2570 1101 senio
2601 1048 2670 1101 et
2715 1037 2962 1102 morbo
2999 1056 3160 1101 con·

706 1145 932 1209 fectus
964 1145 1155 1208 domi
1182 1153 1401 1223 esset,
1450 1162 1611 1207 cum
1639 1146 1838 1225 prole
1870 1144 2086 1207 etiam
2116 1144 2327 1207 debili
2356 1154 2428 1207 et
2455 1162 2702 1224 uxore,
2729 1163 2913 1224 quae
2935 1143 3179 1208 nendo

701 1252 972 1315 victum
1023 1251 1548 1331 quaeritabant,
1602 1251 2039 1332 parsimonia
2089 1260 2327 1314 tamen
2377 1260 2446 1314 et
2503 1251 2870 1330 diligentia
2924 1252 3173 1314 nescio

704 1367 873 1439 quot
902 1376 1176 1421 annuos
1205 1356 1523 1421 florenos
1550 1357 1756 1437 emit,
1797 1375 1977 1438 quos
2017 1357 2108 1421 ad
2150 1359 2415 1420 cultum
2454 1358 2881 1421 venerabilis
2918 1356 3177 1422 Sacra--

703 1466 919 1530 menti
950 1466 1353 1546 augendum
1383 1465 1713 1528 dedicare
1742 1466 2010 1528 statuit.
2046 1464 2226 1529 Cum
2256 1474 2492 1528 autem
2522 1466 2598 1528 P.
2632 1464 3031 1529 Adrianum
3049 1467 3169 1546 pia

702 1591 883 1636 uxor
923 1573 1014 1635 ad
1051 1572 1122 1634 id
1160 1573 1589 1648 consuleret,
1643 1573 1735 1635 ad
1785 1581 2176 1651 pastorem,
2233 1571 2346 1635 cui
2396 1572 2625 1651 magis
2673 1572 2941 1635 familia
2989 1573 3167 1637 haec

702 1690 869 1743 nota
900 1688 1075 1757 erat,
1110 1695 1270 1742 eam
1290 1678 1501 1742 misit.
1537 1677 1882 1758 Quamvis
1906 1688 2144 1742 autem
2165 1679 2302 1759 ille,
2336 1678 2684 1741 rationem
2714 1679 2980 1742 habens
3009 1697 3179 1759 ege·-

701 1786 905 1849 statis
935 1784 1085 1866 ejus
1113 1785 1423 1848 familiae
1453 1795 1523 1848 et
1553 1785 2084 1864 imbecillitatis,
2118 1784 2304 1847 hanc
2337 1785 2860 1865 eleemosynam
2898 1785 3177 1849 dissuas

700 1894 926 1970 deret,
961 1909 1181 1955 senex
1209 1892 1359 1973 ipse
1396 1891 1705 1954 familiae
1743 1902 1945 1972 pater
1985 1893 2176 1954 nulla
2214 1892 2489 1955 ratione
2534 1911 2577 1954 a
2616 1910 2746 1954 suo
2797 1894 3162 1971 proposito

699 2000 911 2063 avelli
936 2010 1250 2081 poterat;
1281 1998 1406 2063 sed
1436 1999 1526 2061 ad
1556 2000 1691 2061 hoc
1721 2016 1812 2061 ex
1842 1999 2235 2078 composito
2269 1998 2553 2062 tandem
2583 1998 3053 2078 devenerunt,
3092 2011 3167 2064 ut

697 2110 914 2171 semel
962 2107 1276 2187 aliquam
1326 2123 1677 2169 summam
1725 2105 2157 2169 florenorum
2205 2106 2709 2185 elargirentur,
2766 2116 2833 2169 et
2893 2108 3161 2187 reliqua

697 2215 937 2277 liberis
966 2213 1353 2277 educandis
1390 2222 1879 2291 reservarent3
1921 2223 2020 2288 et,
2055 2222 2129 2275 ut
2170 2213 2289 2275 illa
2332 2213 2601 2276 minuta
2647 2214 2817 2292 duo,
2854 2214 2952 2276 ita
2992 2230 3163 2277 sane

697 2331 764 2384 et
821 2320 1005 2383 hanc
1061 2319 1507 2400 pecuniolam
1563 2320 1847 2398 magnis
1908 2319 2204 2382 divitum
2280 2319 2485 2382 donis
2543 2337 2786 2383 coram
2856 2319 3173 2384 Domino-

695 2429 1089 2506 praelatam
1138 2427 1490 2490 existimo.
1544 2426 1708 2489 Alia
1761 2425 2162 2508 hujusmodi
2219 2426 2494 2507 piorum
2551 2427 2915 2491 hominum
2972 2428 3161 2492 facta
3202 2407 3213 2415 ⁶

696 2536 975 2598 narrari
1017 2544 1325 2615 possent.
1382 2532 1713 2597 Seniores
1753 2544 1991 2596 autem
2032 2534 2167 2596 hac
2206 2534 2445 2614 populi
2483 2535 2874 2597 mutatione
2912 2536 2982 2597 in
3022 2545 3175 2598 stu·-

695 2659 940 2723 porem
978 2641 1431 2722 rapiebantur
1475 2651 1543 2703 et
1564 2614 1944 2722 ⁸nunquam
1986 2659 2071 2704 ea
2101 2641 2406 2704 Lovanii
2453 2641 2629 2721 visa,
2675 2660 2762 2704 ne
2812 2643 2885 2705 in
2913 2660 3159 2723 prove·

694 2748 939 2813 ctioris
970 2748 1252 2829 quidem
1282 2748 1538 2811 aetatis
1560 2748 1983 2828 hominibuS,
2012 2766 2191 2828 quae
2222 2758 2389 2812 tunc
2415 2749 2633 2812 etiam
2656 2750 2726 2812 in
2758 2750 3156 2814 adolescen-

595 2886 599 2899 ·
695 2856 881 2920 tibus
929 2855 1297 2934 videbant,
1351 2856 1815 2918 testabantur.
1879 2853 2245 2934 Quaedam
2295 2857 2456 2935 piae
2512 2855 2866 2921 foeminae
2918 2867 3165 2923 votum

694 2973 969 3027 secreto
1013 2962 1396 3025 emiserant
1445 2962 1530 3024 de
1582 2961 1981 3024 obedientia
2031 2961 2107 3023 P.
2156 2961 2476 3026 Adriano
2526 2965 2992 3043 praestanda;
3036 2965 3162 3028 sed

693 3071 795 3134 eis
824 3069 1218 3133 declaravit
1251 3086 1327 3131 se
1357 3069 1730 3132 admittere
1771 3086 1905 3131 nec
1936 3085 2145 3147 posse
2174 3086 2306 3132 nec
2338 3071 2520 3132 velle
2549 3068 2947 3150 hujusmodi
2991 3082 3157 3135 vota

692 3187 762 3241 et
791 3186 868 3240 ut
898 3177 1158 3240 liberas
1189 3194 1265 3239 se
1290 3175 1779 3238 existimarent
1806 3176 2198 3254 admonuit;
2226 3177 2553 3256 quamvis
2576 3188 2650 3241 ut
2684 3178 3172 3242 confessarius

695 3301 874 3364 quae
904 3283 1078 3363 ipsis
1107 3282 1442 3362 expedire
1468 3280 1821 3361 J'udicaret
1853 3300 1928 3345 se
1959 3280 2310 3345 dicturum
2340 3284 2589 3348 obtulit
2622 3284 2661 3348 ¹.

1326 3610 1454 3674 DE
1499 3609 1967 3674 COLLEGIO
2010 3605 2525 3674 PARISIENSI

811 3825 950 3889 419.
1039 3825 1330 3889 Parisiis
1387 3825 1459 3887 in
1514 3824 1744 3904 prima
1793 3832 1995 3903 parte
2052 3819 2259 3901 hujus
2317 3821 2483 3883 anni
2541 3820 2858 3901 Collegio
2911 3833 3167 3885 nostro

690 3934 994 4013 praefuit
1044 3934 1120 3997 P.
1176 3932 1499 4011 Baptista
1547 3930 1926 4006 ViolaeuS,
1971 3929 2090 4009 qui
2133 3937 2332 3991 tanta
2379 3945 2621 3991 rerum
2669 3930 3161 4009 temporalium

695 4041 1142 4121 premebatur
1169 4038 1499 4121 penuria,
1533 4046 1608 4100 ut
1638 4046 1920 4117 praeter
1951 4053 2111 4113 eOS,
2147 4052 2326 4115 quos
2347 4035 2420 4097 in
2443 4034 2579 4098 fine
2608 4038 2777 4099 anni
2799 4037 3171 4117 praeteriti

691 4165 854 4211 cum
901 4148 976 4211 P.
1033 4144 1399 4210 Everardo
1449 4143 1751 4207 Romam
1802 4142 2125 4220 miserat,
2182 4152 2325 4205 tres
2376 4141 2552 4205 alios
2597 4143 2732 4207 hoc
2771 4144 2925 4224 ipso
2972 4162 3158 4208 anno

693 4256 923 4334 primo
954 4271 1124 4318 vere
1157 4253 1435 4316 mittere
1464 4259 1755 4314 coactus
1785 4248 2027 4329 fuerit,
2062 4266 2365 4328 quorum
2395 4260 2605 4331 caput
2634 4260 2789 4314 erat
2817 4250 2893 4314 Ρ.
2930 4251 3157 4315 Olive-

770 4493 786 4524 ί
847 4491 1113 4546 Polaticus,
1151 4503 1214 4535 ex
1247 4503 1406 4543 com„
1438 4490 1584 4535 Patri
1625 4489 1853 4533 Adriano
1890 4488 2284 4542 Adriaenssens‚
2320 4489 2448 4544 fuse,
2484 4491 2546 4534 de
2575 4492 2890 4537 valetudinis
2922 4505 3064 4547 cura,
3097 4496 3169 4537 de⁴

688 4564 1021 4608 admittendis
1057 4564 1106 4607 in
1138 4563 1469 4618 Societatem,
1504 4563 1566 4606 de
1598 4561 1879 4617 rejiciendo
1902 4566 2023 4605 voto
2059 4561 2379 4605 obedientiae
2402 4573 2434 4605 a
2469 4562 2703 4608 foeminis
2736 4564 2937 4617 emisso,
2968 4567 3029 4610 de
3065 4566 3159 4609 Ar·

688 4634 839 4677 noldo
881 4621 1079 4688 Hezeo,
1125 4634 1186 4677 de
1230 4632 1566 4678 observantia
1600 4632 2052 4686 constitutionum,
2089 4632 2150 4675 de
2184 4634 2513 4685 procuranda
2547 4634 2881 4689 Imperatoris
2910 4638 3062 4681 venia
3093 4639 3167 4681 ad'

689 4704 967 4749 societatis
987 4705 1218 4760 collegia
1239 4706 1292 4749 in
1315 4707 1494 4762 Belgio
1515 4703 1825 4749 instituenda
1845 4736 1855 4752 .
1878 4709 1994 4756 etc„
2016 4704 2070 4747 27
2090 4702 2407 4747 Decembris.
