3679 5414
697 435 814 497 620
1680 436 1941 499 Canon.
1982 436 2137 497 Soc.
2172 436 2311 510 Jsss.

705 593 1143 666 suppeteret,
1188 602 1404 648 censu
1437 584 1847 665 redimibili,
1885 601 2099 665 super
2130 583 2452 649 eamdem
2493 582 2780 646 domum
2820 580 3179 663 imposito,

705 708 865 753 eam
895 708 1128 754 emere
1159 690 1651 755 decreverunt.

825 795 965 861 468.
1055 798 1337 862 Accidit
1386 799 1636 862 eodem
1680 797 1868 881 Julio
1909 814 2153 862 mense
2182 806 2259 859 ut
2294 797 2547 860 unicus
2585 794 2768 861 filius
2807 795 3179 877 cujusdam

707 905 1128 968 mercatoris
1178 905 1766 986 methymnensiS,
1821 915 1893 968 et
1943 903 2224 984 quidem
2276 903 2546 983 divitis,
2601 901 3033 966 Societatem
3075 904 3176 970 in-

702 1011 909 1092 gredi
939 1012 1394 1092 Methymnae
1423 1020 1797 1093 statueret,
1834 1028 2044 1093 quem
2073 1028 2235 1075 cum
2265 1010 2773 1075 salmanticam
2805 1009 2895 1073 ad
2926 1028 3177 1091 paren-

705 1127 856 1181 tum
885 1119 1247 1181 molestias
1278 1118 1738 1182 declinandas
1768 1119 1996 1182 nostri
2024 1118 2416 1197 misissent,
2461 1117 2747 1198 quidam
2786 1118 2967 1181 alius
2998 1136 3172 1183 mer-

707 1233 931 1304 cator,
966 1225 1086 1304 qui
1115 1224 1266 1305 ejus
1293 1227 1520 1305 patris
1561 1226 1796 1289 socius
1827 1234 2004 1304 erat,
2037 1242 2164 1305 per
2203 1241 2424 1305 equos
2467 1224 2849 1304 dispositos
2887 1243 3046 1288 eum
3076 1225 3172 1289 in-

706 1340 1046 1410 sequutus
1077 1341 1208 1411 est,
1242 1341 1311 1395 et
1341 1350 1503 1395 cum
1542 1343 1727 1396 esset
1754 1331 1903 1412 jam
1942 1332 2015 1395 in
2046 1330 2362 1411 Collegio
2400 1329 2945 1394 Salmanticensi
2978 1330 3173 1411 Juve-

702 1438 847 1517 niS,
893 1455 978 1501 eo
1010 1456 1085 1501 se
1117 1439 1434 1517 contulit,
1471 1449 1540 1503 et
1576 1457 1620 1501 a
1658 1457 1787 1503 suo
1828 1439 2193 1519 proposito
2235 1455 2578 1500 revocare
2611 1435 2946 1516 juvenem
2987 1440 3171 1502 vole·

701 1546 856 1625 bat;
885 1563 1092 1625 quem
1121 1564 1282 1609 cum
1312 1545 1388 1609 P.
1420 1546 1733 1630 Joannes
1764 1545 2076 1610 Alvarez
2115 1533 2615 1625 alloqueretur,
2650 1545 2753 1607 sic
2792 1562 2953 1607 cum
2984 1563 3067 1608 eo
3097 1563 3179 1609 se

703 1652 950 1732 gessit,
985 1661 1060 1715 ut
1091 1670 1252 1715 eum
1273 1653 1364 1717 ad
1389 1653 1910 1717 confessionem
1931 1661 2000 1715 et
2023 1652 2591 1715 communionem
2614 1661 2777 1714 ante
2801 1651 3175 1732 prandium

704 1760 1113 1838 adduceret;
1146 1770 1215 1823 et
1244 1760 1347 1824 sic
1378 1757 1528 1839 ejus
1560 1760 1837 1823 animus
1866 1759 1997 1823 fuit
2029 1767 2526 1837 commutatuS,
2551 1767 2627 1822 ut
2657 1759 2952 1839 ipsemet
2977 1757 3173 1838 Juve-

703 1868 818 1930 nis
850 1868 1427 1931 deliberationem
1469 1866 1814 1946 laudaret,
1851 1878 1919 1929 et
1958 1867 2050 1930 ad
2086 1867 2699 1947 perseverantiam
2741 1866 3177 1947 hortaretur,

701 1983 779 2036 ut
817 1984 1280 2037 conservaret
1329 1990 1679 2037 summum
1719 1974 1891 2037 illud
1940 1972 2377 2053 beneficium,
2425 1973 2613 2054 quod
2652 1991 2695 2035 a
2718 1971 2893 2035 ‘Deo
2924 1973 2996 2035 in
3039 1973 3175 2038 hac

657 2068 667 2076 ’
704 2081 1083 2144 vocatione
1114 2090 1521 2161 acceperat,
1557 2090 1624 2144 et
1649 2080 1974 2160 addebat,
2004 2080 2065 2143 si
2093 2080 2394 2143 liberum
2416 2079 2551 2160 ipsi
2575 2088 2782 2157 esset,
2809 2096 2976 2142 nam
3011 2097 3174 2145 con·

696 2184 986 2266 jugatus
1044 2196 1219 2263 erat,
1275 2187 1713 2251 tantumdem
1762 2204 1918 2250 esse
1968 2186 2359 2265 facturum;
2421 2194 2489 2249 et
2539 2186 2640 2249 ita
2688 2184 3173 2266 Methymnam

700 2294 932 2358 rediit.

819 2400 960 2463 469.
1047 2401 1205 2465 Non
1237 2402 1557 2466 omittam
1598 2402 1785 2482 quod
1814 2419 1977 2465 cum
2014 2400 2090 2465 P.
2134 2401 2563 2464 Franciscus
2602 2401 2675 2465 in
2719 2400 3171 2464 Provinciam

697 2506 1187 2587 Guipuzcoam
1230 2509 1514 2588 rediret,
1558 2508 1690 2572 iter
1730 2509 1977 2571 habuit
2017 2527 2143 2589 per
2187 2508 2704 2588 Methymnam,
2750 2509 3178 2586 cognomine

696 2615 783 2678 de
812 2613 1135 2694 Riosec0,
1169 2616 1289 2679 ubi
1312 2633 1473 2679 cum
1503 2615 1808 2679 Ducissa
1838 2616 2293 2696 Methymnae
2323 2615 2409 2677 de
2440 2615 2650 2678 rebus
2690 2614 3174 2695 spiritualibus

695 2723 878 2802 egit;
922 2732 990 2786 et
1031 2741 1190 2786 cum
1238 2725 1357 2787 illa
1407 2740 1670 2804 magno
1714 2723 1970 2787 affectu
2023 2722 2495 2803 significasset
2535 2731 2783 2802 optare
2832 2740 2909 2786 se
2960 2724 3170 2787 alicui

699 2829 1056 2892 sacerdoti
1086 2829 1467 2894 Societatis
1498 2830 1814 2893 confiteri
1839 2840 1907 2893 et
1932 2849 2038 2909 ea,
2068 2848 2251 2911 quae
2282 2830 2373 2892 ad
2404 2830 2713 2892 animam
2735 2847 2938 2892 suam
2960 2830 3167 2909 perti-

694 2945 966 3015 nerent,
1004 2954 1166 2999 cum
1193 2954 1278 3000 eo
1312 2945 1646 3016 tractare,
1681 2937 1756 3000 Ρ.
1794 2937 1853 2999 F
1854 2937 2222 3000 ranciscus
2245 2935 2634 3000 Doctorem
2656 2936 3081 3000 Turrianum
3104 2937 3168 3000 ei

692 3044 1086 3124 proposuit,
1121 3054 1190 3107 et
1223 3044 1316 3107 ad
1347 3044 1482 3107 hoc
1513 3043 1725 3107 Pater
1759 3044 1945 3106 idem
1976 3044 2369 3107 Turrianus
2399 3061 2483 3106 eo
2514 3059 2590 3105 se
2621 3043 2940 3123 contulit,
2974 3051 3165 3107 ante-

697 3167 909 3229 quam
939 3151 1012 3213 in
1042 3149 1553 3231 Portugalliam
1583 3151 1647 3213 ei
1676 3150 1804 3214 fuit
1832 3149 2327 3213 recedendum.

815 3256 957 3319 470.
1046 3257 1124 3321 In
1156 3259 1476 3338 Collegio
1514 3258 2059 3322 Salmanticensi
2090 3257 2396 3320 officium
2418 3257 2786 3320 domorum
2808 3257 3160 3336 probatio·

691 3365 806 3426 nis
843 3366 1318 3429 exercendum
1356 3376 1531 3429 erat.
1585 3364 1730 3429 Sub
1782 3375 2120 3429 autumno
2162 3365 2350 3427 enim
2391 3364 2670 3444 viginti,
2712 3373 2787 3427 ut
2831 3363 3162 3445 diximuS,

693 3471 789 3534 ibi
822 3482 1048 3550 erant,
1081 3482 1150 3534 et
1181 3471 1425 3535 decem
1455 3490 1546 3536 ex
1577 3473 1678 3535 eis
1709 3473 1900 3536 intra
1929 3490 2057 3535 sex
2079 3489 2362 3534 menses
2392 3470 2600 3550 hujus
2631 3471 2798 3533 anni
2820 3469 3163 3538 Societati

690 3596 768 3641 se
799 3579 1260 3658 addixerant;
1295 3597 1595 3660 quorum
1624 3580 1811 3643 bona
1839 3597 2011 3660 pars
2041 3579 2113 3642 in
2137 3579 2535 3657 theologiae
2567 3578 2877 3641 studium
2898 3579 3159 3643 incum-

689 3684 923 3765 bebat,
959 3695 1028 3749 et
1067 3688 1378 3770 egregiis
1418 3688 1702 3751 talentis
1731 3687 2035 3767 praediti
2078 3696 2313 3766 erant;
2357 3686 2481 3748 sed
2520 3695 2759 3749 tamen
2798 3686 2870 3749 in
2907 3687 3163 3766 proba-

693 3793 1006 3856 tionibus
1045 3794 1477 3857 novitiorum
1514 3794 1721 3857 simul
1760 3795 2299 3857 exercebantur.
2344 3794 2546 3857 Unus
2593 3803 2746 3857 erat
2783 3794 2965 3856 inter
3009 3811 3160 3873 eOS,

690 3899 844 3979 qui,
887 3917 1047 3962 cum
1087 3909 1360 3964 tantum
1404 3901 1806 3982 quindecim
1846 3918 2073 3963 annos
2120 3910 2332 3963 natus
2370 3910 2578 3979 esset,
2622 3900 2881 3963 artium
2919 3909 3157 3965 tamen

685 4006 1081 4070 liberalium
1113 4025 1399 4071 cursum
1423 4026 1584 4071 cum
1604 4025 1868 4088 magno
1894 4007 2204 4071 omnium
2229 4009 2574 4087 applausu
2598 4017 2996 4087 peregerat,
3023 4025 3157 4071 nec

684 4114 919 4177 minus
957 4115 1107 4177 acri
1140 4113 1404 4194 judicio
1444 4124 1511 4178 et
1549 4115 1903 4195 probitate
1947 4131 2033 4176 ac
2073 4115 2333 4195 pietate
2382 4132 2594 4194 quam
2640 4115 2925 4194 ingenio
2967 4131 3155 4177 com-

683 4222 1175 4302 mendabatur,
1211 4232 1279 4285 et
1309 4240 1572 4285 annum
1611 4232 1775 4286 ante
1820 4222 2224 4302 ingressum
2267 4229 2524 4284 octavo
2558 4238 2836 4302 quoque
2878 4222 2989 4284 die
3032 4239 3153 4284 no-

683 4330 854 4392 stris
884 4328 1351 4392 confitebatur
1381 4338 1449 4393 et
1478 4328 1940 4393 Sanctissima
1981 4328 2434 4392 Eucharistia
2472 4327 2939 4392 reficiebatur.
2989 4328 3159 4392 Duo

682 4437 806 4500 alii
833 4436 1289 4516 Methymnae
1317 4446 1761 4500 mercaturae
1790 4437 2131 4500 dederant
2163 4453 2474 4515 operam,
2510 4445 2578 4499 et
2608 4453 2768 4498 cum
2798 4435 2873 4499 P.
2918 4436 3150 4517 Bapti-

680 4553 793 4606 sta
825 4544 897 4607 in
924 4543 1079 4607 foro
1109 4552 1358 4607 contra
1396 4543 1883 4607 foeneratores
1913 4552 1982 4606 et
2010 4560 2298 4606 usuram
2330 4552 2743 4606 exercentes
2782 4543 3017 4606 valide
3051 4545 3148 4607 in·

677 4652 1087 4727 veheretur,
1124 4651 1220 4731 hi,
1268 4667 1568 4730 quorum
1599 4651 2034 4716 conscientia
2073 4651 2708 4732 perstringebatur,
2754 4652 2984 4731 ipsum
3019 4651 3148 4715 Pa·
