3679 5414
1614 453 1740 511 ΑΝ.
1786 451 1926 511 1552
2891 452 2995 512 731

516 604 931 677 paraverat,
966 603 1035 657 et
1064 595 1416 658 Malacam
1445 612 1667 677 usque
1699 594 1988 659 Petrum
2017 594 2103 658 de
2132 594 2496 659 Alcaceba
2549 604 2618 659 et
2655 596 3003 661 Duartem

513 703 611 766 de
640 702 885 783 Sylva,
918 720 1096 782 quos
1125 702 1197 764 in
1225 701 1572 784 Japonem
1601 702 1761 766 inde
1789 703 2120 781 mitteret,
2155 718 2318 766 cum
2345 702 2622 766 duobus
2647 703 2989 785 japonen·

518 810 718 874 sibus
747 829 836 874 ex
866 810 998 888 his,
1032 826 1209 889 quos
1242 810 1312 872 in
1343 809 1616 873 Indiam
1638 827 1881 873 secum
1903 809 2321 873 adduxerat.
2350 809 2441 873 Et
2476 827 2640 874 cum
2660 809 2810 890 jam
2833 820 3002 875 tem-

523 923 657 997 pus
682 916 1147 998 profectionis
1177 916 1571 996 accederet,
1598 917 1946 996 quasdam
1969 916 2060 979 ad
2083 916 2342 980 fratres
2363 926 2651 980 nostros
2674 916 3002 982 Goenses

517 1026 907 1090 conciones
936 1033 1151 1087 noctu
1179 1023 1507 1102 habebat,
1540 1024 1791 1103 quibus
1819 1041 1944 1087 eos
1974 1023 2229 1086 mirum
2259 1024 2331 1087 in
2355 1025 2646 1088 modum
2678 1026 2998 1089 consola-

523 1141 639 1195 tus
668 1141 798 1210 est,
833 1141 902 1195 et
930 1132 1001 1194 in
1030 1132 1244 1195 rebus
1270 1131 1751 1212 spiritualibus
1780 1131 2151 1210 instruxit3
2186 1132 2412 1194 verba
2446 1132 2660 1211 enim,
2694 1150 2878 1213 quae
2908 1150 3001 1197 ex

506 1237 675 1318 ,eJ‘us
708 1255 831 1302 ore
863 1238 1433 1318 egrediebantur,
1476 1238 1680 1318 quasi
1708 1238 1957 1317 ignita,
1991 1237 2209 1301 corda
2252 1238 2704 1303 audientium
2733 1241 2999 1304 inflama

522 1346 846 1426 mabant;
881 1347 1128 1409 ultima
1156 1353 1394 1409 autem
1414 1345 1636 1407 verba
1659 1345 2174 1424 exhortatoria,
2202 1361 2384 1426 quae
2418 1345 2607 1409 inter
2631 1347 3002 1427 amplexus

510 1451 829 1516 fratrum
860 1453 1097 1516 multis
1125 1470 1287 1516 cum
1314 1451 1653 1533 lacrymis
1684 1451 1883 1530 dixit,
1933 1451 2020 1515 de
2048 1452 2452 1516 constantia
2495 1453 2569 1516 in
2597 1455 2998 1532 vocatione,

526 1559 614 1622 de
643 1560 1035 1623 humilitate
1063 1559 1274 1623 valde
1317 1558 1689 1640 profunda,
1723 1576 1907 1640 quae
1943 1576 2035 1622 ex
2063 1560 2174 1622 sui
2218 1560 2636 1639 cognitione
2675 1578 3003 1625 nascere·

522 1677 665 1746 tur,
701 1677 770 1730 et
799 1685 1013 1748 super
1035 1668 1272 1730 omnia
1294 1668 1380 1730 de
1401 1666 1954 1747 promptitudine
1981 1665 2424 1730 obedientiae
2450 1666 2758 1748 fuerunt,
2785 1686 3002 1749 quam

528 1774 766 1837 multis
794 1774 1031 1837 verbis
1068 1774 1616 1851 commendavit,
1651 1784 1726 1837 ut
1772 1773 2109 1836 virtutem
2151 1782 2297 1836 tam
2347 1775 2723 1838 amabilem
2751 1774 2905 1839 Deo
2936 1786 3005 1839 et

520 1898 741 1961 quam
769 1882 919 1960 ipse
949 1882 1126 1944 tanti
1147 1881 1319 1944 facit
1346 1890 1416 1943 et
1438 1898 1620 1961 quae
1642 1880 2043 1943 hominibus
2072 1878 2456 1944 Societatis
2489 1889 2637 1944 tam
2665 1893 2854 1946 esset
2889 1900 3005 1945 ne-

522 1989 869 2051 cessaria.

650 2094 791 2158 674.
878 2095 1247 2158 Profectus
1286 2102 1393 2157 est
1429 2105 1666 2158 autem
1707 2093 1865 2157 Goa
1904 2094 2017 2157 die
2059 2093 2261 2176 Jovis
2306 2093 2576 2175 Sancti,
2624 2105 3006 2177 postquam

521 2200 1069 2265 'Sanctissimum
1097 2200 1636 2265 Sacramentum
1663 2200 1897 2264 fuerat
1925 2200 2313 2281 inclusum;
2348 2211 2630 2282 tempus
2667 2204 2854 2266 enim
2885 2221 3005 2266 na·

524 2309 915 2388 vigationis
952 2326 1228 2372 moram
1257 2306 1597 2387 majorem
1626 2325 1769 2370 non
1806 2307 2102 2371 ferebat.
2136 2307 2294 2372 Non
2334 2326 2581 2372 secum
2621 2309 2825 2374 duxit
2872 2309 3004 2373 Pa-

520 2423 708 2479 trem
733 2415 1155 2496 Gasparem,
1183 2423 1390 2496 prout
1403 2424 1568 2478 ante
1591 2415 2076 2493 constituerat,
2096 2415 2244 2494 sed,
2271 2415 2463 2496 quod
2489 2417 2604 2480 ille
2628 2425 3004 2498 tantopere

526 2523 926 2603 expetebat,
955 2524 1312 2603 abnegare
1334 2521 1595 2602 debuit,
1623 2530 1693 2585 et
1715 2520 2238 2585 Provincialem
2260 2519 2757 2604 Praepositum
2781 2523 3002 2588 totius

528 2626 769 2693 Indiae
797 2648 1019 2711 usque
1049 2630 1139 2693 ad
1169 2629 1560 2710 Maluchas,
1607 2627 1818 2692 Sinas
1859 2637 1929 2691 et
1957 2628 2307 2712 Japonem
2347 2639 2419 2693 et
2458 2630 2733 2713 reliqua
2773 2632 3012 2694 omnia

530 2738 886 2817 praesidia
914 2738 1439 2817 Lusitanorum,
1472 2737 1855 2816 constituit,
1891 2745 1960 2799 et
1990 2747 2064 2799 ut
2089 2736 2405 2817 Collegio
2433 2736 2707 2802 Goensi
2729 2756 3009 2819 praees-

528 2852 641 2906 set
669 2852 1008 2924 tanquam
1036 2844 1320 2923 Rector,
1361 2853 1437 2907 ut
1473 2863 1563 2908 ex
1593 2862 1677 2906 eo
1719 2854 2065 2924 tanquam
2099 2845 2485 2907 seminario
2531 2845 2903 2925 operarios
2933 2846 3008 2907 in

533 2951 1019 3014 vastissimam
1048 2952 1240 3013 illam
1268 2949 1557 3014 Domini
1579 2952 1865 3014 vineam
1894 2951 2237 3030 mitteret;
2263 2959 2332 3013 et
2361 2968 2566 3014 suam
2593 2968 2879 3013 omnem
2909 2950 3010 3013 fa-

528 3058 875 3121 cultatem
913 3058 1320 3137 plenissime
1349 3058 1413 3121 ei
1442 3058 1758 3136 contulit,
1806 3066 1883 3120 ut
1912 3057 2203 3137 perinde
2246 3075 2333 3120 ac
2371 3058 2433 3120 si
2464 3057 2762 3137 ipsemet
2800 3055 3014 3120 Pater

528 3159 964 3227 Franciscus
1003 3162 1313 3243 adesset,
1367 3165 1605 3228 omnia
1646 3164 1864 3227 libere
1919 3164 2402 3227 constitueret.
2456 3163 2547 3227 Et
2596 3173 2674 3227 ut
2720 3164 3011 3227 doceret

528 3272 898 3352 exemplo,
955 3269 1142 3351 quod
1191 3270 1411 3334 verbo
1476 3271 1562 3334 de
1612 3270 2014 3334 obedientia
2062 3281 2131 3334 et
2182 3271 2578 3333 humilitate
2643 3271 3011 3349 docuerat,

536 3379 916 3459 praecipue
948 3379 1021 3440 in
1061 3378 1307 3441 ultima
1337 3378 1699 3455 concione,
1745 3378 2041 3457 ipsemet
2079 3376 2156 3440 Ρ.
2185 3376 2658 3463 ,Ρτειῐιοίεοιιῆ
2707 3377 3010 3457 genibus

536 3484 772 3564 flexiS,
827 3486 1140 3549 omnium
1203 3486 1474 3565 primus
1531 3483 1682 3564 ejus
1746 3485 2188 3548 obedientiae
2260 3502 2336 3548 se
2403 3483 2703 3566 subjecit
2761 3502 2890 3547 suo
2945 3492 3016 3546 et

530 3593 851 3655 omnium
910 3592 1308 3656 absentium
1360 3592 1646 3655 nomine
1673 3608 1686 3670 ;
1746 3608 1930 3671 quae
1987 3592 2225 3655 omnia
2280 3607 2543 3671 magna
2600 3601 3014 3655 nostrorum

539 3701 855 3763 omnium
882 3699 1372 3763 aedificatione
1401 3708 1470 3761 et
1498 3699 1984 3762 consolatione
2013 3707 2306 3778 peracta
2327 3697 2632 3761 fuerunt.
2661 3697 2777 3761 Sic
2801 3698 3019 3778 igitur

536 3805 616 3872 P.
650 3792 953 3888 Gaspar,
998 3808 1118 3887 qui
1154 3807 1347 3869 solus
1386 3805 1841 3869 acerbissime
1881 3805 2101 3868 sensit
2143 3804 2279 3867 hoc
2329 3823 2508 3868 onus
2547 3805 2682 3868 sibi
2721 3804 3013 3885 imponi,

541 3930 679 3993 quo
710 3914 998 3977 omnino
1028 3931 1104 3976 se
1149 3912 1718 3992 indignissimum
1755 3910 2137 3991 sentiebat,
2182 3912 2510 3975 omnibus
2551 3912 2853 3988 nostriS,
2899 3910 3021 3991 qui

540 4019 615 4081 in
663 4019 861 4083 India
913 4019 1260 4083 Orientali
1309 4030 1376 4083 et
1428 4027 1576 4082 tota
1619 4017 1798 4082 Asia
1849 4019 2356 4096 versabantur,
2402 4018 2806 4099 praefectus
2861 4016 3020 4095 fuit;

537 4126 743 4208 cujus
772 4138 1001 4207 gesta,
1028 4138 1175 4190 tam
1197 4144 1378 4207 quae
1402 4135 1478 4189 ut
1501 4126 1870 4208 operarius
1893 4136 2246 4205 strenuuS,
2274 4142 2489 4205 quam
2511 4143 2694 4207 quae
2721 4134 2797 4188 ut
2818 4143 3023 4205 prae-

538 4235 815 4314 positus
843 4242 912 4297 et
941 4251 1190 4297 curam
1231 4234 1534 4297 aliorum
1567 4234 1839 4297 habens
1880 4233 2136 4313 gessit,
2180 4241 2251 4295 et
2290 4232 2363 4295 in
2401 4249 2628 4313 regno
2673 4231 3020 4305 Ormuzii,

536 4350 613 4404 et
642 4342 714 4404 in
742 4340 971 4421 India,
1004 4350 1080 4404 ut
1109 4340 1196 4402 de
1227 4339 1510 4404 Sanctis
1539 4340 1833 4420 dicitur,
1879 4339 2301 4403 admiranda
2342 4340 2580 4420 potius
2619 4357 2835 4421 quam
2875 4340 3025 4402 imi-

541 4449 763 4511 tanda
814 4448 1168 4527 videntur,
1220 4447 1358 4511 nisi
1409 4448 1566 4528 quis
1616 4464 1779 4511 eum
1825 4446 2154 4528 spiritum
2195 4464 2239 4509 a
2284 4445 2595 4510 Domino
2640 4447 3023 4526 acciperet,

537 4571 753 4635 quem
776 4555 1206 4619 credendum
1234 4563 1342 4618 est
1370 4555 1565 4618 illum
1596 4554 1983 4634 accepisse.
2009 4552 2192 4616 Nam
2221 4553 2294 4616 in
2321 4554 2480 4633 ipsa
2510 4554 2740 4617 insula
2778 4552 3028 4616 Ormu-

540 4662 686 4742 zia,
723 4663 794 4726 in
823 4662 1256 4725 monasterio
1286 4660 1653 4741 cujusdam
1681 4660 1912 4744 JogiS,
1946 4669 2023 4723 ut
2053 4659 2397 4740 diximuS,
2431 4676 2644 4741 quem
2674 4659 2873 4725 Deus
2900 4677 3034 4741 per
