3679 5414
1579 475 1730 537 ,Aa
1778 475 1909 533 1551
2891 477 2999 537 413

529 635 682 681 mas
712 617 1137 695 sentiebant,
1172 618 1498 697 pessimis
1529 619 1845 682 moribus
1875 629 2099 698 erant,
2134 638 2264 682 nec
2288 620 2473 682 ferre
2505 637 2731 700 aequo
2758 620 2994 683 animo

526 734 858 805 poterant
888 725 1077 806 quod
1107 734 1268 804 post
1299 725 1485 788 hanc
1514 726 1738 789 vitam
1770 726 1858 789 de
1890 726 2162 790 inferno
2194 727 2760 805 praedicabatur.

644 831 786 894 503.
876 831 1197 895 Duorum
1226 833 1572 896 mensium
1601 834 1832 914 spatio
1867 834 2383 914 quinquaginta
2413 833 2560 896 fere
2592 853 2680 897 ex
2713 852 2797 897 ea
2830 835 2994 897 civi-

527 948 674 1002 tate
704 939 1134 1018 baptismum
1164 950 1612 1020 acceperunt,
1646 941 1770 1003 sed
1804 940 2115 1021 quotidie
2146 941 2266 1003 alii
2297 950 2508 1020 atque
2540 942 2662 1003 alii
2691 960 2817 1021 per
2860 941 2995 1006 Dei

520 1046 837 1126 gratiam
874 1047 965 1109 ad
1002 1046 1211 1108 fidem
1252 1046 1706 1109 accedebant.
1755 1047 2249 1110 Tentationem
2298 1047 2483 1110 hanc
2536 1047 2735 1111 initio
2780 1050 2992 1129 patie-

525 1154 783 1216 bantur
815 1164 1067 1216 contra
1097 1153 1229 1216 Dei
1259 1154 1644 1217 bonitatem
1676 1172 1803 1217 cur
1834 1164 1993 1217 tam-
2012 1154 2131 1218 diu
2162 1155 2354 1233 ipsos
2378 1155 2450 1216 in
2473 1155 2781 1217 tenebris
2805 1173 2991 1218 erro·

526 1278 684 1323 rum
712 1261 1140 1341 reliquisset;
1177 1261 1300 1323 sed
1325 1278 1487 1323 cum
1517 1262 1618 1324 eis
1648 1261 1723 1324 P.
1759 1262 1817 1323 F
1822 1262 2189 1325 ranciscus
2211 1262 2584 1342 probasset
2606 1263 2834 1342 legem
2859 1261 2991 1326 Dei

521 1368 848 1431 omnibus
897 1366 1392 1448 japonensium
1451 1385 1538 1431 ac
1598 1368 1917 1432 sinarum
1966 1368 2237 1449 legibus
2289 1385 2444 1431 esse
2496 1369 2989 1449 antiquiorem,

523 1475 1097 1556 quandoquidem
1128 1476 1217 1537 ab
1246 1476 1445 1538 initio
1476 1475 1965 1555 intelligebant
1995 1475 2315 1538 homines
2338 1475 2767 1555 japonenses
2810 1485 2878 1539 et
2908 1477 2993 1538 si·

526 1599 660 1644 nae
690 1583 877 1661 quod
910 1583 1255 1660 occidere,
1293 1582 1545 1661 furari,
1578 1582 1835 1645 falsum
1866 1583 2344 1645 testimonium
2379 1582 2614 1645 dicere
2645 1592 2713 1645 et
2743 1593 2993 1646 contra

524 1689 794 1768 reliqua
824 1698 1207 1769 praecepta
1248 1690 1531 1768 operari
1573 1691 1837 1752 malum
1877 1695 2091 1768 esset,
2140 1698 2210 1751 et
2251 1690 2324 1752 in
2353 1689 2604 1769 seipsis
2634 1690 2992 1752 conscien-

523 1796 666 1859 tiae
718 1814 1114 1859 remorsum
1165 1797 1582 1873 sentiebant,
1617 1796 1676 1859 si
1726 1795 1894 1878 quid
1947 1804 2194 1859 contra
2244 1813 2327 1858 ea
2379 1796 2722 1876 egissent3
2756 1796 2993 1875 itaque

523 1902 856 1966 recedere
906 1921 949 1965 a
1002 1906 1189 1966 malo
1239 1913 1307 1966 et
1357 1904 1536 1966 bene
1586 1920 1802 1983 agere
1852 1904 1969 1966 lex
2018 1911 2173 1965 erat
2221 1902 2489 1983 scripta
2542 1904 2614 1965 in
2663 1903 2995 1967 cordibus

519 2011 858 2091 omnium,
891 2012 1083 2074 nullo
1115 2012 1329 2074 etiam
1366 2011 1650 2074 homine
1680 2011 2008 2090 docente;
2043 2019 2112 2073 et
2141 2010 2200 2072 si
2232 2010 2401 2090 quid
2430 2029 2516 2073 ea
2555 2011 2641 2073 de
2682 2029 2761 2073 re
2793 2011 2985 2073 dubi·

525 2127 792 2196 tarent,
835 2127 911 2181 ut
970 2119 1531 2200 experimentum
1569 2126 1958 2196 sumerent,
2002 2117 2356 2180 hominem
2398 2118 2470 2180 in
2511 2118 2790 2181 deserto
2832 2119 2993 2182 loco

523 2225 919 2304 educandO,
955 2226 1072 2290 ubi
1103 2227 1368 2289 nullam
1397 2226 1655 2289 habeat
1686 2235 2044 2289 sectarum
2075 2226 2552 2304 cognitionem
2583 2243 2714 2288 nec
2754 2226 2994 2305 legere

525 2342 653 2396 aut
683 2333 992 2396 scribere
1024 2334 1336 2412 noverit,
1380 2333 1568 2396 hunc
1593 2334 1652 2396 si
1682 2333 2284 2412 interrogaverint
2312 2350 2481 2396 num
2513 2332 2860 2413 occidere,
2892 2333 2991 2397 fu·

530 2439 708 2518 rari,
763 2449 934 2520 ete.,
989 2451 1176 2504 esset
1225 2448 1596 2521 peccatum
1649 2457 1874 2502 necne
1924 2448 1991 2502 et
2043 2458 2134 2503 an
2192 2440 2557 2520 expediret
2610 2449 2990 2521 praecepta

519 2546 912 2610 observare
942 2548 1295 2627 decalogi,
1333 2548 1485 2628 ipsa
1530 2547 1969 2627 experientia
2009 2556 2175 2610 tunc
2215 2558 2733 2627 cognoscerent
2776 2547 2987 2627 quod,

523 2655 675 2717 solo
707 2654 1046 2718 Creatore
1076 2658 1308 2735 legem
1339 2672 1543 2719 suam
1580 2656 1652 2719 in
1690 2655 1904 2719 corde
1948 2654 2421 2736 imprimente,
2465 2654 2601 2717 hoc
2644 2671 2981 2734 agnosce·

520 2770 651 2840 ret,
685 2762 872 2843 quod
899 2763 1126 2825 nostri
1157 2763 1687 2841 praedicabant.
1723 2761 2122 2841 Quadravit
2154 2763 2288 2825 illis
2320 2762 2648 2825 omnibus
2678 2762 2856 2826 haec
2879 2780 2988 2824 ra-

520 2869 642 2946 ti0,
696 2880 773 2932 ut
824 2870 1102 2932 abunde
1153 2871 1282 2932 sibi
1327 2870 1772 2934 satisfactum
1811 2888 1967 2933 esse
2017 2869 2441 2949 faterentur;
2495 2879 2594 2949 et,
2643 2888 2727 2932 eo
2774 2870 2986 2932 dubio

521 2976 824 3056 sublat0,
859 2994 1005 3040 non
1032 2995 1288 3058 parum
1317 2978 1408 3040 ad
1439 2976 1701 3041 Christi
1728 2976 1940 3040 fidem
1971 2976 2494 3057 suscipiendam
2535 2975 2753 3055 adjuti
2796 2985 2980 3038 sunt.

443 3097 456 3111 ·
521 3083 769 3164 Bonzi,
805 3085 993 3165 quod
1023 3102 1272 3148 eorum
1301 3084 1587 3148 fraudes
1615 3093 1684 3147 et
1723 3083 2096 3147 mendacia
2135 3083 2656 3162 detegerentur,
2702 3093 2987 3146 nostros

519 3189 681 3252 odio
723 3188 1358 3271 prosequebantur3
1401 3192 1924 3272 persuadebant
1963 3190 2150 3253 enim
2191 3190 2288 3252 illi
2329 3191 2589 3269 populo
2630 3190 2819 3271 quod
2869 3191 2984 3253 ob-

519 3315 813 3361 servare
863 3316 1006 3361 non
1048 3308 1329 3379 poterat
1377 3300 1729 3382 quaedam
1767 3307 2148 3379 praecepta
2194 3315 2374 3377 quae
2415 3297 2517 3359 illi
2553 3306 2717 3360 sunt
2750 3297 2980 3360 obser·

520 3405 790 3483 vanda3
824 3407 948 3468 sed
979 3415 1048 3468 et
1098 3407 1601 3485 promittebant
1641 3424 1731 3469 ex
1771 3405 2048 3468 inferno
2092 3423 2169 3469 se
2209 3422 2331 3468 eos
2372 3403 2753 3468 educturos
2792 3413 2860 3466 et
2893 3404 2981 3467 ad

519 3509 589 3573 id
619 3529 695 3575 se
725 3513 1155 3593 obligabant,
1192 3515 1408 3577 etiam
1440 3515 1506 3577 in
1542 3512 1848 3595 scriptis,
1885 3512 2264 3576 dummodo
2296 3512 2564 3576 honore
2595 3512 2684 3574 ab
2708 3512 2811 3574 eis
2843 3512 2979 3575 affi-

514 3628 868 3698 cerentur,
904 3629 972 3683 et
1003 3620 1089 3683 de
1118 3622 1329 3684 rebus
1358 3621 1452 3683 ad
1477 3621 1701 3684 vitam
1743 3620 2171 3683 necessariis
2209 3628 2665 3699 prospectum
2705 3618 2838 3682 sibi
2879 3637 2979 3682 es-

516 3734 644 3788 set.
678 3725 775 3788 At
803 3728 1028 3790 nostri
1057 3729 1453 3808 probabant
1484 3728 1691 3808 quod,
1726 3728 1787 3790 si
1817 3727 2034 3790 semel
2058 3727 2131 3788 in
2153 3725 2505 3788 infernum
2528 3725 2979 3789 detruderen-

517 3843 652 3912 tur,
689 3851 832 3895 non
861 3844 1192 3914 poterant
1223 3852 1348 3914 per
1379 3835 1644 3897 bonzos
1672 3835 1985 3898 liberari.

632 3939 774 4003 504.
861 3940 1136 4005 Placuit
1165 3950 1402 4005 autem
1433 3941 1717 4005 divinae
1744 3941 2274 4005 misericordiae
2305 3950 2373 4004 et
2406 3941 2704 4004 bonitati
2736 3951 2813 4004 ut
2838 3959 2980 4005 non

512 4049 742 4112 solum
773 4052 1074 4130 populus
1103 4049 1424 4113 fraudem
1454 4050 1638 4113 hanc
1669 4049 2060 4113 bonzorum
2091 4056 2546 4128 agnosceret,
2580 4048 2703 4111 sed
2734 4058 2802 4112 et
2847 4050 2979 4130 ipsi

511 4156 720 4219 bonzi
749 4175 793 4218 a
821 4158 1126 4220 veritate
1156 4157 1468 4220 convicti
1496 4156 1899 4220 fatebantur
1929 4172 2006 4219 se
2037 4174 2180 4219 non
2210 4175 2418 4237 posse
2449 4156 2725 4219 animas
2761 4157 2850 4220 ab
2882 4158 2980 4220 in—

509 4262 712 4326 ferno
756 4265 1059 4345 eripere;
1113 4264 1242 4327 sibi
1289 4273 1529 4328 tamen
1571 4264 1841 4328 victum
1878 4272 1949 4327 et
1989 4264 2325 4327 vestitum
2368 4263 2770 4327 defuturum
2815 4265 2878 4326 si
2910 4264 2979 4327 id

510 4387 656 4432 non
707 4372 1225 4451 praedicarent.
1282 4371 1369 4434 Et
1414 4372 1544 4451 ita,
1594 4389 1754 4435 cum
1793 4372 2245 4452 eleemosyna
2297 4380 2637 4434 consueta
2686 4371 2789 4433 eis
2837 4388 2978 4433 non

510 4478 969 4542 subvenirent
1019 4488 1088 4542 et
1134 4495 1264 4558 pro
1308 4479 1576 4541 honore
1619 4478 2084 4557 ignominiam
2125 4478 2271 4558 pati
2314 4478 2515 4542 multi
2560 4477 2973 4557 inciperent,

508 4587 748 4665 plures
785 4604 876 4649 ex
912 4587 1015 4649 eis
1053 4586 1124 4648 in
1167 4586 1456 4648 civitate
1497 4585 1982 4665 Amanguchi,
2030 4586 2277 4649 relicta
2317 4584 2887 4665 susperstitione,
2936 4604 2978 4648 a

505 4693 752 4756 bonzis
802 4693 894 4755 ad
937 4693 1160 4756 laicos
1207 4692 1811 4772 transfugiebant,
1868 4702 1937 4757 et
1986 4692 2317 4770 aliorum,
2371 4691 2491 4773 qui
2541 4693 2613 4754 in
2662 4692 2977 4771 ipsorum
