3679 5414
696 414 805 472 594
1622 413 1876 473 Canon.
1920 413 2072 471 Soc.
2116 413 2255 485 jes.

695 560 873 622 cum
900 559 1225 621 omnibus
1262 557 1642 621 dominicis
1682 574 1768 620 ac
1808 557 2007 620 festis
2046 557 2292 620 diebus
2331 575 2540 621 mane
2583 558 3052 622 audiebantur
3090 559 3159 636 ii,

695 666 817 746 qui
845 666 1439 729 communicaturi
1468 674 1703 744 erant,
1740 683 1782 728 a
1809 664 2110 744 prandio
2143 664 2469 743 studiosi,
2505 666 2728 744 servi,
2764 666 3065 729 ancillae
3094 676 3167 730 et

693 773 919 853 pueri,
953 782 1029 835 ut
1063 773 1513 837 vehementer
1544 780 1990 853 spectatores
2018 773 2133 834 vel
2163 789 2253 835 ex
2280 770 2435 852 ipso
2466 771 2720 834 intuitu
2765 789 3161 836 commove-

689 888 958 943 rentur.
993 880 1073 942 In
1101 880 1239 942 hac
1271 888 1508 944 autem
1535 895 1917 942 numerosa
1946 878 2389 942 multitudine
2420 879 2546 941 vix
2587 879 2995 958 trigesimus
3038 888 3161 944 aut

688 986 1280 1067 quadragesimus
1309 988 1603 1066 quisque
1637 986 2152 1064 inveniebatur,
2189 987 2307 1067 qui
2351 1004 2494 1049 non
2532 1005 2575 1049 a
2609 985 2960 1049 Paschate
2999 1004 3160 1053 con·

685 1094 918 1157 fessus
967 1104 1185 1171 esset;
1238 1111 1405 1157 nam
1456 1093 1658 1173 quasi
1708 1092 2053 1173 profanus
2102 1092 2517 1172 habebatur,
2572 1093 2634 1155 si
2684 1102 2988 1173 quatuor
3036 1104 3160 1157 aut

684 1201 994 1281 quinque
1026 1218 1305 1263 menses
1335 1219 1378 1263 a
1412 1200 1862 1263 confessione
1893 1200 2150 1280 aliquis
2181 1200 2587 1263 abstineret.

808 1308 948 1371 414.
1037 1308 1341 1387 Quidam
1370 1308 1835 1370 concionator
1867 1308 2127 1370 summi
2156 1308 2419 1388 templi,
2448 1308 2835 1371 canonicus
2865 1320 2935 1372 et
2965 1310 3153 1373 theo-

683 1415 918 1495 logiae
955 1413 1251 1493 Doctor,
1293 1424 1363 1478 et
1399 1432 1638 1478 rerum
1677 1414 2058 1479 Societatis
2096 1416 2283 1478 acris
2327 1414 2677 1494 defensor,
2721 1433 2862 1478 non
2902 1434 3155 1496 parum

681 1523 1129 1586 auctoritatis
1158 1540 1250 1586 ex
1280 1533 1628 1602 suggestu
1658 1520 2055 1600 doctrinae,
2090 1539 2306 1602 quam
2332 1521 2561 1585 nostri
2593 1523 2663 1585 in
2694 1522 3150 1587 confessioni·

684 1630 817 1692 bus
843 1630 1182 1710 privatim
1214 1629 1623 1708 tradebant,
1673 1628 1964 1692 addidit.
2002 1629 2180 1692 Cum
2211 1629 2398 1692 enim
2439 1629 2635 1691 illum
2674 1628 3149 1710 frequentissi-

683 1753 840 1799 mus
887 1738 1187 1816 populus
1243 1745 1680 1816 sequeretur,
1742 1737 1861 1799 illa
1921 1737 2076 1816 ipsa
2135 1735 2673 1798 auctoritatibus
2730 1734 3152 1801 Sanctorum

681 1842 976 1907 Patrum
1006 1843 1471 1907 confirmabat
1501 1853 1569 1906 et
1601 1844 2124 1923 exaggerabat,
2168 1860 2351 1922 quae
2390 1843 2617 1905 nostri
2658 1843 2996 1921 privatim
3033 1844 3150 1908 do-

680 1950 966 2030 cebant;
1001 1951 1187 2014 unde
1232 1951 1666 2014 audientium
1706 1950 1924 2013 animi
1970 1951 2043 2013 in
2084 1949 2225 2028 hiS,
2270 1967 2451 2030 quae
2489 1950 2824 2030 privatim
2863 1968 3148 2031 accepe-

679 2067 870 2137 rant,
906 2058 1465 2136 stabiliebantur,
1503 2067 1569 2120 et
1602 2058 2126 2120 detrahentium
2156 2074 2283 2119 ora
2314 2057 2883 2121 obstruebantur.

796 2165 937 2228 415.
1025 2165 1249 2228 Dives
1302 2164 1650 2245 quaedam
1700 2174 2029 2228 matrona
2080 2175 2147 2227 et
2200 2165 3006 2228 saecularibussdeliciis
3052 2165 3148 2229 af·

676 2272 932 2350 fluenS,
966 2281 1342 2352 postquam
1372 2271 1447 2335 P.
1481 2272 1803 2335 Adriano
1835 2271 2154 2335 confiteri
2184 2271 2438 2351 coepit,
2472 2272 2574 2334 sic
2608 2272 2949 2335 vanitatis
2978 2290 3148 2336 suae

675 2381 1104 2459 praeteritae
1133 2389 1461 2458 pertaesa
1492 2389 1628 2458 est,
1665 2390 1739 2442 ut
1769 2397 1914 2442 non
1951 2380 2128 2442 satis
2158 2379 2482 2442 habuerit
2511 2397 2700 2442 vana
2731 2389 3147 2444 ornamenta

673 2486 1063 2566 deponere,
1099 2485 1223 2548 sed
1254 2504 1472 2549 aurea
1501 2487 1788 2566 cingula
1820 2496 1887 2549 et
1919 2495 2261 2565 argentea
2291 2495 2359 2549 et
2390 2486 2529 2548 alia
2558 2486 2864 2549 delicata
2906 2488 3142 2550 mulie·

675 2611 834 2655 rum
874 2602 1292 2656 ornamenta
1336 2595 1591 2656 malleo
1631 2593 2010 2673 confregit,
2067 2594 2322 2656 timens
2364 2610 2451 2655 ne
2497 2593 2653 2655 aliis
2692 2593 3145 2673 superbiendi

673 2718 925 2763 ansam
953 2701 1466 2781 praebuissent,
1495 2702 1558 2764 si
1586 2700 2022 2764 vendidisset
2051 2700 2352 2779 integra,
2380 2701 2638 2763 bonam
2670 2710 2906 2764 autem
2936 2702 3167 2782 pretii

671 2818 948 2887 partem
976 2809 1404 2889 pauperibus
1432 2809 1806 2872 distribuit.
1844 2808 2211 2888 Quaedam
2242 2807 2381 2870 alia
2410 2808 2652 2887 virgo,
2688 2826 2870 2888 quae
2915 2809 3142 2873 eidem

670 2913 864 2978 Patri
896 2914 1383 2996 confitebatur,
1420 2933 1662 2978 omnes
1694 2915 2091 2990 facultateS,
2126 2932 2305 2994 quas
2342 2915 2678 2994 habebat,
2723 2916 3033 2978 vendere
3072 2929 3140 2979 et

670 3023 1101 3103 pauperibus
1132 3024 1302 3086 dare
1326 3033 1579 3104 parata
1610 3032 1786 3102 erat,
1821 3022 1882 3085 si
1911 3020 1988 3084 P.
2023 3021 2384 3085 Adrianus
2414 3022 2482 3084 id
2514 3023 3012 3102 approbasset,
3047 3035 3138 3095 et,

669 3130 1004 3209 quamdiu
1037 3131 1331 3208 viveret,
1365 3149 1494 3210 pro
1527 3130 1811 3193 Christo
1842 3130 2253 3193 mendicare
2283 3139 2665 3208 statuerat;
2701 3129 2825 3192 sed
2866 3148 3140 3210 repres-

670 3236 761 3298 sit
809 3237 1020 3299 Pater
1057 3238 1170 3299 ille
1213 3238 1511 3316 virginis
1562 3236 1989 3301 desiderium
2040 3236 2283 3299 dicens
2332 3235 2645 3299 nondum
2700 3238 2892 3300 illam
2945 3239 3137 3318 apud
3236 3327 3250 3339 ⁶

669 3341 900 3405 Deum
929 3352 1202 3406 tantum
1232 3344 1686 3423 perfectionis
1730 3344 2104 3417 meruisse,
2139 3343 2264 3405 sed
2292 3342 2620 3423 precibus
2652 3344 2743 3406 ad
2782 3361 2942 3406 eam
2973 3362 3133 3407 con-

667 3450 955 3512 tendere
986 3451 1264 3513 debere.
1300 3450 1508 3513 Tales
1540 3450 1939 3530 complures
1971 3451 2325 3527 muliereS,
2360 3466 2444 3511 ac
2475 3451 2894 3529 praesertim
2920 3450 3129 3530 virgi·

666 3574 814 3637 neS,
849 3558 943 3621 ibi
982 3571 1214 3636 erant,
1259 3576 1440 3637 quae
1478 3558 1569 3619 ad
1598 3568 1846 3620 nutum
1878 3557 2109 3620 Patris
2141 3557 2439 3620 Adriani
2471 3558 2707 3620 omnia
2738 3558 3133 3637 relinquere

661 3673 957 3743 paratae
988 3676 1245 3727 essent.

783 3771 922 3832 416.
1011 3771 1340 3834 Moni‘alis
1383 3770 1731 3851 quaedam
1782 3770 2134 3851 professa,
2191 3770 2659 3833 succumbens
2709 3771 3128 3850 quibusdam

662 3878 1033 3940 subtilibus
1063 3877 1567 3941 tentationibus
1598 3877 1998 3955 daemoniS,
2049 3878 2231 3940 clam
2269 3895 2357 3939 ex
2387 3876 2823 3939 monasterio
2857 3877 2949 3940 ad
2979 3895 3126 3941 sae-

661 3985 899 4047 culum
929 3985 1160 4048 redire
1190 3986 1631 4048 decreverat.
1667 3984 1847 4048 Cum
1879 3993 2115 4047 autem
2138 3982 2286 4063 jam
2316 4000 2605 4046 manum
2644 3984 2843 4063 operi
2884 3985 3125 4048 admo·

655 4099 885 4170 veret,
943 4091 1367 4155 intolerabili
1415 4091 1650 4154 cordis
1702 4091 2034 4170 angustia
2084 4100 2413 4171 correpta
2463 4090 2627 4170 fuit3
2656 4099 2843 4153 tunc
2889 4100 3126 4154 autem

656 4199 1022 4262 commode
1053 4200 1263 4262 subiit
1296 4200 1609 4262 animum
1648 4207 2056 4261 nostrorum
2098 4198 2460 4260 memoria.
2514 4196 2704 4260 Ante
2734 4199 2966 4260 lucem
2996 4199 3125 4262 ita·

654 4324 789 4386 que
821 4322 1261 4385 consurgens
1291 4306 1383 4368 ad
1414 4307 1751 4386 templum
1779 4304 2022 4368 Sancti
2052 4304 2421 4367 Michaelis
2451 4304 2543 4367 ad
2574 4313 2857 4367 nostros
2886 4322 3122 4370 acces·

651 4415 744 4476 sit
774 4424 843 4475 et
873 4414 996 4475 uni
1025 4430 1271 4475 eorum
1303 4411 1622 4475 confiteri
1654 4412 1887 4490 coepit
1919 4428 2080 4474 cum
2110 4411 2651 4490 compunctione
2696 4412 3011 4474 maxima
3054 4423 3123 4476 et

621 4522 1130 4600 'lacrymarum
1169 4518 1554 4597 effusione,
1603 4536 1734 4581 nec
1773 4516 1933 4580 inde
1985 4517 2308 4580 discessit
2357 4516 2772 4609 priusquam
2817 4517 3119 4581 mirabili

644 4626 953 4705 quadam
1011 4625 1143 4689 Dei
1204 4626 1667 4689 illustratione
1717 4625 1805 4687 ab
1860 4622 2158 4687 infantia
2214 4634 2361 4688 tam
2420 4634 2679 4702 aperte,
2719 4634 2790 4700 et
2840 4623 3116 4706 integre
