3679 5414
1643 451 1767 509 Ax.
1818 452 1948 511 1551
2915 454 3025 520 223

552 593 902 656 charitate
951 592 1294 658 foetorem
1344 595 1538 659 illum
1588 596 2019 659 sustinentes
2069 595 2206 659 illis
2256 595 2695 676 assidebant,
2738 614 3031 662 muscas»

551 700 642 761 ab
673 700 777 762 eis
806 700 1275 781 expellebant,
1309 701 1402 764 ad
1430 701 1844 781 patientiam
1875 701 2345 766 hortabantur
2373 711 2442 765 et
2472 703 2709 766 omnia
2736 704 3020 783 pietatis

552 806 783 870 officia
834 792 1317 887 praestabant.
1360 809 1524 872 Fuit
1563 809 1744 873 inter
1786 811 1916 873 hos
1960 809 2156 872 viros
2195 808 2514 873 medicus
2551 811 2839 891 quidam
2878 828 3019 874 ma-

550 931 737 993 gnae
765 914 1085 994 profecto
1112 915 1420 996 pietatiS,
1456 916 1575 997 qui
1604 917 1711 979 bis
1742 916 2054 998 quotidie
2085 925 2541 996 aegrotantes
2571 917 2921 982 invisebat
2951 929 3019 983 et

552 1022 649 1083 ita
680 1021 912 1101 plagis
940 1039 1186 1085 eorum
1214 1023 1648 1103 medebatur,
1684 1032 1760 1086 ut
1788 1024 2115 1086 manibus
2143 1024 2292 1087 suis
2322 1033 2390 1087 et
2431 1041 2712 1088 vermes
2751 1025 3015 1088 abster-

552 1137 754 1207 geret
792 1137 861 1191 et
898 1129 1197 1193 lavaret.
1241 1129 1330 1192 Et
1369 1130 1705 1210 quamvis
1733 1130 1890 1193 aliis
1929 1131 2002 1193 in
2041 1130 2346 1211 negotiis
2384 1140 2621 1194 essent
2660 1133 3014 1212 occupati,

551 1251 696 1296 non
723 1244 874 1298 erat
905 1234 1042 1298 illis
1064 1236 1436 1300 molestum
1457 1235 1721 1317 aliquid
1744 1237 2084 1319 temporis
2108 1238 2210 1301 eis
2233 1237 2567 1318 adimere,
2593 1238 2781 1318 quod
2806 1256 3014 1307 mem·

546 1341 698 1403 bris
721 1340 982 1405 Christi
1003 1342 1459 1406 sublevandis
1474 1343 2030 1424 impartiremur.
2055 1344 2331 1407 Novem
2353 1352 2628 1408 tantum
2656 1363 2745 1408 ex
2774 1345 3016 1425 trigin-

549 1458 624 1509 ta
671 1459 974 1511 mortem
1023 1459 1436 1528 evaserunt3
1491 1452 1723 1514 nullus
1783 1460 2022 1514 tamen
2064 1450 2213 1514 fere
2261 1461 2583 1516 mortuus
2633 1462 2771 1529 est,
2816 1451 3019 1532 qu‘us

551 1555 1067 1618 confessionem
1095 1557 1291 1637 prius
1333 1556 1409 1619 Ρ.
1455 1557 1810 1621 Antonius
1848 1576 1991 1620 non
2031 1556 2363 1637 audierit,
2407 1558 2525 1639 qui
2567 1558 2837 1621 laetitia
2876 1576 3018 1621 non

547 1661 889 1726 mediocri
917 1662 1371 1742 afficiebatur,
1405 1645 1568 1728 cum
1596 1681 1721 1726 eos
1747 1681 1875 1744 per
1904 1664 2042 1728 Dei
2067 1664 2376 1744 gratiam
2405 1664 2641 1727 animo
2673 1664 3018 1728 contritos

547 1787 638 1831 ex
659 1769 795 1832 hac
817 1769 968 1834 vita
991 1770 1332 1833 decedere
1355 1770 1648 1834 videret.
1678 1770 1857 1834 Cum
1881 1779 2119 1834 autem
2141 1771 2260 1852 qui
2282 1759 2821 1849 convaluerunt,
2848 1772 3019 1835 nudi

550 1886 807 1955 essent,
843 1895 932 1940 ex
962 1878 1430 1959 eleemosynis
1458 1878 1887 1941 vestimenta
1916 1877 2052 1941 illis
2080 1889 2491 1941 nostrorum
2521 1894 2737 1957 opera
2762 1888 3022 1958 parata

548 1993 735 2050 Sunt.
770 1983 1087 2048 Tandem
1116 1984 1269 2065 ipso
1310 1984 1422 2049 die
1451 1984 1522 2050 S.
1564 1985 1936 2049 Laurentii
1974 1985 2062 2048 ab
2093 1984 2428 2064 hospitali
2455 1984 2726 2064 egressi
2763 1985 2856 2048 ad
2894 2003 3013 2049 no·

542 2100 766 2153 stram
790 2091 1165 2154 ecclesiam
1188 2108 1581 2170 accessere,
1609 2092 1728 2181 ubi
1748 2100 1910 2172 post
1933 2090 2454 2154 confessionem
2475 2089 3013 2154 Sanctissimum

546 2197 810 2260 Christi
839 2214 1098 2277 corpus
1128 2198 1231 2261 eis
1253 2206 1362 2262 est
1391 2199 2010 2277 communicatum,
2038 2206 2108 2260 et
2131 2214 2293 2260 cum
2316 2198 2640 2260 concioni
2663 2197 3010 2261 interfuis-

546 2314 723 2384 sent,
769 2304 1009 2367 addito
1048 2305 1221 2384 ipsis
1258 2306 1549 2384 viatiCO,
1593 2323 1731 2387 quo
1771 2314 2062 2383 possent
2099 2305 2190 2367 ad
2239 2321 2406 2368 suos
2443 2305 2696 2383 redire,
2739 2304 3012 2369 dimissi

543 2420 730 2474 sunt.
774 2411 910 2490 Qui
949 2421 1184 2476 autem
1213 2412 1546 2492 hospitali
1574 2420 1904 2493 praeerat
1944 2412 2202 2491 quique
2231 2411 2462 2474 eidem
2489 2411 3005 2491 ministrabant,

547 2519 680 2581 hoc
708 2519 987 2599 piorum
1025 2518 1388 2583 hominum
1428 2520 1752 2600 exemplo
1792 2518 2105 2597 excitati,
2148 2517 2418 2599 majore
2456 2536 2616 2582 cum
2661 2519 3009 2582 charitate

545 2643 630 2687 ac
680 2625 1152 2696 sollicitudine
1201 2627 1631 2707 pauperibus
1682 2625 2029 2689 inservire
2080 2634 2498 2706 coeperunt;
2550 2626 2741 2689 bona
2792 2625 3009 2689 etiam

544 2733 982 2820 consuetudo
1014 2734 1361 2814 hospitale
1390 2734 1526 2797 hoc
1557 2733 1909 2797 invisendi
1937 2750 1980 2794 a
2010 2732 2147 2812 piis
2176 2733 2314 2796 illis
2341 2733 2519 2797 viris
2549 2733 2620 2797 in
2644 2743 3007 2813 posterum

544 2849 821 2903 retenta
851 2849 979 2903 est.
2667 2854 2670 2855 *

672 2947 806 3011 128.
894 2949 1236 3029 Quamvis
1266 2948 1702 3013 consuetudo
1733 2958 2144 3013 nostrarum
2174 2949 2582 3012 scholarum
2610 2950 2829 3012 semel
2858 2959 3004 3013 tan·

543 3065 691 3117 tum
713 3054 1013 3135 singulis
1041 3056 1399 3120 mensibus
1422 3055 1777 3119 studiosos
1798 3057 1891 3119 ad
1916 3056 2433 3120 confessionem
2458 3055 2826 3136 obligaret,
2861 3057 3006 3136 qui-

542 3162 706 3225 dam
734 3170 972 3226 tamen
1002 3180 1247 3226 eorum
1277 3172 1559 3242 octavo,
1606 3163 1728 3226 alii
1755 3163 2278 3244 decimoquinto
2314 3179 2590 3244 quoque
2619 3162 2755 3241 die,
2798 3162 3003 3226 confi·

542 3270 900 3347 tebantur;
954 3269 1242 3350 quidam
1280 3269 1494 3335 etiam
1534 3271 1632 3333 ita
1670 3269 2122 3350 profecerunt
2171 3288 2314 3332 non
2353 3270 2584 3333 solum
2632 3269 2707 3332 in
2753 3269 3009 3333 litteris

542 3375 667 3438 sed
696 3376 913 3439 etiam
940 3375 1012 3439 in
1053 3376 1305 3458 spiritu
1343 3386 1420 3440 ut
1459 3377 1635 3440 alios
1674 3378 1765 3440 ad
1806 3377 2247 3457 frequentem
2286 3394 2491 3440 usum
2528 3385 3002 3440 sacramento-

539 3497 698 3545 rum
728 3500 970 3546 secum
998 3484 1396 3562 traherent;
1430 3494 1499 3548 et
1544 3484 1720 3547 haec
1750 3483 2100 3547 industria
2131 3501 2274 3547 non
2311 3465 2693 3547 infeliciter
2722 3483 2824 3547 eis
2852 3501 3004 3547 suc·

542 3590 859 3653 cedebat.
880 3590 1115 3654 ¹Erant
1146 3599 1382 3654 autem
1410 3607 1632 3671 usque
1656 3590 1834 3653 adeo
1859 3607 2105 3653 eorum
2127 3590 2344 3671 aliqui
2368 3590 2700 3670 operibus
2725 3590 3010 3669 pietatis

543 3695 758 3760 dediti
782 3706 857 3759 ut
878 3714 1176 3778 vespere
1206 3716 1248 3760 a
1277 3697 1539 3761 scholis
1570 3697 1844 3760 dimissi
1867 3715 2011 3761 non
2033 3696 2231 3777 prius
2259 3697 2508 3760 domos
2537 3714 2706 3760 suas
2736 3706 3004 3776 repete-

543 3813 700 3867 rent
744 3821 958 3884 quam
988 3806 1270 3867 clausos
1297 3804 1369 3867 in
1409 3804 1818 3868 carceribus
1859 3803 2264 3883 visitarent,
2307 3820 2566 3883 aquam
2605 3810 2676 3866 et
2711 3803 3003 3883 reliqua,

541 3926 723 3989 quae
745 3920 1100 3991 poterant,
1134 3911 1236 3974 eis
1265 3910 1917 3989 subministrarent;
1945 3928 2112 3974 nam
2143 3911 2479 3974 collectas
2506 3909 2862 3974 interdum
2883 3927 3009 3991 per

541 4018 786 4080 urbem
815 4020 1307 4099 eleemosynas
1336 4018 1849 4082 adolescentuli
1882 4018 1973 4081 ad
2002 4035 2124 4081 eos
2155 4016 2584 4097 deferebant,
2619 4025 2689 4080 et
2718 4017 2810 4080 ad
2840 4034 3002 4081 con·

537 4122 920 4187 sessionem
950 4124 1439 4204 hortabantur,
1474 4134 1544 4188 et
1565 4142 1708 4188 non
1736 4142 1905 4187 raro
1935 4123 2485 4204 persuadebant,
2516 4133 2588 4187 et
2619 4132 2815 4188 tanto
2845 4142 3007 4193 cum

536 4229 819 4293 fervore
848 4239 925 4294 ut
965 4231 1145 4294 inter
1186 4248 1263 4294 se
1302 4232 1389 4295 de
1429 4232 1542 4295 his
1582 4232 1865 4311 pietatis
1904 4229 2150 4294 officiis
2194 4230 2724 4295 contenderent.
2766 4231 3008 4312 Aliqui

535 4336 752 4400 etiam
782 4355 873 4400 ex
902 4338 1012 4417 iis,
1049 4338 1273 4402 inscio
1303 4348 1786 4419 praeceptore,
1822 4320 1894 4407 in
1925 4355 2129 4400 usum
2159 4338 2682 4417 aegrotantium
2711 4340 3004 4403 eleemo-

535 4460 758 4523 synas
806 4445 1170 4525 petebant,
1218 4463 1400 4526 quae
1448 4462 1566 4508 res
1615 4445 1714 4508 ita
1750 4444 2166 4535 parentibus
2215 4444 2529 4523 ipsorum
2575 4436 2874 4525 placuit,
2902 4455 3006 4509 .ut

537 4567 782 4613 eorum
832 4550 1150 4632 quidam,
1193 4552 1494 4616 filiorum
1552 4553 1875 4631 exemplo
1931 4537 2127 4631 moti,
2183 4551 2621 4616 tantumdem
2664 4552 3000 4617 facerent.

540 4656 806 4721 Enituit
843 4659 1226 4740 praecipue
1264 4660 1442 4724 haec
1482 4660 1708 4741 pietas
1748 4659 1819 4723 in
1863 4660 2185 4723 ulceroso
2228 4659 2535 4739 quodam
2581 4677 2893 4743 paupere
2934 4668 3005 4724 et
