3679 5414
1606 461 1732 519 Ax.
1787 460 1929 519 1552
2893 462 3002 520 505

539 607 723 668 ciam
766 606 1218 685 delegarunt;
1262 616 1330 669 et
1371 607 1442 668 in
1479 616 1778 686 utraque
1815 606 2175 669 functione
2214 623 2374 669 cum
2405 624 2548 668 non
2576 608 3000 686 poenitenda

544 711 1031 775 aedificatione
1059 714 1491 791 monialium,
1526 714 1740 776 immo
1769 723 1838 776 et
1871 712 2205 792 civitatiS,
2239 722 2570 776 versatus
2593 723 2722 790 est3
2764 723 3003 777 ettam

539 821 611 882 in
650 820 1101 882 monasteriis
1140 836 1354 901 quam
1402 820 1475 882 in
1525 804 1787 900 populo
1839 820 2209 883 observari
2250 828 2528 900 poterat
2579 821 2766 899 quod
2803 821 3003 884 brevi

540 938 856 1006 tempore
906 945 948 988 a
999 926 1316 1005 pristinis
1365 927 1681 989 moribus
1731 937 1800 989 et
1853 925 2359 989 consuetudine
2407 944 2634 1006 prava
2682 926 3005 990 homines

541 1034 985 1097 recesserint.
1048 1033 1381 1097 Nonnulli
1431 1035 1645 1096 etiarn
1695 1033 2217 1113 adolescenteS,
2281 1033 2592 1113 peractis
2649 1034 3008 1097 exercitiis

546 1141 1050 1220 spiritualibus,
1086 1142 1177 1204 ad
1206 1140 1530 1204 diversas
1557 1140 1965 1220 religioneS,
1998 1141 2186 1221 quod
2215 1141 2444 1203 minus
2476 1142 2624 1220 apti
2655 1141 2745 1202 ad
2775 1139 3008 1204 Socie-

544 1249 711 1311 tatis
741 1257 1028 1311 nostrae
1058 1249 1457 1312 institutum
1485 1249 1930 1328 viderentur,
1957 1257 2414 1312 accesserunt
2441 1267 2454 1327 ;
2481 1250 2762 1329 aliquae
2792 1250 3008 1312 etiam

551 1355 868 1435 virgines
896 1356 1306 1419 monialium
1337 1355 1768 1419 monasteria
1799 1356 2168 1435 ingressae
2211 1365 2407 1436 sunt,
2451 1357 2633 1419 aliae
2664 1357 2867 1419 brevi
2912 1353 3008 1419 in-

548 1479 879 1541 gressum
907 1464 1279 1543 parabant.

666 1569 808 1633 221.
897 1571 975 1633 In
1005 1571 1314 1651 quodam
1343 1582 1550 1635 extra
1581 1572 1949 1635 civitatem
1977 1573 2134 1634 loco
2167 1573 2424 1635 multos
2454 1571 2819 1634 mendicos
2843 1570 3011 1632 civi·

548 1686 661 1739 tas
691 1687 1287 1757 congregaverat,
1321 1679 1439 1759 qui
1471 1677 1727 1742 ibidem
1758 1696 1849 1742 ex
1878 1679 2349 1758 eleemosynis
2393 1678 2786 1740 alebantur.
2835 1675 3015 1740 Cum

551 1793 789 1847 autem
839 1785 1127 1865 quidam
1177 1804 1267 1848 ex
1327 1785 1602 1859 civibus
1660 1786 2020 1866 primariis
2078 1785 2169 1848 ad
2218 1786 2289 1848 id
2347 1784 2701 1865 deputatis
2758 1785 3014 1847 obnixe

552 1891 626 1953 P.
660 1890 1122 1955 Franciscum
1171 1891 1518 1955 Palmium
1568 1900 1909 1971 rogarent
1958 1900 2036 1954 ut
2091 1910 2440 1972 pauperes
2489 1892 2646 1954 illos
2674 1908 2805 1971 pro
2851 1908 3015 1953 con-

554 1999 756 2061 cione
784 2001 1045 2079 populo
1076 1999 1625 2077 commendaret,
1663 1999 1733 2062 id
1761 1998 1971 2062 facile
2002 2007 2071 2061 et
2100 2016 2242 2061 non
2271 1999 2423 2062 sine
2444 1999 2678 2061 fructu
2704 1998 3016 2060 obtinue-

557 2114 743 2168 runt.
776 2105 1235 2169 Postularunt
1265 2107 1479 2169 etiam
1509 2115 1585 2168 ut
1625 2106 1717 2168 ad
1760 2123 1884 2168 eos
1932 2106 2035 2168 ire
2080 2106 2460 2186 aliquando
2497 2123 2641 2168 non
2677 2122 3015 2185 gravare-

555 2222 700 2291 tur,
751 2223 819 2275 et
860 2214 953 2276 ad
982 2213 1095 2293 pie
1135 2213 1658 2293 christianeque
1697 2213 2085 2277 vivendum
2124 2213 2550 2276 hortaretur.
2595 2212 2863 2275 Diebus
2893 2213 3018 2275 ita-

559 2337 693 2400 que
722 2321 920 2384 festis
950 2338 1033 2383 eo
1065 2338 1141 2383 se
1184 2321 1623 2399 conferebat,
1666 2331 1735 2383 et
1772 2321 1881 2383 bis
1919 2330 2120 2383 terve
2160 2322 2232 2383 in
2271 2319 2718 2412 hebdomada
2755 2320 3023 2383 eisdem

560 2428 1137 2506 concionabatur,
1170 2437 1239 2491 et
1270 2445 1431 2490 cum
1459 2427 1536 2490 P.
1570 2426 1863 2491 Andrea
1893 2445 2136 2490 eorum
2165 2427 2648 2491 confessiones
2679 2428 2923 2490 audire
2954 2435 3024 2489 et

554 2533 821 2598 eisdem
886 2535 1315 2615 pauperibus
1371 2544 1897 2597 sacramentum
1954 2535 2444 2598 Eucharistiae
2501 2534 3025 2598 communicare

555 2643 811 2723 coepit3
837 2650 908 2704 et
930 2658 1092 2705 curn
1113 2641 1520 2722 paucissimi
1541 2642 1723 2705 inter
1747 2659 1872 2704 eos
1901 2642 2416 2720 invenirentur,
2451 2642 2570 2723 qui
2600 2641 3027 2704 dominicam

562 2749 981 2828 orationem,
1028 2749 1427 2828 angelicam
1465 2750 1967 2812 salutationem
2004 2758 2073 2812 et
2102 2750 2501 2829 symbolum
2531 2750 3025 2829 apostolicum,

567 2866 643 2919 ut
685 2856 918 2935 decet,
959 2865 1311 2935 tenerent,
1355 2857 1597 2918 sedulo
1635 2864 1712 2918 ut
1748 2856 1927 2919 haec
1967 2856 2414 2919 addiscerent
2452 2867 2913 2934 curaverunt,
2957 2864 3034 2918 et

563 2963 779 3026 etiam
808 2980 895 3026 ne
927 2963 1069 3026 otio
1100 2972 1486 3043 torperent,
1520 2973 1596 3025 ut
1626 2963 1724 3025 ibi
1754 2965 1824 3026 in
1850 2964 2086 3043 aliquo
2113 2980 2325 3043 opere
2348 2972 2849 3027 exercerentur
2873 2982 3030 3043 ope·

563 3087 719 3133 ram
768 3070 1132 3133 dederunt.
1175 3069 1252 3132 In
1294 3071 1447 3150 ipso
1486 3069 1599 3133 die
1638 3070 2090 3150 carnisprivii
2137 3072 2512 3151 plusquam
2551 3070 3031 3150 quadraginta

567 3177 934 3258 utriusque
964 3194 1179 3239 sexus
1219 3177 1308 3240 ad
1350 3176 1873 3240 confessionem
1911 3187 1980 3240 et
2019 3178 2583 3241 communionem
2623 3176 2877 3239 devote
2921 3195 3032 3241 ac-

577 3293 965 3347 cesserunt.

690 3389 830 3453 222.
918 3389 1059 3453 Sed
1103 3390 1285 3452 inter
1330 3390 1580 3469 multa,
1623 3408 1807 3470 quae
1848 3390 1938 3453 ad
1978 3390 2540 3454 aedificationem
2577 3391 2868 3470 fiebant,
2917 3392 3036 3454 ali·

571 3497 738 3576 quid
766 3497 904 3560 hoc
935 3515 1124 3560 anno
1155 3497 1517 3560 Bononiae
1548 3498 1831 3577 accidit,
1859 3498 2045 3579 quod
2068 3491 2404 3561 diabolus
2417 3497 2506 3561 ad
2530 3498 2894 3560 infamiam
2915 3516 3036 3560 no·

572 3614 902 3684 strorum,
937 3614 1012 3667 ut
1043 3605 1351 3668 mendax
1380 3614 1449 3668 et
1476 3605 1827 3668 mendacii
1857 3615 2093 3685 pater,
2129 3614 2545 3668 convertere
2583 3606 2829 3667 voluit.
2876 3604 3037 3683 Qui-

578 3714 743 3775 dam
774 3712 1131 3792 sacerdOS,
1167 3713 1286 3793 qui
1315 3712 1629 3792 parocho
1660 3713 1905 3791 templi
1934 3710 2239 3775 Sanctae
2267 3711 2530 3774 Luciae
2570 3711 2642 3773 in
2681 3712 2801 3773 illa
2839 3728 3043 3791 paro-

588 3819 790 3882 chiae
822 3837 994 3881 cura
1025 3837 1228 3882 suam
1258 3837 1548 3900 operam
1577 3820 1966 3898 locaverat,
2000 3819 2072 3881 in
2102 3818 2409 3899 quodam
2447 3818 2763 3882 facinore
2803 3819 3042 3896 depre-

578 3928 839 3989 hensus
868 3934 937 3988 et
968 3926 1039 3988 in
1069 3942 1432 3989 carcerem
1460 3925 1822 4006 conjectus
1853 3943 2013 3990 cum
2051 3934 2238 3989 esset
2282 3925 2612 4006 (Aloysio
2650 3926 2750 3988 illi
2785 3942 3046 3988 nomen

579 4032 780 4111 crat),
816 4050 963 4095 vox
992 4032 1064 4095 in
1093 4033 1354 4112 vulgus
1385 4035 1628 4114 spargi
1659 4034 1892 4114 coepit
1917 4033 2104 4114 quod
2128 4034 2377 4110 nostri,
2405 4032 2524 4113 qui
2549 4032 2621 4095 in
2643 4033 2904 4112 templo
2928 4032 3045 4095 Di-

586 4156 715 4201 vae
746 4140 1010 4203 Luciae
1033 4138 1408 4203 Societatis
1438 4139 1827 4203 ministeria
1852 4158 2186 4203 exercere
2210 4140 2550 4218 solebant,
2578 4139 2852 4202 facinus
2877 4138 3048 4201 illud

584 4256 1142 4325 perpetrassent;
1188 4264 1369 4326 quae
1418 4264 1535 4309 res
1571 4264 1713 4309 non
1754 4248 1983 4309 levem
2031 4246 2364 4309 infamiae
2415 4255 2658 4310 notam
2698 4246 3044 4309 inurebat.

586 4351 764 4414 Cum
794 4364 1031 4415 autem
1069 4354 1141 4415 in
1178 4353 1538 4433 publicum
1578 4352 1898 4431 prodiret
1933 4368 2064 4431 pro
2105 4369 2300 4414 more
2341 4370 2469 4416 suo
2508 4352 2585 4416 P.
2621 4353 3055 4416 Franciscus

588 4457 915 4536 Palmius,
950 4458 1237 4539 quidam
1265 4458 1825 4537 admirabantur,
1857 4458 2024 4538 quia
2044 4467 2330 4538 captum
2353 4475 2513 4521 eum
2538 4460 3053 4539 intellexerant;

592 4565 876 4644 quidam
910 4567 1446 4647 interrogabant
1477 4567 1827 4647 quomodo
1858 4583 1933 4628 se
1964 4583 2081 4628 res
2108 4566 2225 4629 illa
2263 4565 2655 4646 habuisset;
2699 4567 2847 4645 alii,
2892 4583 3058 4629 cum

586 4673 681 4734 ad
711 4684 1001 4736 nostros
1030 4673 1100 4737 id
1130 4692 1271 4738 non
1300 4675 1651 4755 pertinere
1676 4673 2171 4752 intelligerent,
2199 4674 2898 4754 congratulabantur,
2925 4691 3058 4738 nec
