3679 5414
1588 485 1717 543 AN.
1763 484 1903 544 1552
2864 485 2978 543 567

505 629 771 693 Christi
819 647 1064 694 omnes
1118 631 1328 693 simul
1371 630 1721 709 perduxit.
1762 630 2007 693 Nostri
2046 630 2340 706 fratreS,
2394 631 2515 710 qui
2562 630 2975 696 sacerdotes

501 754 646 800 non
675 745 879 802 erant
908 746 979 800 et
1005 737 1417 816 germanice
1446 745 1817 815 noverant,
1848 738 1921 799 in
1949 736 2111 800 fidei
2138 737 2558 800 rudimentis
2586 736 2722 800 hoc
2750 753 2979 816 genus

502 845 868 909 hominum
897 844 1388 908 instruxerunt
1415 854 1486 908 et
1515 846 1663 909 suis
1701 845 2314 908 exhortationibus
2354 844 2447 907 ad
2486 844 2797 908 studium
2837 847 2977 925 pie·

504 953 673 1016 tatis
704 952 1187 1015 stimulabant.

622 1059 763 1123 359.
852 1060 1048 1123 Idem
1068 1058 1145 1123 P.
1175 1060 1503 1123 Canisius
1534 1070 1829 1139 coeptas
1859 1069 2018 1140 post
2048 1077 2256 1124 suum
2286 1060 2674 1123 adventum
2698 1062 2975 1124 concio·

504 1185 632 1231 nes
675 1185 836 1230 cum
885 1184 1265 1231 numerosa
1315 1168 1760 1231 multitudine
1783 1214 1798 1244 ,
1847 1177 1996 1231 tum
2034 1167 2408 1245 nobilium,
2449 1176 2599 1231 tum
2650 1168 2974 1246 aliorum,

507 1275 1092 1354 prosequebatur,
1138 1273 1339 1354 cujus
1367 1275 1649 1338 dicendi
1676 1275 1928 1338 modus
1957 1276 2289 1355 actioque
2319 1273 2469 1354 ejus
2513 1275 2747 1354 gentis
2785 1275 2975 1355 inge-

503 1381 643 1444 niis
673 1389 750 1444 ut
779 1390 932 1444 erat
977 1382 1470 1461 accommoda,
1510 1383 1609 1445 ita
1647 1400 1808 1445 eum
1847 1391 2260 1462 pergratum
2297 1398 2429 1445 nec
2467 1381 2700 1445 minus
2738 1382 2982 1445 utilem

502 1488 868 1552 Ecclesiae
896 1488 1261 1567 reddebat,
1288 1489 1616 1568 quamvis
1644 1489 1965 1552 nonnulli
1988 1489 2075 1551 de
2103 1489 2306 1568 plebe
2337 1489 2410 1551 in
2439 1488 2643 1551 initio
2671 1486 2824 1568 ejus
2852 1489 2975 1551 lin·

502 1612 720 1676 guam
746 1597 953 1676 plene
981 1614 1125 1659 non
1156 1605 1724 1676 assequerentur,
1761 1613 1803 1658 a
1834 1613 1973 1677 qua
2013 1596 2278 1659 idioma
2323 1596 2763 1659 austriacum
2808 1613 2976 1658 non·

499 1702 674 1765 nihil
699 1702 1171 1783 discrepabat.
1206 1703 1454 1766 Italica
1482 1704 1697 1765 etiam
1726 1703 1978 1766 concio
2009 1703 2346 1765 continua
2375 1702 2508 1765 fuit
2546 1711 2616 1764 et
2635 1748 2651 1778 ,
2693 1711 2977 1782 praeter

502 1826 949 1874 communem
978 1810 1414 1873 audientium
1443 1809 2006 1889 instructionem,
2035 1810 2124 1873 ad
2151 1809 2682 1872 adolescentum
2704 1827 2790 1873 ac
2814 1827 2974 1889 pue·

501 1934 748 1980 rorum
777 1917 1208 1995 italicorum,
1244 1919 1366 1998 qui
1392 1917 1719 1980 Viennae
1749 1917 2079 1996 permulti
2124 1924 2364 1994 erant,
2413 1925 2703 1996 captum
2744 1935 2822 1980 se
2861 1934 2972 1980 ac-

506 2024 1030 2103 commodabat,
1062 2033 1140 2087 ut
1181 2023 1613 2088 christianae
1650 2024 2018 2103 religionis
2059 2023 2459 2087 doctrinam
2498 2023 2971 2102 addiscerent;

504 2131 633 2193 vix
662 2131 848 2194 enim
878 2131 951 2194 in
978 2140 1179 2195 tanta
1208 2131 1685 2210 multitudine,
1719 2132 1838 2211 qui
1867 2130 2083 2194 sciret
2112 2130 2505 2194 orationem
2546 2130 2977 2194 dominicam

508 2238 811 2301 recitare
864 2247 984 2301 aut
1033 2239 1434 2318 symbolum
1477 2240 1964 2318 apostolorum
2016 2238 2548 2316 inveniebatur;
2592 2246 2977 2318 praecepta

508 2343 650 2408 Dei
675 2347 910 2409 nullus
939 2345 1229 2419 sciebat;
1259 2363 1442 2425 quae
1470 2346 1877 2424 ignorantia
1898 2362 2044 2408 non
2074 2353 2350 2407 tantum
2378 2344 2452 2407 in
2480 2344 2721 2424 pueris
2749 2345 2874 2408 sed
2902 2345 2976 2407 in

509 2452 689 2516 viris
717 2453 930 2516 etiam
961 2462 1137 2516 erat.

630 2559 772 2622 360.
860 2561 939 2623 In
959 2560 1398 2639 lectionibuS,
1427 2561 1702 2640 quaein
1726 2560 2006 2639 publico
2029 2559 2311 2638 fiebant,
2338 2558 2416 2621 Ρ.
2443 2559 2782 2623 Claudius
2803 2560 2979 2622 satis

507 2684 962 2731 numerosum
981 2668 1053 2731 in
1077 2667 1377 2731 lectione
1399 2667 1478 2731 B.
1494 2667 1696 2731 Pauli
1718 2667 1808 2731 ad
1831 2684 2169 2731 romanos
2192 2665 2623 2731 auditorium
2646 2667 2975 2746 habebat;

506 2773 585 2837 P.
635 2774 971 2837 Nicolaus
1016 2775 1408 2838 Gaudanus
1451 2775 1818 2850 Genesim,
1867 2772 1943 2837 P.
1986 2791 2161 2837 vero
2210 2773 2542 2838 Canisius
2581 2775 2711 2837 sub
2753 2783 2978 2837 aesta-

508 2890 651 2943 tem
695 2881 1191 2961 compendium
1235 2881 1590 2962 quoddam
1637 2882 2041 2960 theologiae
2087 2882 2203 2944 vel
2242 2881 2608 2944 doctrinae
2659 2880 2976 2943 christia·

507 3004 665 3063 nae,
693 2987 882 3068 quod
904 2986 1106 3067 ,iussu
1127 2987 1345 3067 Regis
1367 2988 1444 3051 P.
1473 2988 1769 3052 Claudio
1795 2987 2370 3051 commendatum
2389 2987 2622 3050 fuerat
2640 3035 2655 3066 ,
2682 2996 2751 3050 et
2772 2987 2980 3049 simul

511 3112 553 3156 a
590 3096 854 3158 nostris
895 3095 1034 3158 illis
1072 3095 1484 3160 doctoribus
1523 3095 2105 3172 concinnabatur,
2152 3096 2224 3157 in
2261 3112 2469 3158 usum
2505 3093 2983 3157 studiosorum

509 3209 577 3263 et
605 3210 996 3281 pastorum,
1031 3203 1148 3281 qui
1180 3202 1251 3265 in
1280 3201 1664 3265 ditionibus
1694 3200 1915 3280 Regis
1944 3201 2241 3281 degunt,
2279 3201 2534 3281 quique
2565 3217 2979 3280 permanere

511 3308 582 3370 in
621 3308 1031 3372 Academiis
1068 3307 1330 3372 diutius
1373 3327 1517 3373 non
1559 3318 1921 3388 poterant,
1976 3326 2313 3372 enarrare
2353 3308 2563 3372 simul
2601 3317 2671 3370 et
2711 3308 2981 3371 dictare

509 3415 759 3496 coepit.
787 3415 1003 3478 Domi
1026 3424 1263 3478 autem
1283 3425 1572 3479 nostrae
1601 3416 1945 3495 magister
1966 3415 2279 3497 Jacobus
2300 3414 2774 3494 AldenarduS,
2801 3428 2984 3477 unus

509 3539 600 3583 ex
627 3521 766 3584 illis
796 3521 1042 3600 tribus,
1069 3539 1251 3602 quos
1280 3522 1603 3586 Lovanio
1632 3523 1992 3603 profectos
2022 3539 2179 3585 esse
2208 3522 2421 3602 paulo
2452 3529 2617 3584 ante
2648 3520 2978 3599 diximus,

509 3628 819 3706 logicam
867 3628 1275 3692 Aristotelis
1323 3628 1661 3692 fratribus
1712 3629 1976 3692 nostris
2034 3628 2519 3708 praelegebat,
2575 3636 2642 3690 et
2699 3628 2985 3707 quidem

511 3735 826 3814 quotidie
869 3745 978 3798 ter
1017 3753 1144 3816 per
1188 3737 1439 3799 horam
1488 3736 1560 3799 id
1609 3737 2043 3817 praestabat.
2098 3735 2393 3815 Aliquot
2442 3736 2659 3798 etiam
2708 3736 2985 3798 externi

511 3842 999 3906 adolescentes
1037 3861 1200 3906 eum
1251 3843 1663 3918 audiebant3
1709 3860 1957 3905 omnes
1995 3851 2233 3906 autem
2271 3852 2380 3906 ter
2423 3842 2495 3905 in
2535 3842 2985 3907 hebdomada

509 3948 581 4011 in
612 3949 1093 4030 disputatione
1122 3950 1522 4013 exercebat.
1551 3950 1697 4012 Alii
1727 3959 1873 4012 tres
1895 3948 2143 4028 nostri,
2172 3949 2464 4028 scilicet,
2491 3949 2838 4028 Magister
2860 3949 2980 4012 Pe·

510 4064 662 4118 trus
690 4055 1172 4135 Schorichius,
1207 4057 1523 4120 Erardus
1553 4066 1621 4120 et
1649 4057 2012 4135 NicolauS,
2050 4056 2230 4119 alios
2258 4064 2541 4118 nostros
2570 4072 2875 4135 graecas
2911 4066 2984 4119 et

509 4162 768 4225 latinas
797 4164 1072 4227 litteras
1095 4164 1471 4243 docebant;
1498 4162 2071 4243 adjungebantur
2101 4171 2338 4226 autem
2367 4180 2443 4225 se
2474 4163 2739 4226 nostris
2769 4163 2983 4243 aliqui

512 4267 727 4330 etiarn
768 4271 1064 4334 externi.
1122 4269 1386 4333 Omnes
1426 4270 1666 4351 itaque
1711 4270 1784 4332 in
1829 4270 2009 4332 duas
2052 4278 2255 4332 erant
2297 4271 2565 4331 classes
2604 4269 2978 4348 distributi,

513 4375 810 4469 alteram
839 4377 1131 4457 logiceS,
1158 4379 1457 4441 alteram
1479 4378 1878 4440 litterarum
1899 4376 2422 4455 humaniorum,
2447 4375 2569 4438 ubi
2590 4386 2735 4439 tres
2756 4376 2984 4439 ultimi

511 4491 1016 4563 praeceptores
1065 4484 1368 4548 diversis
1415 4484 1611 4548 horis
1661 4483 2190 4564 praelegebant.
2236 4482 2395 4545 Non
2439 4491 2677 4545 tamen
2716 4484 2983 4562 placuit

511 4587 587 4651 P.
622 4588 901 4668 Ignatio
941 4590 1059 4654 hic
1101 4590 1400 4654 docendi
1439 4592 1727 4669 moduS,
1772 4600 1839 4654 et
1880 4590 2104 4653 voluit
2150 4598 2297 4652 tres
2337 4590 2605 4652 classes
2644 4589 2982 4669 distingui

512 4693 711 4771 iuxta
743 4696 1104 4761 diversum
1134 4698 1534 4761 auditorum
1563 4707 1881 4778 captum,
1917 4707 1990 4760 ut
2019 4714 2162 4759 non
2191 4714 2375 4760 unus
2404 4706 2473 4758 et
2510 4696 2699 4759 idem
2736 4714 2983 4761 omnes
