3679 5414
1622 450 1750 510 ΑΝ.
1794 451 1928 510 1551
2893 452 3004 511 313

539 604 843 674 corpore
895 603 964 658 et
1014 595 1251 659 animo
1303 597 1459 659 sani
1510 605 1915 660 evaserunt.
1971 596 2150 661 Cum
2199 605 2436 661 autem
2474 597 2881 676 Vergaram
2918 595 3000 658 se

540 699 957 770 P.*Michael
986 701 1421 781 conserebat,
1470 712 1671 767 tanta
1713 702 2079 768 hominum
2116 705 2320 768 turba
2352 721 2514 769 eum
2543 703 2998 784 aggredieba—

542 817 656 872 tur
714 817 792 871 ut
841 808 968 875 ‚vix
1018 808 1110 871 ad
1157 827 1455 890 pensum
1504 810 1845 874 horarum
1894 812 2402 875 canonicarum
2455 812 3005 892 persolvendum

543 925 822 994 tempus
848 916 1347 997 relinquerent.
1396 916 1586 982 Inter
1616 919 1963 998 quosdam
1989 919 2427 999 paralyticos
2449 928 2519 983 et
2545 919 2725 982 alios
2757 936 3003 999 aegro-

545 1032 778 1088 tantes
812 1031 1008 1086 muta
1047 1024 1399 1104 quaedam
1435 1023 1741 1088 foemina
1780 1025 1875 1089 ad
1903 1042 2065 1089 eum
2094 1033 2201 1088 est
2239 1024 2547 1088 adducta
2586 1033 2655 1088 et
2697 1042 2824 1105 per
2853 1024 3005 1104 eJus

544 1130 1106 1195 benedictionem
1130 1149 1173 1194 a
1195 1130 1504 1195 Domino
1528 1141 1788 1196 sanata
1804 1132 2135 1213 loquendi
2159 1134 2308 1196 vim
2337 1132 2625 1213 recepit.
2658 1132 2747 1195 Et
2771 1150 2814 1195 a
2836 1132 3006 1194 mul-

546 1238 637 1315 tis
659 1237 1076 1301 milliaribus
1098 1239 1477 1303 veniebant
1499 1248 1575 1302 ut
1599 1239 1688 1302 ab
1711 1257 1796 1303 eo
1818 1257 1947 1320 per
1968 1240 2530 1304 benedictionem
2560 1247 3002 1315 curarentur;

547 1353 617 1407 et
643 1343 890 1407 scribit
918 1343 994 1407 P.
1027 1343 1331 1408 Michael
1360 1363 1437 1408 se
1467 1347 1765 1408 multum
1794 1346 1932 1409 illis
1961 1346 2361 1410 hominibus
2391 1346 2646 1409 debere
2663 1395 2677 1423 ,
2710 1362 3008 1426 quorum

545 1450 719 1514 fides
762 1450 995 1514 effecit
1037 1460 1114 1514 ut
1164 1461 1233 1514 et
1277 1451 1558 1532 ipsimet
1605 1452 1778 1516 fides
1817 1463 2230 1532 augeretur;
2279 1470 2438 1516 cum
2480 1453 2669 1516 enim
2697 1453 2768 1515 in
2807 1453 3011 1516 Italia
3122 1488 3129 1493 ὴ

549 1565 824 1621 tantum
874 1557 964 1620 ad
1011 1557 1266 1627 febres
1294 1560 1648 1622 curandas
1686 1559 1876 1623 dono
1916 1559 2033 1623 illo
2073 1559 2208 1623 Dei
2251 1569 2569 1624 uteretur
2610 1568 2679 1623 et
2728 1559 3011 1640 quidem

547 1665 831 1745 scriptis
854 1665 1276 1781 quibgsdam
1296 1667 1536 1730 verbis
1559 1667 1893 1731 adhibitis
1918 1667 2132 1749 (quod
2154 1676 2393 1731 tamen
2414 1667 2479 1730 ei
2502 1685 2615 1730 me
2645 1667 3014 1730 dissuasis-

548 1790 657 1851 se,
690 1781 1066 1853 postquam
1095 1773 1185 1835 ab
1214 1791 1298 1836 eo
1330 1783 1620 1837 curatus
1649 1792 1915 1854 essem,
1958 1775 2357 1855 admonui),
2392 1775 2515 1838 sed
2545 1775 2617 1837 in
2646 1773 3011 1853 provincia

551 1877 1026 1959 Guipuzcoae,
1058 1889 1343 1960 praeter
1371 1880 1628 1961 febres,
1662 1880 1848 1944 dono
1875 1882 1994 1944 illo
2016 1882 2344 1945 sanitatis
2373 1881 2587 1944 etiam
2612 1881 2703 1944 ad
2727 1880 3022 1943 claudos

545 1994 620 2048 et
649 2002 944 2050 mancos
973 1986 1328 2050 curandos
1355 1988 1707 2065 utebatur,
1740 1988 1953 2050 nullis
1972 1988 2257 2069 scriptis
2278 1987 2639 2068 adhibitiS,
2672 1986 2793 2050 sed
2818 1985 3020 2067 Juxta

551 2092 746 2157 illud:
777 2101 999 2173 super
1026 2111 1297 2173 aegros
1321 2110 1587 2156 manus
1618 2093 1986 2175 imponent
2025 2101 2093 2158 et
2134 2095 2299 2158 bene
2328 2095 2710 2168 habebunt,
2752 2111 2876 2173 per
2914 2111 3020 2155 so-

551 2200 696 2263 lam
725 2200 1246 2281 impositionem
1275 2219 1529 2265 manus
1559 2202 1855 2265 curabat
1888 2200 1933 2264 ¹.

687 2520 815 2583 DE
857 2520 935 2583 P.
982 2520 1367 2584 STRADA
1407 2521 1528 2585 ET
1571 2520 1853 2585 INITIO
1894 2521 2328 2587 COLLEGII
2370 2520 2886 2586 BURGENSIS

669 2735 816 2799 ⁴295.
907 2739 1092 2801 Inter
1122 2738 1331 2817 alioS,
1367 2739 1486 2819 qui
1515 2738 1743 2802 Roma
1770 2738 2070 2818 profecti
2109 2748 2275 2802 sunt
2311 2757 2473 2803 cum
2510 2736 2586 2800 P.
2632 2737 3024 2800 Francisco
3124 2761 3130 2768 ·

560 2844 828 2924 Borgia
856 2844 898 2906 4
925 2844 1037 2908 die
1066 2845 1464 2926 Februarii,
1501 2863 1680 2909 unus
1709 2845 1842 2909 fuit
1871 2846 1947 2910 P.
1980 2846 2038 2909 F
2042 2847 2411 2910 ranciscus
2441 2844 2728 2923 Strada,
2764 2844 2883 2923 qui
2926 2853 3024 2906 ta-

547 2969 743 3031 men,
777 2953 1178 3032 postulante
1202 2953 1273 3016 id
1298 2952 1660 3017 Cardinali
1684 2953 1770 3016 de
1793 2952 2142 3017 Mendoza
2165 2953 2517 3033 Episcopo
2540 2950 2911 3030 Burgensi,
2937 2966 3028 3011 ex

560 3058 962 3122 obedientia
990 3058 1268 3123 Summi
1296 3059 1659 3124 Pontificis
1689 3078 1774 3123 ac
1803 3059 1881 3123 P.
1915 3060 2174 3141 Ignatii
2209 3059 2283 3122 in
2321 3059 2681 3122 civitatem
2716 3056 3029 3135 Burgen-

561 3182 712 3229 sem
740 3165 1133 3230 destinatus
1162 3175 1336 3230 erat.
1371 3166 1760 3249 Postquam
1787 3183 1964 3248 ergo
1996 3167 2070 3230 in
2097 3165 2522 3247 Hispaniam
2546 3164 2753 3226 simul
2784 3179 3031 3225 omnes

561 3283 1058 3353 pervenerunt,
1091 3273 1168 3337 P.
1205 3273 1555 3337 Antonius
1585 3273 1850 3354 Araoz,
1887 3273 2247 3337 Get-onam
2275 3270 2321 3350 ’,
2357 3289 2540 3352 quae
2571 3269 3031 3333 Catalauniae

561 3378 816 3442 civitas
846 3388 953 3443 est
976 3390 1044 3444 et
1067 3398 1194 3462 per
1215 3382 1492 3444 litteras
1514 3369 1820 3459 aliquem
1842 3379 1928 3443 de
1950 3379 2305 3444 Societate
2328 3379 2843 3457 postulaverat,
2870 3392 3030 3438 eum

563 3486 774 3565 misit,
809 3496 884 3550 ut
913 3498 1289 3570 postquam
1319 3488 1595 3569 aliquos
1616 3485 1766 3550 dies
1792 3487 2290 3565 ibiexegisset,
2323 3485 2601 3565 Burgos
2630 3481 3031 3564 proficisce-

562 3603 788 3674 retur,
821 3612 950 3674 per
977 3595 1455 3668 Barcinonam
1496 3603 1735 3658 tamen
1775 3603 1845 3658 et
1889 3594 2540 3673 Caesaraugustam
2568 3591 2701 3654 iter
2735 3589 3028 3652 faciens,

565 3701 996 3781 Perveniens
1046 3701 1262 3781 igitur
1312 3702 1702 3781 Geronam,
1744 3711 1822 3765 ut
1855 3700 2073 3782 jurati
2116 3701 2578 3779 magistratus
2626 3696 2701 3760 P.
2756 3696 3034 3777 Ignatio

566 3808 1025 3887 scripserunt,
1073 3809 1181 3872 bis
1225 3809 1535 3889 quotidie
1579 3807 1993 3872 concionari
2044 3824 2304 3887 magna
2358 3823 2519 3869 cum
2567 3805 2916 3868 charitate
2964 3813 3033 3864 et

489 3990 498 4000 ,
568 3915 1053 3980 aedificatione
1083 3926 1231 3980 tam
1257 3916 1591 3997 Episcopi
1615 3933 1830 3997 quam
1852 3916 2067 3978 totius
2091 3914 2404 3978 civitatis
2428 3912 2685 3991 coepit;
2716 3921 2785 3974 et
2807 3919 3031 3973 tanto-

566 4041 733 4102 pere
763 4023 1042 4086 animos
1070 4024 1312 4104 populi
1342 4023 1726 4087 commovit
1773 4022 1864 4086 ad
1903 4023 2094 4085 vitae
2136 4021 2703 4084 emendationem
2742 4034 2825 4079 ac
2869 4033 3027 4096 pro·

567 4130 851 4208 fectum,
882 4140 981 4210 ut,
1017 4131 1078 4194 si
1107 4132 1222 4194 vel
1253 4130 1438 4194 idem
1465 4130 1751 4208 rediret,
1784 4131 1901 4193 vel
1930 4130 2110 4193 alius
2141 4129 2227 4191 de
2256 4127 2610 4191 Societate
2654 4123 3038 4187 conciones

571 4238 980 4318 aliquandiu
1029 4246 1603 4318 prosequeretur,
1656 4253 1920 4316 magna
1964 4236 2361 4300 immutatio
2400 4233 2552 4314 ejus
2593 4230 2904 4295 civitatis
2943 4230 3033 4291 ad

571 4362 777 4408 omne
805 4346 1066 4409 bonum
1095 4354 1165 4408 et
1195 4346 1287 4408 ad
1315 4344 1448 4408 Dei
1476 4344 1784 4424 gloriam
1813 4353 2000 4408 esset
2031 4342 2407 4424 speranda.
2441 4339 2644 4405 Unde
2669 4338 2766 4401 illi
2795 4346 3036 4417 petere

667 4626 679 4656 ¹
734 4624 867 4668 Vide
888 4634 1063 4679 supra,
1087 4630 1124 4669 t.
1147 4636 1189 4679 1,
1211 4636 1347 4668 num.
1368 4625 1472 4677 232,
1497 4636 1616 4680 pag.
1638 4624 1733 4668 269.

653 4697 675 4726 ⁸
729 4694 838 4748 δίας
860 4695 1054 4740 rectius
1075 4695 1401 4739 Gerundam.
