3679 5414
1618 451 1747 510 ΑΝ.
1796 452 1934 509 1552
2909 452 3018 508 503

546 601 845 664 Vicario
876 599 1241 680 Episcopi.
1276 599 1515 661 multis
1545 599 1759 661 etiam
1788 599 1948 660 aliis
1978 590 2407 677 doctoribuS,
2444 607 2511 660 et
2542 598 3009 674 scholasticiS,

538 717 617 771 et
648 708 807 770 aliis
837 706 1267 786 primoribus
1298 706 1608 768 civitatis
1639 705 2002 782 disseruit;
2050 722 2232 784 quae
2271 714 2639 785 tantopere
2683 705 3008 766 omnibus

546 814 814 895 placuit
844 823 920 876 ut
950 813 1076 875 vix
1106 813 1198 875 ad
1240 813 1930 892 congratulationem
1975 810 2126 891 ejus
2165 811 2585 874 descensum
2623 828 2713 874 ex
2757 828 3012 890 sugge-

542 931 660 984 stu
711 928 1241 1000 exspectarent,
1298 929 1367 982 et
1417 936 1695 982 omnem
1737 936 1941 981 suam
1982 936 2273 1000 operam
2312 917 2400 980 ad
2444 918 3013 998 prosequendum

546 1029 951 1107 incoeptum
981 1044 1158 1106 opus
1190 1027 1595 1089 scholarum
1636 1026 1992 1089 offerrent.
2042 1025 2377 1088 Vicarius
2418 1027 2662 1105 etiam,
2710 1026 2830 1106 qui
2867 1043 3011 1088 non

549 1136 726 1198 bene
756 1134 827 1196 in
857 1133 1284 1197 Societatem
1317 1133 1615 1196 affectus
1645 1132 1876 1195 fuerat
1906 1132 2309 1213 aliquando,
2345 1142 2413 1195 et
2455 1150 2660 1195 suum
2697 1149 3010 1195 errorem

549 1241 842 1320 agnovit
868 1250 936 1303 et
960 1250 1583 1320 compensaturum
1608 1259 1682 1303 se
1706 1240 1956 1302 favore
1980 1258 2065 1303 ac
2091 1238 2575 1316 beneficentia,
2606 1256 2787 1320 quae
2817 1239 3012 1319 prius

540 1349 753 1411 aliter
780 1349 870 1411 ab
900 1366 983 1410 eo
1015 1348 1204 1410 facta
1235 1347 1536 1428 fuerant,
1567 1347 1889 1428 promisit
1919 1345 1959 1410 ¹.

664 1454 804 1518 216.
891 1455 1050 1518 Non
1100 1472 1353 1534 parum
1400 1473 1486 1518 ea
1536 1455 1859 1518 oratione
1908 1472 2024 1517 res
2057 1472 2288 1517 novae
2319 1455 2604 1517 scholae
2644 1463 3011 1534 promotae

547 1562 853 1626 fuerunt.
886 1561 1066 1625 Fere
1098 1572 1380 1625 centum
1411 1572 1479 1625 et
1509 1563 1805 1642 triginta
1847 1562 2255 1625 scholastici
2294 1571 2812 1640 convenerunt,
2846 1578 3006 1640 quo-

548 1687 707 1733 rum
736 1670 935 1733 multi
963 1670 1240 1732 nobiles
1271 1688 1354 1732 ac
1385 1669 1803 1750 optimatum
1833 1670 2373 1734 bononiensium
2403 1669 2545 1748 filii,
2579 1670 2729 1749 qui,
2767 1669 2839 1731 in
2866 1678 3011 1731 tres

542 1779 818 1841 classes
868 1776 1254 1857 distributi,
1298 1778 1401 1840 sic
1442 1777 1515 1839 in
1555 1778 1809 1840 litteris
1848 1787 1917 1840 et
1955 1779 2159 1841 bonis
2198 1777 2510 1840 moribus
2550 1775 3011 1856 proficiebant

552 1893 626 1947 ut
655 1901 901 1947 eorum
937 1893 1269 1964 parentes
1300 1884 1670 1963 divulgare
1711 1895 2000 1947 nostrae
2038 1884 2415 1948 Societatis
2445 1885 2837 1947 institutum
2867 1902 3010 1946 non

550 2004 944 2070 cessarent;
979 2000 1048 2053 et
1077 1991 1263 2071 quod
1294 1992 1379 2054 de
1411 1993 1739 2054 omnibus
1782 1992 2219 2056 benemereti
2251 2002 2318 2055 et
2362 1992 2673 2055 omnium
2709 1992 3007 2054 salutem

549 2115 889 2177 quaerere
921 2099 1247 2160 omnibus
1278 2098 1668 2161 rationibus
1708 2098 2074 2162 studerent
2111 2098 2302 2161 fama
2342 2098 2597 2177 vagari
2635 2098 2811 2161 satis
2852 2115 3007 2177 pro·

542 2222 754 2286 spere
783 2206 1040 2285 coepit.
1076 2203 1296 2267 Sexta
1325 2205 1694 2269 Februarii
1732 2206 2127 2269 Bononiam
2156 2207 2233 2270 P.
2278 2206 2606 2269 Andreas
2636 2206 3007 2269 Galvanel-

549 2313 656 2375 lus
694 2322 763 2375 et
806 2313 1148 2392 magister
1198 2312 1491 2375 Fulvius
1531 2312 1884 2376 Cardulus
1925 2322 2433 2394 pervenerunt;
2487 2322 2557 2376 et
2603 2312 2679 2375 P.
2724 2313 3011 2393 quidam

546 2420 880 2483 Andreas
908 2429 1316 2483 nostrorum
1343 2419 1642 2483 fratrum
1674 2438 1922 2483 curam
1950 2421 2289 2501 suscepit,
2326 2422 2655 2502 quamvis
2683 2421 2760 2483 P.
2793 2420 3009 2483 Fran-

549 2528 784 2591 ciscus
827 2526 1163 2601 Palmius,
1219 2544 1401 2607 quae
1452 2528 1544 2591 ad
1594 2528 2177 2591 sustentationem
2236 2529 2549 2591 omnium
2607 2528 3011 2590 necessaria

550 2643 784 2714 erant,
820 2634 1195 2714 diligenter
1227 2636 1524 2697 curabat
1552 2634 1597 2693 ⁹.

669 2742 812 2805 217.
898 2741 1061 2804 Fuit
1102 2751 1341 2805 autem
1379 2742 1641 2806 scholis
1680 2742 2081 2823 praefectus
2132 2743 2474 2822 magister
2522 2743 2846 2818 FulviuS,
2896 2743 3016 2823 qui

547 2848 794 2910 omnia
822 2849 893 2911 in
940 2849 1303 2911 meliorem
1342 2849 1663 2913 ordinem
1699 2849 2007 2929 redegit,
2054 2859 2121 2913 et
2164 2850 2559 2913 studiorum
2597 2850 3022 2932 domestico--

553 2972 743 3035 rum,
787 2957 972 3035 quod
1012 2956 1104 3019 ad
1142 2956 1399 3019 fratres
1438 2966 1721 3021 nostros
1761 2939 2045 3036 attinet,
2100 2975 2346 3021 curam
2395 2958 2610 3020 etiam
2649 2958 2900 3036 gessit,
2949 2966 3015 3019 et

546 3064 763 3127 simul
792 3080 953 3126 cum
983 3064 1328 3142 magistro
1359 3062 1735 3127 Guilielmo
1765 3064 2178 3144 Limburgio
2219 3082 2397 3128 onus
2420 3064 2692 3145 primae
2729 3065 3015 3127 scholae

554 3179 1034 3250 suscepturus,
1069 3171 1559 3250 praesentibus
1588 3173 1825 3235 multis
1842 3171 2024 3253 juris
2054 3190 2140 3235 ac
2163 3172 2648 3252 philosophiae
2671 3171 3015 3252 professo-

556 3277 774 3357 ribus,
808 3277 1299 3340 sacerdotibus
1341 3279 1543 3358 item,
1578 3279 1935 3358 religiosis
1976 3297 2061 3341 ac
2101 3279 2575 3357 scholasticiS,
2624 3278 3017 3341 orationem

559 3385 709 3464 ipse
738 3385 1007 3464 habuit,
1041 3402 1184 3447 non
1213 3385 1447 3448 minus
1476 3386 1668 3466 piam
1698 3403 1914 3466 quam
1942 3385 2311 3462 eruditam,
2345 3385 2419 3447 in
2448 3383 2730 3447 laudem
2758 3384 3017 3447 studio·

556 3508 749 3568 rum,
783 3491 1149 3572 explicans
1179 3492 1348 3571 quid
1378 3493 1451 3554 in
1481 3492 1746 3555 scholis
1774 3501 2019 3555 nostra
2050 3491 2372 3555 Societas
2401 3501 2602 3571 agat,
2630 3489 3020 3570 juventutis

554 3599 1029 3662 instituendae
1080 3616 1328 3661 curam
1378 3599 1791 3678 suscipiens.
1848 3598 1995 3662 Nec
2043 3599 2193 3661 sine
2242 3614 2505 3677 magna
2554 3597 3022 3677 plurimorum

552 3705 1045 3769 aedificatione
1103 3716 1249 3769 tarn
1299 3706 1384 3768 de
1434 3706 1783 3768 modestia
1842 3722 2055 3785 quam
2104 3706 2190 3768 de
2248 3704 2572 3767 doctrina
2631 3705 3021 3784 praestanti

496 3815 506 3828 ‘
555 3812 674 3875 illo
717 3811 945 3875 officio
995 3812 1277 3876 functus
1317 3823 1445 3875 est.
1500 3811 1901 3876 Curabatur
1940 3813 2155 3875 etiam
2192 3822 2267 3875 ut
2305 3812 2568 3892 aliquid
2612 3811 3017 3874 memoriter

554 3920 869 4000 quotidie
899 3921 1101 4000 pueri
1131 3921 1516 3995 discerent;
1555 3931 1839 3983 caetera
1873 3919 2119 3995 etiam,
2154 3938 2288 3997 sc.,
2336 3920 2421 3982 de
2461 3937 2671 3982 sacro
2710 3919 3020 3998 quotidie

558 4026 908 4090 audiendo
950 4036 1018 4089 et
1058 4027 1437 4090 menstruis
1487 4026 2048 4090 confessionibus
2096 4036 2165 4089 et
2216 4025 2857 4108 communionibuS,
2905 4026 3021 4105 qui

557 4143 730 4196 natu
760 4134 1184 4213 grandiores
1213 4144 1416 4197 erant
1449 4133 1958 4212 observabant;
1991 4143 2057 4196 et
2091 4135 2186 4196 ita
2217 4150 2634 4213 perversam
2671 4132 3020 4195 educatio-

641 4409 658 4442 ¹
716 4410 997 4464 Polancus,
1034 4422 1099 4454 ex
1128 4423 1289 4464 com.,
1324 4410 1603 4454 Francisco
1638 4410 1862 4463 Palmio,
1885 4410 1946 4452 de
1970 4410 2160 4462 templo
2189 4408 2414 4452 Sanctae
2443 4408 2637 4453 Luciae
2659 4417 2710 4451 ct
2731 4410 2858 4460 alio,
2880 4410 3025 4463 cujtts

556 4490 736 4524 curam
758 4483 965 4536 quidam
986 4483 1234 4527 Dominus
1256 4483 1507 4527 Pantaleo
1528 4483 1772 4535 habebat,
1794 4489 2032 4525 neutrum
2050 4480 2438 4534 admittendum,
2461 4481 2579 4524 dum
2596 4481 2884 4524 animarum
2899 4492 3024 4524 cura

554 4553 633 4597 eis
652 4553 722 4596 eit
743 4554 962 4604 adnexa.
982 4556 1010 4597 8
1029 4555 1284 4598 Octobris.

639 4623 663 4656 ¹
719 4623 991 4677 Polancus,
1015 4638 1080 4668 ex
1100 4637 1251 4678 cone„
1270 4624 1475 4680 Elpidio
1497 4625 1746 4679 Ugolctti.
1767 4631 1823 4668 ut
1846 4624 2136 4676 Patavium,
2159 4624 2200 4666 si
2223 4623 2404 4666 melius
2426 4623 2529 4667 illic
2550 4625 2727 4665 valere
2750 4630 2922 4676 speret
2937 4655 2947 4674 ,
2967 4633 3024 4665 se

558 4696 815 4750 conferat,
838 4704 890 4740 et
910 4697 1146 4741 Venetiis
1168 4699 1447 4741 Bononiam
1470 4698 1732 4741 Andream
1755 4697 2119 4740 Galvanenum
2139 4701 2325 4738 avocet
2342 4728 2352 4746 ,
2371 4695 2399 4736 9
2417 4695 2666 4746 januarii.
