3679 5414
1650 480 1776 539 ΑΝ.
1833 482 1960 539 1551
2935 484 3036 543 381

563 643 769 689 arma
797 626 957 705 illis,
984 635 1061 688 ut
1089 626 1276 688 soliti
1306 635 1532 703 erant,
1561 625 1710 705 jam
1739 627 2025 689 dabant.
2062 627 2263 705 Ludi,
2298 628 2417 706 qui
2448 629 2768 690 consueti
2799 629 3034 715 admol-

561 733 732 796 dum
762 742 968 797 erant
998 750 1160 796 cum
1188 749 1454 812 magna
1484 732 1619 795 Dei
1650 731 1919 795 offensa
1959 733 2332 812 multisque
2362 734 2851 814 blasphemiiS,
2881 737 3036 798 reli·

561 830 662 903 cti
687 841 992 903 fuerunt.
1024 841 1207 903 Esus
1239 840 1561 903 carnium
1591 840 1663 902 in
1692 839 2240 918 quadragesima
2265 849 2334 902 et
2363 841 2609 903 diebus
2632 841 3031 920 prohibitiS,

561 964 703 1028 quo
734 948 972 1011 multis
1002 948 1207 1011 annis
1234 948 1521 1010 lusitani
1551 948 1662 1011 usi
1691 946 1997 1026 fuerant,
2033 964 2194 1011 cum
2240 947 2550 1027 piscibus
2591 948 3035 1012 abundarent
3114 996 3122 1011 .

559 1064 635 1118 et
661 1058 818 1119 sani
847 1064 1105 1136 essent,
1139 1056 1426 1119 relictus
1456 1064 1585 1133 est;
1620 1064 1690 1118 et
1712 1053 1979 1136 jejunia
2009 1056 2379 1118 observari
2418 1064 2671 1136 coepta
2708 1074 2837 1136 pro
2869 1058 3031 1120 viri·

561 1164 711 1225 bus,
768 1164 847 1226 In
888 1161 1310 1243 juramentis
1348 1178 1611 1241 magna
1661 1162 2065 1225 emendatio
2116 1171 2186 1225 et
2238 1162 2311 1223 in
2363 1162 2926 1226 detractionibus
2968 1174 3036 1226 et

561 1270 720 1333 aliis
755 1271 1072 1350 peccatis
1101 1279 1209 1332 est
1240 1279 1645 1333 consecuta.
1682 1269 2005 1348 Quatuor
2035 1278 2158 1333 aut
2188 1269 2494 1350 quinque
2525 1271 2768 1349 populi
2812 1271 3033 1334 vicini

558 1386 797 1456 erant,
831 1376 950 1457 qui
979 1394 1255 1439 summa
1295 1376 1782 1456 operariorum
1828 1376 2126 1457 penuria
2167 1376 2619 1455 laborabant,
2665 1394 2799 1439 nec
2845 1386 3031 1456 pote-

559 1492 672 1547 rat
700 1486 893 1548 solus
922 1484 1075 1564 ipse
1105 1492 1249 1546 tam
1281 1483 1678 1563 dispersam
1709 1501 2015 1547 messem
2043 1483 2402 1563 colligere.

677 1590 816 1653 436.
905 1590 1110 1669 Quod
1161 1591 1252 1653 ad
1301 1591 1601 1669 gentiles
1653 1591 1939 1669 attinet,
1993 1600 2191 1653 tanta
2233 1590 2305 1652 in
2344 1590 2451 1652 eis
2500 1589 2707 1669 signa
2758 1589 3033 1654 fructus

559 1698 996 1778 percipiendi
1025 1698 1341 1777 videbat,
1376 1691 1441 1761 si
1469 1698 1572 1760 eis
1610 1697 2020 1760 excolendis
2060 1705 2385 1776 vacaret,
2427 1705 2503 1760 ut
2546 1697 2927 1777 aliquando
2971 1699 3033 1761 ei

560 1806 632 1868 in
658 1815 967 1869 mentem
996 1806 1293 1885 veniret,
1323 1805 1589 1868 relictis
1609 1806 1889 1892 populis
1912 1805 2486 1882 christianorum,
2515 1820 2678 1867 cum
2697 1804 3033 1869 fratribus

561 1913 653 1976 ad
690 1930 814 1976 eos
852 1929 928 1975 se
967 1912 1311 1975 conferre.
1356 1910 1736 1975 Gentilitas
1776 1912 1964 1974 enim
2017 1911 2134 1975 illa
2172 1912 2610 1991 magnopere
2649 1911 3030 1975 adventum

560 2028 964 2083 nostrorum
995 2020 1084 2082 ad
1114 2037 1190 2083 se
1221 2021 1634 2100 exoptabat,
1671 2019 1860 2100 quod
1890 2019 2229 2082 indicium
2258 2036 2414 2082 esse
2444 2019 2817 2082 videbatur
2857 2020 3031 2082 divi·

559 2143 694 2190 nae
745 2127 1276 2191 misericordiae
1327 2144 1509 2206 quae
1557 2128 1751 2207 ipsos
1801 2126 2157 2206 respicere
2208 2125 2626 2206 incipiebat;
2672 2143 2838 2189 nam
2888 2144 3028 2190 ma·

555 2251 871 2315 gnopere
900 2233 1037 2297 Dei
1066 2236 1393 2298 notitiam
1432 2234 1695 2298 habere
1725 2243 1795 2297 et
1823 2251 2092 2313 eorum,
2128 2250 2309 2314 quae
2351 2234 2442 2296 ad
2486 2235 2787 2296 salutem
2827 2251 3026 2297 suam

556 2342 1026 2421 pertinebant,
1062 2341 1586 2419 desiderabant;
1621 2341 1964 2404 timebant
1993 2341 2183 2403 enim
2211 2340 2668 2404 vehementer
2697 2349 3022 2415 mortem,

549 2447 921 2528 judicium,
956 2458 1024 2511 et
1055 2448 1438 2527 infernum,
1474 2448 1560 2511 de
1605 2448 1859 2528 quibus
1896 2447 2120 2510 frater
2159 2455 2397 2510 noster
2437 2445 2692 2510 Petrus
2732 2447 3023 2527 Correa,

552 2553 981 2618 Societatem
1030 2554 1125 2619 ibi
1155 2555 1550 2634 ingressuS,
1598 2555 1787 2636 apud
1827 2572 1955 2617 eos
1985 2554 2365 2634 aliquando
2407 2554 2876 2633 disseruerat;
2926 2555 3026 2618 sic

553 2662 740 2726 enim
768 2658 1181 2743 injungebat
1202 2660 1278 2726 P.
1307 2663 1721 2726 Leonardus
1743 2671 2019 2726 terrore
2042 2660 2554 2725 concutiendos
2576 2679 2755 2726 esse.
2782 2662 3024 2726 Mense

551 2767 741 2833 Maio
770 2770 976 2851 hujus
1004 2771 1171 2832 anni
1200 2770 1384 2833 inter
1420 2770 1875 2834 brasilienses
1913 2769 2315 2851 penetravit
2354 2768 2430 2834 P.
2464 2769 2913 2849 LeonarduS,
2950 2781 3024 2834 ut

551 2877 934 2940 lusitanum
983 2878 1391 2957 quemdam,
1447 2877 1566 2957 qui
1620 2878 1801 2941 inter
1852 2877 2011 2940 illos
2047 2877 2500 2954 versabatur,
2545 2885 2614 2938 et
2653 2877 2834 2940 duas
2873 2875 3031 2957 eJus

553 2983 731 3046 filias
761 2984 1018 3047 ibidem
1048 2993 1257 3048 natas
1289 2985 1676 3060 inveniret,
1712 2993 1895 3064 quae
1935 2984 2334 3063 baptizatae
2374 3000 2516 3045 non
2556 2993 2792 3059 erant,
2839 2984 3022 3048 sicut

548 3109 679 3155 nec
709 3100 935 3154 mater
966 3110 1233 3155 earum.
1268 3092 1575 3155 Reduxit
1603 3093 1846 3172 itaque
1875 3091 2216 3154 familiam
2238 3091 2454 3169 hanc,
2485 3099 2553 3153 et
2576 3093 2847 3170 puellas
2871 3092 3018 3170 qui·

546 3198 709 3262 dem
738 3199 1148 3280 baptizavit,
1184 3209 1485 3263 matrem
1516 3208 1753 3263 autem
1792 3199 2225 3262 catechismo
2257 3207 2422 3262 ante
2462 3197 2891 3279 baptismum
2923 3199 3020 3261 in-

547 3306 896 3386 struebat3
931 3307 1081 3387 ipse
1119 3307 1336 3370 etiam
1386 3307 1683 3370 maritus
1726 3307 1942 3385 longa
1993 3305 2454 3369 desuetudine
2499 3306 2821 3368 exercitii
2859 3305 3018 3369 fidei

545 3428 631 3474 eo
661 3422 1118 3492 pervenerat,
1153 3424 1251 3492 ut,
1288 3414 1581 3494 perinde
1632 3422 1842 3492 atque
1881 3413 2233 3493 brasilici‚
2278 3412 2712 3475 catechismo
2755 3412 3018 3491 indige·

549 3528 674 3582 ret.
707 3520 863 3583 Hoc
893 3529 1132 3583 tamen
1162 3520 1532 3584 differebat
1563 3520 1748 3601 quod
1781 3536 1999 3599 aegre
2027 3530 2096 3583 et
2127 3520 2400 3584 invitus
2437 3538 2514 3582 se
2557 3519 2796 3583 doceri
2840 3520 3018 3583 sine·

544 3625 687 3705 bat;
723 3628 909 3708 quod
940 3628 1395 3691 brasilienses
1424 3627 1663 3690 facere
1702 3645 1849 3690 non
1888 3636 2042 3691 erat
2083 3628 2290 3690 soliti.
2343 3627 2576 3690 Alium
2619 3626 3018 3708 hujusmodi

546 3731 736 3796 domi
766 3734 1093 3815 habebat,
1129 3736 1250 3815 qui
1279 3743 1519 3798 tamen
1551 3734 1797 3798 melius
1829 3752 1905 3798 se
1938 3735 2009 3797 in
2037 3735 2169 3813 his,
2204 3752 2385 3814 quae
2417 3733 2508 3796 ad
2532 3735 2842 3797 animam
2864 3753 3015 3814 per·

545 3840 789 3921 tinent,
824 3842 1140 3923 gerebat,
1175 3851 1243 3904 et
1267 3840 1638 3905 confessus
1661 3842 1747 3904 de
1770 3842 2085 3923 peccatis
2108 3842 2785 3906 communicaverat.
2815 3843 3016 3905 Uter·

545 3964 680 4026 que
709 3949 954 4011 morbo
984 3949 1103 4011 illo
1127 3949 1521 4027 laborabat,
1549 3949 1667 4029 qui
1690 3949 2274 4030 intemperantiae
2298 3965 2538 4011 comes
2562 3958 2669 4011 est
2691 3956 2761 4010 et
2783 3966 3012 4028 poena

543 4062 613 4116 et
663 4055 802 4118 illis
853 4056 921 4118 in
974 4057 1149 4119 locis
1197 4055 1407 4119 valde
1457 4056 1827 4119 familiaris
1879 4056 2278 4119 hominibus
2327 4064 2455 4130 est3
2514 4065 2584 4119 et
2635 4056 3012 4119 sanitatem

542 4162 915 4242 utriusque
945 4163 1256 4226 hominis
1288 4163 1630 4226 ambobus
1660 4164 1983 4227 conferre
2024 4163 2098 4225 P.
2133 4163 2552 4226 Leonardus
2588 4163 2915 4226 studebat
2945 4172 3016 4226 et

539 4270 897 4348 sperabat.
946 4270 1333 4334 Christiani
1373 4269 1742 4350 quusdam
1784 4269 1969 4334 filius
2009 4287 2099 4333 ex
2141 4269 2475 4333 brasilica
2515 4270 2838 4347 muliere,
2896 4270 3015 4349 qui

541 4393 798 4439 novem
827 4385 949 4439 aut
980 4378 1224 4440 decem
1256 4395 1481 4440 annos
1511 4378 1693 4441 inter
1721 4378 2204 4456 brasilienses,
2240 4385 2316 4440 ut
2353 4394 2535 4440 unus
2576 4393 2858 4454 eorum,
2892 4394 3012 4438 nu·

541 4483 674 4546 dus
702 4485 1030 4564 vivebat,
1064 4502 1197 4547 nec
1221 4486 1437 4547 ullam
1476 4484 1612 4548 Dei
1660 4486 1984 4549 notitiam
2022 4485 2358 4564 habebat,
2393 4503 2555 4548 cum
2585 4484 2882 4548 venatui
2927 4501 3012 4546 ac

540 4590 914 4668 piscationi
943 4599 1257 4669 vacaret,
1290 4591 1537 4655 incidit
1569 4593 1641 4655 in
1669 4591 1742 4654 Ρ.
1777 4593 2250 4670 Leonardum,
2279 4592 2399 4671 qui
2435 4592 2596 4654 illac
2630 4591 2764 4654 iter
2802 4591 3014 4654 facie-

538 4695 682 4776 bat;
715 4708 786 4761 et
815 4697 1142 4778 quamvis
1172 4715 1415 4763 secum
1445 4700 1703 4762 ducere
1728 4700 1819 4762 ad
1844 4699 2177 4780 oppidum
2201 4698 2447 4762 Sancti
2469 4699 2827 4761 Vincentii
2852 4716 3013 4762 eum
