3679 5414
650 477 760 537 580
1491 461 1499 468 ⁶
1565 476 1820 537 Cimon.
1863 476 2016 536 Soc,
2057 477 2197 550 Jsss.

652 632 775 685 aut
803 640 944 685 non
976 632 1166 686 certe
1205 624 1472 686 habens
1511 623 1859 686 rationem
1888 624 2069 700 voti,
2106 640 2244 703 quo
2277 640 2353 685 se
2384 621 2689 685 Domino
2722 623 3118 685 obstrinxe-

651 739 794 807 rat,
861 739 929 793 et
978 746 1192 808 aegre
1242 731 1468 810 potuit
1518 730 1841 808 retineri,
1890 731 2057 792 dum
2100 728 2175 792 P.
2233 730 2550 808 Ignatius
2602 731 3109 793 consuleretur.

649 838 822 901 Erat
853 837 1134 917 quidem
1156 837 1306 917 ipse
1330 839 1625 917 egregio
1649 837 1937 917 ingenio
1968 837 2331 916 praeditus
2359 845 2428 900 et
2458 837 2804 914 doctrina,
2839 838 2965 908 sed
2992 840 3117 917 qui

649 944 883 1025 potius
913 945 1002 1006 ad
1032 943 1522 1024 philosophica
1553 961 1766 1025 quam
1790 944 1882 1006 ad
1912 944 2308 1023 spiritualia
2331 961 2407 1006 se
2427 962 2855 1024 propensum
2886 954 3111 1008 osten·

650 1052 868 1114 deret.
922 1050 1225 1113 Demum
1276 1050 1569 1114 Octobri
1623 1068 1866 1113 mense
1922 1050 2223 1113 Romam
2283 1068 2443 1113 cum
2503 1051 2846 1130 magistro
2902 1050 3117 1115 Petro

648 1157 1062 1222 Schorichio
1095 1158 1352 1220 missus
1391 1166 1529 1235 est,
1565 1158 1684 1220 ubi
1713 1175 1857 1220 non
1897 1157 2013 1220 diu
2063 1157 2213 1237 ejus
2254 1158 2529 1221 animus
2569 1159 2998 1238 conquievit,
3043 1168 3113 1221 et

648 1283 810 1328 cum
848 1263 1161 1328 Doctore
1205 1264 1515 1327 Antonio
1557 1263 1858 1342 MarinO,
1893 1262 2093 1343 cujus
2134 1265 2495 1344 ingenium
2536 1274 2604 1326 et
2648 1265 2948 1352 eruditio
2990 1284 3108 1345 po·

648 1374 790 1435 tius
819 1389 1030 1452 quam
1060 1372 1418 1452 profectus
1459 1371 1748 1451 spiritus
1786 1372 2170 1450 eminebat,
2214 1390 2257 1434 a
2303 1371 2620 1451 Collegio
2662 1390 2955 1435 romano
3004 1391 3112 1435 re-

649 1480 883 1544 cessit.
917 1480 1004 1542 Et
1035 1479 1198 1542 licet
1228 1488 1521 1558 uterque
1553 1488 1760 1558 aptus
1802 1478 1894 1540 ad
1937 1477 2460 1559 philosophiam
2490 1479 2861 1557 legendam
2899 1479 3106 1542 habe·

645 1597 864 1662 retur,
899 1596 967 1649 et
997 1586 1347 1667 posterior
1377 1586 1589 1648 etiam
1622 1586 1709 1648 ad
1742 1587 2205 1665 theologiam,
2239 1586 2414 1648 satis
2454 1586 2939 1665 ostenderunt,
2972 1587 3111 1649 nisi

647 1693 874 1762 solida
898 1692 1094 1774 jacta
1123 1693 1382 1756 fuerint
1408 1693 1905 1771 abnegationis
1930 1711 2015 1755 ac
2040 1692 2327 1772 spiritus
2350 1692 2829 1768 fundamenta,
2856 1711 3109 1773 parum

647 1801 779 1864 sibi
807 1819 1016 1881 posse
1057 1799 1489 1863 Societatem
1524 1799 1841 1878 polliceri
1886 1799 1970 1862 de
2015 1798 2416 1879 hujusmodi
2450 1801 2668 1863 etiam
2708 1801 2997 1864 eruditis
3040 1812 3111 1864 et

644 1909 1037 1988 ingeniosis
1067 1908 1468 1971 hominibus
1502 1906 1541 1969 ¹.

763 2017 904 2079 384.
993 2015 1197 2094 Quod
1226 2017 1439 2096 paulo
1474 2024 1638 2077 ante
1669 2014 1990 2077 dicebam
2031 2014 2117 2077 de
2158 2014 2458 2078 desertis
2494 2015 2852 2095 parochiis
2891 2016 2991 2078 ita
3035 2033 3112 2078 se

641 2124 875 2202 habet,
920 2123 1107 2203 quod
1155 2141 1376 2203 prope
1420 2122 1774 2185 Viennam
1823 2123 1895 2184 in
1938 2120 2393 2185 Passaviensi
2421 2123 2852 2203 Episcopatu
2884 2123 3105 2200 (Pas-

641 2249 770 2294 sao
814 2230 837 2262 ⁸
876 2232 1094 2310 vulgo
1135 2231 1430 2307 vocant)
1473 2247 1632 2292 cum
1673 2229 1825 2291 Rex
1870 2246 2327 2292 romanorum
2366 2231 2863 2309 magistratum
2913 2230 3103 2293 vien·

642 2355 931 2402 nensem
981 2346 1056 2400 ut
1105 2338 1549 2399 visitatorem
1601 2336 1939 2412 misisset,
1995 2337 2066 2398 in
2117 2336 2447 2399 inferiore
2501 2346 2701 2416 parte
2742 2336 3111 2415 Austriae,

643 2463 825 2526 quae
874 2446 1112 2507 subest
1158 2445 1227 2506 in
1273 2443 1756 2523 spiritualibus
1805 2444 2170 2523 praedicto
2222 2444 2574 2524 Episcopo
2625 2443 3099 2523 Passaviensi,

642 2554 986 2616 ducentas
1017 2562 1085 2615 et
1117 2552 1631 2631 quinquaginta
1664 2560 1966 2630 quatuor
1999 2552 2379 2631 parochias
2422 2554 2573 2615 sine
2613 2553 2753 2615 ullo
2793 2562 3102 2632 pastore,

644 2661 856 2725 immo
887 2670 955 2724 et
986 2659 1392 2736 sacerdote,
1427 2659 1717 2722 invenit.
1755 2657 1873 2723 Sic
1904 2659 2085 2722 aliae
2122 2660 2280 2723 aliis
2328 2660 2401 2724 in
2439 2661 2614 2724 locis
2653 2668 2855 2723 erant
2893 2659 3105 2741 pluri·

642 2786 799 2832 mae
839 2769 955 2832 vel
1004 2768 1154 2830 sine
1204 2767 1641 2847 pastoribus,
1695 2768 1843 2844 vel,
1899 2766 2087 2847 quod
2136 2766 2336 2848 pejus
2377 2776 2512 2846 est,
2557 2769 2790 2847 lupOS,
2834 2769 3104 2831 scilicet

639 2877 1083 2955 haeretiCOS,
1142 2877 1299 2938 loco
1367 2883 1732 2954 pastorum
1798 2874 2163 2937 habentes.
2236 2874 2413 2938 Cum
2470 2884 2704 2938 autem
2771 2876 3105 2955 Episcopi

642 2985 848 3063 alios,
883 3002 1061 3064 quos
1092 2984 1480 3061 mitterent,
1516 2983 1925 3044 sacerdotes
1956 2999 2098 3044 non
2127 2983 2501 3061 haberent,
2535 2983 2948 3062 permittunt
2985 3001 3101 3062 po·

641 3092 824 3172 pulis
852 3102 928 3155 ut
961 3091 1030 3154 id
1070 3091 1369 3169 faciant,
1414 3089 1603 3170 quod
1642 3089 1815 3169 ipsis
1856 3086 2167 3167 videtur;
2214 3098 2282 3151 et
2323 3090 2421 3152 ita
2465 3091 2826 3152 contraria
2866 3089 3100 3152 Eccle-

640 3200 789 3262 siae
821 3198 1213 3261 catholicae
1242 3197 1565 3277 plurimis
1595 3196 1665 3258 in
1695 3197 1871 3258 locis
1902 3196 2360 3275 docebantur;
2394 3196 2583 3259 vitae
2614 3206 2848 3259 autem
2871 3213 3100 3258 exem·

639 3308 835 3386 plum
863 3305 1082 3368 nihilo
1116 3305 1363 3367 melius
1392 3312 1547 3366 erat
1577 3320 1789 3383 quam
1820 3302 2179 3381 doctrina;
2213 3300 2685 3382 ludimagistri
2721 3322 2863 3366 non
2900 3313 3101 3366 erant

641 3412 1019 3476 dissimiles
1058 3411 1493 3491 pastoribus;
1541 3410 2062 3474 haereticorum
2103 3410 2319 3472 libros
2358 3411 2627 3490 passim
2672 3411 2744 3473 in
2784 3412 3118 3474 manibus·

639 3521 1018 3583 habebant.
1080 3519 1194 3582 Ad
1253 3518 1641 3581 remedium
1702 3517 1988 3598 aliquod
2055 3517 2527 3580 adhibendum
2592 3519 3103 3599 quinquaginta

631 3628 930 3708 Juvenes
980 3625 1333 3689 Viennam
1385 3625 1566 3687 mitti
1611 3624 2105 3687 Ferdinandus
2156 3623 2308 3687 Rex
2364 3623 2570 3704 Jussit
2631 3643 2721 3688 ex
2770 3625 3103 3688 Austriae

636 3736 1044 3815 provincia3
1098 3734 1222 3796 sed
1272 3749 1433 3795 cum
1483 3733 1666 3794 male
1710 3732 2011 3794 instituti
2064 3732 2531 3794 accessissent
2579 3749 2827 3795 eorum
2878 3732 3109 3811 multi,¹

637 3851 874 3904 tamen
922 3859 1062 3905 non
1113 3841 1215 3903 eis
1270 3839 1662 3902 rectoribus
1720 3832 2076 3901 commissi
2128 3849 2291 3902 sunt
2344 3839 2697 3917 Viennae,
2754 3859 2794 3902 a
2849 3841 3113 3920 quibus·

636 3949 997 4012 emendari
1026 3957 1346 4029 possent;
1380 3956 1450 4009 et
1482 3946 1580 4009 ita
1611 3963 1873 4025 magna
1905 3963 2066 4026 spes
2096 3963 2238 4009 non
2269 3956 2421 4010 erat
2453 3946 2640 4026 quod
2672 3948 2742 4009 in
2774 3948 3100 4010 sacerdo-

634 4065 741 4119 tes
763 4066 998 4119 essent
1029 4056 1386 4133 evassuri,
1420 4056 1652 4118 minus
1682 4054 1923 4135 utique
1953 4054 2025 4116 in
2053 4054 2277 4117 bonos
2316 4064 2384 4117 et
2428 4054 2668 4117 fideles
2709 4056 3097 4135 operarios,

633 4163 985 4228 Dicebant
1014 4180 1256 4226 eorum
1288 4162 1602 4242 quidam:
1639 4162 1805 4242 quid
1834 4161 2048 4224 vultis
2079 4161 2325 4225 audire
2356 4163 2735 4225 conciones
2775 4162 3101 4241 magistri

633 4272 942 4336 Canisii?
970 4272 1250 4352 papista
1282 4279 1409 4333 est.
1444 4269 1532 4332 Et
1561 4269 1738 4332 haec
1770 4278 1925 4331 erat
1967 4269 2151 4332 ratio
2195 4287 2322 4333 cur
2365 4269 2581 4349 aliqui
2630 4286 2792 4332 eum
2836 4271 3101 4333 nollent

633 4380 898 4442 audire.
961 4377 1163 4442 Unde
1224 4377 1451 4440 videri
1506 4386 1739 4457 potest
1797 4377 2428 4456 congregationem
2473 4375 2815 4456 juvenum
2868 4376 3105 4458 hujus·

724 4662 740 4693 ¹
795 4661 927 4703 Vide
947 4671 1104 4713 supra
1128 4659 1192 4701 ad
1216 4671 1350 4701 num.
1372 4658 1466 4700 363.

718 4735 740 4764 ἱ
795 4731 896 4785 Sic,
918 4743 1011 4785 pro
1034 4731 1261 4773 Passau.
