<?xml version="1.0" encoding="UTF-8"?>
<!DOCTYPE html PUBLIC "-//W3C//DTD XHTML 1.0 Transitional//EN"
    "http://www.w3.org/TR/xhtml1/DTD/xhtml1-transitional.dtd">
<html xmlns="http://www.w3.org/1999/xhtml" xml:lang="en" lang="en">
 <head>
  <title>
</title>
<meta http-equiv="Content-Type" content="text/html;charset=utf-8" />
  <meta name='ocr-system' content='tesseract 3.04.00' />
  <meta name='ocr-capabilities' content='ocr_page ocr_carea ocr_par ocr_line ocrx_word'/>
</head>
<body>
  <div class='ocr_page' id='page_1' title='image "./vitaignatiiloio03polagoog_0444.png"; bbox 0 0 3679 5414; ppageno 0'>
   <div class='ocr_carea' id='block_1_1' title="bbox 646 440 2205 520">
    <p class='ocr_par' dir='ltr' id='par_1_1' title="bbox 646 440 2205 520">
     <span class='ocr_line' id='line_1_1' title="bbox 646 440 2205 520; baseline 0.002 -21"><span class='ocrx_word' id='word_1_1' title='bbox 646 440 757 499; x_wconf 81' lang='lat'>438</span> <span class='ocrx_word' id='word_1_2' title='bbox 1571 444 1826 504; x_wconf 80' lang='lat' dir='ltr'>CHRON.</span> <span class='ocrx_word' id='word_1_3' title='bbox 1869 445 2025 505; x_wconf 87' lang='lat' dir='ltr'><strong>Soc.</strong></span> <span class='ocrx_word' id='word_1_4' title='bbox 2067 448 2205 520; x_wconf 75' lang='lat' dir='ltr'>Jsss.</span> 
     </span>
    </p>
   </div>
   <div class='ocr_carea' id='block_1_2' title="bbox 638 586 3120 4433">
    <p class='ocr_par' dir='ltr' id='par_1_2' title="bbox 641 586 3119 1750">
     <span class='ocr_line' id='line_1_2' title="bbox 641 586 3119 679; baseline 0.006 -31"><span class='ocrx_word' id='word_1_5' title='bbox 641 587 897 649; x_wconf 87' lang='lat' dir='ltr'>saltem</span> <span class='ocrx_word' id='word_1_6' title='bbox 926 586 999 649; x_wconf 96' lang='lat' dir='ltr'>in</span> <span class='ocrx_word' id='word_1_7' title='bbox 1027 587 1338 666; x_wconf 84' lang='lat' dir='ltr'>gratiam</span> <span class='ocrx_word' id='word_1_8' title='bbox 1378 589 1769 652; x_wconf 90' lang='lat' dir='ltr'>amicorum</span> <span class='ocrx_word' id='word_1_9' title='bbox 1807 590 2166 672; x_wconf 85' lang='lat' dir='ltr'>ederetur,</span> <span class='ocrx_word' id='word_1_10' title='bbox 2209 611 2387 673; x_wconf 90' lang='lat' dir='ltr'>quos</span> <span class='ocrx_word' id='word_1_11' title='bbox 2418 597 2646 658; x_wconf 80' lang='lat' dir='ltr'>nostri</span> <span class='ocrx_word' id='word_1_12' title='bbox 2678 595 2825 676; x_wconf 88' lang='lat' dir='ltr'>jam</span> <span class='ocrx_word' id='word_1_13' title='bbox 2865 616 3119 679; x_wconf 92' lang='lat' dir='ltr'>suppu-</span> 
     </span>
     <span class='ocr_line' id='line_1_3' title="bbox 643 693 3111 773; baseline 0.006 -18"><span class='ocrx_word' id='word_1_14' title='bbox 643 693 885 773; x_wconf 88' lang='lat' dir='ltr'>debat,</span> <span class='ocrx_word' id='word_1_15' title='bbox 920 695 1087 758; x_wconf 90' lang='lat' dir='ltr'>dum</span> <span class='ocrx_word' id='word_1_16' title='bbox 1118 696 1215 758; x_wconf 90' lang='lat' dir='ltr'>illi</span> <span class='ocrx_word' id='word_1_17' title='bbox 1244 697 1759 760; x_wconf 84' lang='lat' dir='ltr'>obtrectatores</span> <span class='ocrx_word' id='word_1_18' title='bbox 1787 710 2193 763; x_wconf 90' lang='lat' dir='ltr'>nostrorum</span> <span class='ocrx_word' id='word_1_19' title='bbox 2233 702 2588 766; x_wconf 89' lang='lat' dir='ltr'>inscitiam</span> <span class='ocrx_word' id='word_1_20' title='bbox 2626 705 3111 769; x_wconf 83' lang='lat' dir='ltr'>traducerent.</span> 
     </span>
     <span class='ocr_line' id='line_1_4' title="bbox 644 801 3115 884; baseline 0.006 -21"><span class='ocrx_word' id='word_1_21' title='bbox 644 801 1041 881; x_wconf 86' lang='lat' dir='ltr'>InJ&#39;unctum</span> <span class='ocrx_word' id='word_1_22' title='bbox 1098 815 1205 867; x_wconf 92' lang='lat' dir='ltr'>est</span> <span class='ocrx_word' id='word_1_23' title='bbox 1272 821 1446 883; x_wconf 88' lang='lat' dir='ltr'>ergo</span> <span class='ocrx_word' id='word_1_24' title='bbox 1517 806 1862 884; x_wconf 86' lang='lat' dir='ltr'>magistro</span> <span class='ocrx_word' id='word_1_25' title='bbox 1929 808 2301 872; x_wconf 90' lang='lat' dir='ltr'>Edmundo</span> <span class='ocrx_word' id='word_1_26' title='bbox 2365 811 2658 874; x_wconf 89' lang='lat' dir='ltr'>latinam</span> <span class='ocrx_word' id='word_1_27' title='bbox 2721 814 3115 877; x_wconf 90' lang='lat' dir='ltr'>orationem</span> 
     </span>
     <span class='ocr_line' id='line_1_5' title="bbox 643 913 3118 998; baseline 0.006 -27"><span class='ocrx_word' id='word_1_28' title='bbox 643 928 1098 990; x_wconf 89' lang='lat' dir='ltr'>praeparare,</span> <span class='ocrx_word' id='word_1_29' title='bbox 1135 928 1348 990; x_wconf 89' lang='lat' dir='ltr'>quam</span> <span class='ocrx_word' id='word_1_30' title='bbox 1377 913 1713 976; x_wconf 89' lang='lat' dir='ltr'>Vicarius</span> <span class='ocrx_word' id='word_1_31' title='bbox 1744 915 1815 976; x_wconf 91' lang='lat' dir='ltr'>in</span> <span class='ocrx_word' id='word_1_32' title='bbox 1849 933 2123 978; x_wconf 88' lang='lat' dir='ltr'>summo</span> <span class='ocrx_word' id='word_1_33' title='bbox 2153 919 2447 997; x_wconf 90' lang='lat' dir='ltr'>temp10,</span> <span class='ocrx_word' id='word_1_34' title='bbox 2477 920 2972 998; x_wconf 89' lang='lat' dir='ltr'>praesentibus</span> <span class='ocrx_word' id='word_1_35' title='bbox 3003 940 3118 985; x_wconf 90' lang='lat' dir='ltr'>ca-</span> 
     </span>
     <span class='ocr_line' id='line_1_6' title="bbox 645 1018 3118 1108; baseline 0.006 -30"><span class='ocrx_word' id='word_1_36' title='bbox 645 1018 949 1093; x_wconf 81' lang='lat' dir='ltr'>noniciS‚</span> <span class='ocrx_word' id='word_1_37' title='bbox 985 1019 1393 1082; x_wconf 91' lang='lat' dir='ltr'>doctoribus</span> <span class='ocrx_word' id='word_1_38' title='bbox 1423 1029 1491 1082; x_wconf 92' lang='lat' dir='ltr'>et</span> <span class='ocrx_word' id='word_1_39' title='bbox 1528 1037 1671 1083; x_wconf 91' lang='lat' dir='ltr'>non</span> <span class='ocrx_word' id='word_1_40' title='bbox 1709 1023 1961 1102; x_wconf 84' lang='lat' dir='ltr'>paucis</span> <span class='ocrx_word' id='word_1_41' title='bbox 2001 1042 2089 1086; x_wconf 84' lang='lat' dir='ltr'>ex</span> <span class='ocrx_word' id='word_1_42' title='bbox 2128 1024 2559 1104; x_wconf 90' lang='lat' dir='ltr'>primoribus</span> <span class='ocrx_word' id='word_1_43' title='bbox 2591 1026 2885 1107; x_wconf 85' lang='lat' dir='ltr'>civium,</span> <span class='ocrx_word' id='word_1_44' title='bbox 2917 1047 3118 1108; x_wconf 90' lang='lat' dir='ltr'>prae-</span> 
     </span>
     <span class='ocr_line' id='line_1_7' title="bbox 648 1126 3115 1214; baseline 0.005 -27"><span class='ocrx_word' id='word_1_45' title='bbox 648 1136 757 1188; x_wconf 92' lang='lat' dir='ltr'>ter</span> <span class='ocrx_word' id='word_1_46' title='bbox 785 1126 1145 1189; x_wconf 91' lang='lat' dir='ltr'>studiosos</span> <span class='ocrx_word' id='word_1_47' title='bbox 1175 1126 1321 1189; x_wconf 90' lang='lat' dir='ltr'>fere</span> <span class='ocrx_word' id='word_1_48' title='bbox 1352 1145 1598 1191; x_wconf 92' lang='lat' dir='ltr'>omnes</span> <span class='ocrx_word' id='word_1_49' title='bbox 1640 1127 2078 1193; x_wconf 89' lang='lat' dir='ltr'>Academiae</span> <span class='ocrx_word' id='word_1_50' title='bbox 2109 1131 2515 1212; x_wconf 78' lang='lat' dir='ltr'>Perusinae,</span> <span class='ocrx_word' id='word_1_51' title='bbox 2549 1134 2837 1197; x_wconf 89' lang='lat' dir='ltr'>recitari</span> <span class='ocrx_word' id='word_1_52' title='bbox 2867 1136 3115 1214; x_wconf 87' lang='lat' dir='ltr'>voluit;</span> 
     </span>
     <span class='ocr_line' id='line_1_8' title="bbox 647 1234 3116 1323; baseline 0.003 -25"><span class='ocrx_word' id='word_1_53' title='bbox 647 1235 865 1314; x_wconf 90' lang='lat' dir='ltr'>quod,</span> <span class='ocrx_word' id='word_1_54' title='bbox 899 1235 1054 1298; x_wconf 93' lang='lat' dir='ltr'>Deo</span> <span class='ocrx_word' id='word_1_55' title='bbox 1078 1234 1405 1315; x_wconf 77' lang='lat' dir='ltr'>Juvante,</span> <span class='ocrx_word' id='word_1_56' title='bbox 1441 1245 1589 1299; x_wconf 88' lang='lat' dir='ltr'>tam</span> <span class='ocrx_word' id='word_1_57' title='bbox 1617 1238 1795 1300; x_wconf 92' lang='lat' dir='ltr'>bene</span> <span class='ocrx_word' id='word_1_58' title='bbox 1826 1239 2039 1300; x_wconf 90' lang='lat' dir='ltr'>cessit</span> <span class='ocrx_word' id='word_1_59' title='bbox 2070 1247 2147 1301; x_wconf 92' lang='lat' dir='ltr'>ut</span> <span class='ocrx_word' id='word_1_60' title='bbox 2177 1250 2460 1319; x_wconf 90' lang='lat' dir='ltr'>praeter</span> <span class='ocrx_word' id='word_1_61' title='bbox 2492 1258 2706 1321; x_wconf 89' lang='lat' dir='ltr'>quam</span> <span class='ocrx_word' id='word_1_62' title='bbox 2737 1242 2923 1323; x_wconf 91' lang='lat' dir='ltr'>quod</span> <span class='ocrx_word' id='word_1_63' title='bbox 2949 1245 3116 1306; x_wconf 91' lang='lat' dir='ltr'>ami·</span> 
     </span>
     <span class='ocr_line' id='line_1_9' title="bbox 643 1344 3116 1431; baseline 0.003 -25"><span class='ocrx_word' id='word_1_64' title='bbox 643 1344 749 1406; x_wconf 90' lang='lat' dir='ltr'>cis</span> <span class='ocrx_word' id='word_1_65' title='bbox 780 1344 1226 1407; x_wconf 86' lang='lat' dir='ltr'>satisfactum</span> <span class='ocrx_word' id='word_1_66' title='bbox 1254 1354 1393 1423; x_wconf 90' lang='lat' dir='ltr'>est,</span> <span class='ocrx_word' id='word_1_67' title='bbox 1427 1346 1745 1424; x_wconf 89' lang='lat' dir='ltr'>plerique</span> <span class='ocrx_word' id='word_1_68' title='bbox 1775 1346 2255 1409; x_wconf 89' lang='lat' dir='ltr'>studiosorum</span> <span class='ocrx_word' id='word_1_69' title='bbox 2286 1356 2355 1409; x_wconf 94' lang='lat' dir='ltr'>et</span> <span class='ocrx_word' id='word_1_70' title='bbox 2384 1349 2671 1427; x_wconf 90' lang='lat' dir='ltr'>quidam</span> <span class='ocrx_word' id='word_1_71' title='bbox 2699 1368 2842 1412; x_wconf 92' lang='lat' dir='ltr'>non</span> <span class='ocrx_word' id='word_1_72' title='bbox 2871 1351 3116 1431; x_wconf 82' lang='lat' dir='ltr'>vulga·</span> 
     </span>
     <span class='ocr_line' id='line_1_10' title="bbox 648 1452 3118 1536; baseline 0.002 -21"><span class='ocrx_word' id='word_1_73' title='bbox 648 1454 822 1515; x_wconf 90' lang='lat' dir='ltr'>riter</span> <span class='ocrx_word' id='word_1_74' title='bbox 850 1452 1040 1515; x_wconf 91' lang='lat' dir='ltr'>docti</span> <span class='ocrx_word' id='word_1_75' title='bbox 1072 1453 1468 1515; x_wconf 87' lang='lat' dir='ltr'>orationem</span> <span class='ocrx_word' id='word_1_76' title='bbox 1497 1453 1689 1515; x_wconf 91' lang='lat' dir='ltr'>illam</span> <span class='ocrx_word' id='word_1_77' title='bbox 1717 1454 2332 1517; x_wconf 86' lang='lat' dir='ltr'>transcribendam</span> <span class='ocrx_word' id='word_1_78' title='bbox 2361 1472 2573 1535; x_wconf 91' lang='lat' dir='ltr'>saepe</span> <span class='ocrx_word' id='word_1_79' title='bbox 2602 1473 2867 1536; x_wconf 89' lang='lat' dir='ltr'>magno</span> <span class='ocrx_word' id='word_1_80' title='bbox 2901 1459 3118 1521; x_wconf 89' lang='lat' dir='ltr'>animi</span> 
     </span>
     <span class='ocr_line' id='line_1_11' title="bbox 648 1560 3114 1643; baseline 0.002 -20"><span class='ocrx_word' id='word_1_81' title='bbox 648 1560 907 1623; x_wconf 87' lang='lat' dir='ltr'>affectu</span> <span class='ocrx_word' id='word_1_82' title='bbox 938 1560 1413 1640; x_wconf 88' lang='lat' dir='ltr'>postularent,</span> <span class='ocrx_word' id='word_1_83' title='bbox 1448 1568 1518 1622; x_wconf 94' lang='lat' dir='ltr'>et</span> <span class='ocrx_word' id='word_1_84' title='bbox 1555 1560 1769 1623; x_wconf 88' lang='lat' dir='ltr'>etiam</span> <span class='ocrx_word' id='word_1_85' title='bbox 1809 1561 2315 1641; x_wconf 84' lang='lat' dir='ltr'>ludimagistri,</span> <span class='ocrx_word' id='word_1_86' title='bbox 2350 1563 2604 1642; x_wconf 91' lang='lat' dir='ltr'>quibus</span> <span class='ocrx_word' id='word_1_87' title='bbox 2646 1565 2933 1627; x_wconf 91' lang='lat' dir='ltr'>minime</span> <span class='ocrx_word' id='word_1_88' title='bbox 2972 1566 3114 1643; x_wconf 90' lang='lat' dir='ltr'>pla-</span> 
     </span>
     <span class='ocr_line' id='line_1_12' title="bbox 645 1669 3112 1750; baseline 0.001 -20"><span class='ocrx_word' id='word_1_89' title='bbox 645 1679 895 1731; x_wconf 88' lang='lat' dir='ltr'>cuerat</span> <span class='ocrx_word' id='word_1_90' title='bbox 925 1686 1225 1748; x_wconf 86' lang='lat' dir='ltr'>prosper</span> <span class='ocrx_word' id='word_1_91' title='bbox 1264 1669 1378 1730; x_wconf 90' lang='lat' dir='ltr'>hic</span> <span class='ocrx_word' id='word_1_92' title='bbox 1422 1685 1829 1748; x_wconf 77' lang='lat' dir='ltr'>successu5,</span> <span class='ocrx_word' id='word_1_93' title='bbox 1876 1669 2274 1732; x_wconf 91' lang='lat' dir='ltr'>orationem</span> <span class='ocrx_word' id='word_1_94' title='bbox 2317 1672 2624 1749; x_wconf 89' lang='lat' dir='ltr'>probare</span> <span class='ocrx_word' id='word_1_95' title='bbox 2662 1682 3112 1750; x_wconf 85' lang='lat' dir='ltr'>cogerentur.</span> 
     </span>
    </p>

    <p class='ocr_par' dir='ltr' id='par_1_3' title="bbox 640 1775 3117 3238">
     <span class='ocr_line' id='line_1_13' title="bbox 764 1775 3115 1865; baseline 0.003 -29"><span class='ocrx_word' id='word_1_96' title='bbox 764 1775 865 1838; x_wconf 89' lang='grc'>49.</span> <span class='ocrx_word' id='word_1_97' title='bbox 950 1776 1079 1837; x_wconf 89' lang='lat' dir='ltr'>His</span> <span class='ocrx_word' id='word_1_98' title='bbox 1102 1785 1507 1839; x_wconf 89' lang='lat' dir='ltr'>nostrorum</span> <span class='ocrx_word' id='word_1_99' title='bbox 1528 1776 2157 1865; x_wconf 84' lang='lat' dir='ltr'>exercitationibus</span> <span class='ocrx_word' id='word_1_100' title='bbox 2179 1796 2323 1840; x_wconf 91' lang='lat' dir='ltr'>non</span> <span class='ocrx_word' id='word_1_101' title='bbox 2339 1796 2593 1858; x_wconf 89' lang='lat' dir='ltr'>parum</span> <span class='ocrx_word' id='word_1_102' title='bbox 2612 1779 2828 1842; x_wconf 91' lang='lat' dir='ltr'>animi</span> <span class='ocrx_word' id='word_1_103' title='bbox 2853 1781 3115 1844; x_wconf 78' lang='lat' dir='ltr'>civium</span> 
     </span>
     <span class='ocr_line' id='line_1_14' title="bbox 643 1883 3115 1962; baseline 0.002 -17"><span class='ocrx_word' id='word_1_104' title='bbox 643 1899 819 1962; x_wconf 92' lang='lat' dir='ltr'>erga</span> <span class='ocrx_word' id='word_1_105' title='bbox 869 1883 1300 1946; x_wconf 88' lang='lat' dir='ltr'>Societatem</span> <span class='ocrx_word' id='word_1_106' title='bbox 1340 1883 1857 1961; x_wconf 89' lang='lat' dir='ltr'>afficiebantur,</span> <span class='ocrx_word' id='word_1_107' title='bbox 1913 1894 1980 1946; x_wconf 90' lang='lat' dir='ltr'>et</span> <span class='ocrx_word' id='word_1_108' title='bbox 2031 1885 2181 1947; x_wconf 92' lang='lat' dir='ltr'>sine</span> <span class='ocrx_word' id='word_1_109' title='bbox 2221 1894 2628 1948; x_wconf 90' lang='lat' dir='ltr'>nostrorum</span> <span class='ocrx_word' id='word_1_110' title='bbox 2672 1887 2914 1949; x_wconf 89' lang='lat' dir='ltr'>labore</span> <span class='ocrx_word' id='word_1_111' title='bbox 2965 1888 3115 1951; x_wconf 89' lang='lat' dir='ltr'>Col·</span> 
     </span>
     <span class='ocr_line' id='line_1_15' title="bbox 651 1991 3117 2074; baseline 0.002 -20"><span class='ocrx_word' id='word_1_112' title='bbox 651 1992 917 2070; x_wconf 86' lang='lat' dir='ltr'>legium</span> <span class='ocrx_word' id='word_1_113' title='bbox 959 1992 1261 2069; x_wconf 88' lang='lat' dir='ltr'>alebant,</span> <span class='ocrx_word' id='word_1_114' title='bbox 1297 2000 1363 2054; x_wconf 92' lang='lat' dir='ltr'>et</span> <span class='ocrx_word' id='word_1_115' title='bbox 1393 1991 1742 2070; x_wconf 86' lang='lat' dir='ltr'>quaedam</span> <span class='ocrx_word' id='word_1_116' title='bbox 1787 1991 2360 2071; x_wconf 88' lang='lat' dir='ltr'>confraternitas,</span> <span class='ocrx_word' id='word_1_117' title='bbox 2397 2010 2577 2073; x_wconf 91' lang='lat' dir='ltr'>quae</span> <span class='ocrx_word' id='word_1_118' title='bbox 2610 2004 3117 2074; x_wconf 86' lang='lat' dir='ltr'>praeceptores</span> 
     </span>
     <span class='ocr_line' id='line_1_16' title="bbox 643 2099 3117 2180; baseline 0.002 -19"><span class='ocrx_word' id='word_1_119' title='bbox 643 2099 1086 2179; x_wconf 86' lang='lat' dir='ltr'>juventutem</span> <span class='ocrx_word' id='word_1_120' title='bbox 1112 2100 1557 2161; x_wconf 90' lang='lat' dir='ltr'>instituentes</span> <span class='ocrx_word' id='word_1_121' title='bbox 1600 2101 1791 2161; x_wconf 91' lang='lat' dir='ltr'>alere</span> <span class='ocrx_word' id='word_1_122' title='bbox 1816 2100 2111 2178; x_wconf 89' lang='lat' dir='ltr'>solebat,</span> <span class='ocrx_word' id='word_1_123' title='bbox 2141 2117 2344 2162; x_wconf 90' lang='lat' dir='ltr'>suam</span> <span class='ocrx_word' id='word_1_124' title='bbox 2376 2118 2672 2180; x_wconf 90' lang='lat' dir='ltr'>operam</span> <span class='ocrx_word' id='word_1_125' title='bbox 2715 2102 2804 2164; x_wconf 88' lang='lat' dir='ltr'>ad</span> <span class='ocrx_word' id='word_1_126' title='bbox 2833 2111 3117 2166; x_wconf 89' lang='lat' dir='ltr'>nostros</span> 
     </span>
     <span class='ocr_line' id='line_1_17' title="bbox 648 2206 3114 2282; baseline 0.002 -12"><span class='ocrx_word' id='word_1_127' title='bbox 648 2207 939 2270; x_wconf 88' lang='lat' dir='ltr'>alendos</span> <span class='ocrx_word' id='word_1_128' title='bbox 972 2206 1351 2282; x_wconf 89' lang='lat' dir='ltr'>obtulerat,</span> <span class='ocrx_word' id='word_1_129' title='bbox 1387 2216 1454 2269; x_wconf 93' lang='lat' dir='ltr'>et</span> <span class='ocrx_word' id='word_1_130' title='bbox 1486 2224 1690 2269; x_wconf 90' lang='lat' dir='ltr'>suam</span> <span class='ocrx_word' id='word_1_131' title='bbox 1719 2208 1933 2269; x_wconf 91' lang='lat' dir='ltr'>etiam</span> <span class='ocrx_word' id='word_1_132' title='bbox 1970 2207 2231 2270; x_wconf 92' lang='lat' dir='ltr'>bonam</span> <span class='ocrx_word' id='word_1_133' title='bbox 2271 2210 2712 2272; x_wconf 83' lang='lat' dir='ltr'>voluntatem</span> <span class='ocrx_word' id='word_1_134' title='bbox 2743 2228 3114 2274; x_wconf 89' lang='lat' dir='ltr'>munuscu-</span> 
     </span>
     <span class='ocr_line' id='line_1_18' title="bbox 647 2314 3113 2394; baseline 0.001 -17"><span class='ocrx_word' id='word_1_135' title='bbox 647 2316 734 2377; x_wconf 90' lang='lat' dir='ltr'>lis</span> <span class='ocrx_word' id='word_1_136' title='bbox 764 2314 853 2376; x_wconf 88' lang='lat' dir='ltr'>ad</span> <span class='ocrx_word' id='word_1_137' title='bbox 876 2323 1157 2377; x_wconf 88' lang='lat' dir='ltr'>nostros</span> <span class='ocrx_word' id='word_1_138' title='bbox 1183 2314 1418 2376; x_wconf 90' lang='lat' dir='ltr'>missis</span> <span class='ocrx_word' id='word_1_139' title='bbox 1440 2315 1885 2377; x_wconf 88' lang='lat' dir='ltr'>testabantur</span> <span class='ocrx_word' id='word_1_140' title='bbox 1917 2332 1930 2394; x_wconf 84' lang='lat'>3</span> <span class='ocrx_word' id='word_1_141' title='bbox 1957 2332 2139 2394; x_wconf 88' lang='lat' dir='ltr'>quae</span> <span class='ocrx_word' id='word_1_142' title='bbox 2162 2324 2402 2378; x_wconf 89' lang='lat' dir='ltr'>tamen</span> <span class='ocrx_word' id='word_1_143' title='bbox 2426 2316 2514 2378; x_wconf 89' lang='lat' dir='ltr'>ab</span> <span class='ocrx_word' id='word_1_144' title='bbox 2549 2318 2650 2378; x_wconf 88' lang='lat' dir='ltr'>eis</span> <span class='ocrx_word' id='word_1_145' title='bbox 2691 2335 2831 2378; x_wconf 91' lang='lat' dir='ltr'>non</span> <span class='ocrx_word' id='word_1_146' title='bbox 2870 2318 3113 2381; x_wconf 89' lang='lat' dir='ltr'>admit·</span> 
     </span>
     <span class='ocr_line' id='line_1_19' title="bbox 647 2421 3113 2501; baseline 0.001 -17"><span class='ocrx_word' id='word_1_147' title='bbox 647 2423 1008 2498; x_wconf 85' lang='lat' dir='ltr'>tebantur,</span> <span class='ocrx_word' id='word_1_148' title='bbox 1054 2421 1307 2500; x_wconf 89' lang='lat' dir='ltr'>quibus</span> <span class='ocrx_word' id='word_1_149' title='bbox 1354 2422 1752 2500; x_wconf 89' lang='lat' dir='ltr'>spiritualia</span> <span class='ocrx_word' id='word_1_150' title='bbox 1782 2422 2006 2484; x_wconf 89' lang='lat' dir='ltr'>nostri</span> <span class='ocrx_word' id='word_1_151' title='bbox 2046 2423 2700 2501; x_wconf 81' lang='lat' dir='ltr'>communicabant3</span> <span class='ocrx_word' id='word_1_152' title='bbox 2736 2424 2836 2486; x_wconf 92' lang='lat' dir='ltr'>illi</span> <span class='ocrx_word' id='word_1_153' title='bbox 2878 2437 3113 2487; x_wconf 90' lang='lat' dir='ltr'>tamen</span> 
     </span>
     <span class='ocr_line' id='line_1_20' title="bbox 644 2526 3112 2611; baseline 0.001 -20"><span class='ocrx_word' id='word_1_154' title='bbox 644 2531 850 2609; x_wconf 89' lang='lat' dir='ltr'>quasi</span> <span class='ocrx_word' id='word_1_155' title='bbox 879 2548 968 2592; x_wconf 84' lang='lat' dir='ltr'>ex</span> <span class='ocrx_word' id='word_1_156' title='bbox 997 2528 1273 2591; x_wconf 91' lang='lat' dir='ltr'>insidiis</span> <span class='ocrx_word' id='word_1_157' title='bbox 1302 2529 1653 2607; x_wconf 90' lang='lat' dir='ltr'>quaedam</span> <span class='ocrx_word' id='word_1_158' title='bbox 1682 2531 1797 2591; x_wconf 84' lang='lat' dir='ltr'>vel</span> <span class='ocrx_word' id='word_1_159' title='bbox 1823 2526 2225 2608; x_wconf 89' lang='lat' dir='ltr'>jactabant,</span> <span class='ocrx_word' id='word_1_160' title='bbox 2260 2532 2375 2592; x_wconf 81' lang='lat' dir='ltr'>vel</span> <span class='ocrx_word' id='word_1_161' title='bbox 2416 2530 2606 2592; x_wconf 89' lang='lat' dir='ltr'>domi</span> <span class='ocrx_word' id='word_1_162' title='bbox 2636 2531 3112 2611; x_wconf 91' lang='lat' dir='ltr'>relinquentes</span> 
     </span>
     <span class='ocr_line' id='line_1_21' title="bbox 642 2637 3112 2718; baseline 0 -18"><span class='ocrx_word' id='word_1_163' title='bbox 642 2639 882 2700; x_wconf 85' lang='lat' dir='ltr'>statim</span> <span class='ocrx_word' id='word_1_164' title='bbox 924 2637 1382 2711; x_wconf 85' lang='lat' dir='ltr'>recedebant,</span> <span class='ocrx_word' id='word_1_165' title='bbox 1429 2654 1518 2698; x_wconf 91' lang='lat' dir='ltr'>ne</span> <span class='ocrx_word' id='word_1_166' title='bbox 1561 2638 1824 2699; x_wconf 89' lang='lat' dir='ltr'>remitti</span> <span class='ocrx_word' id='word_1_167' title='bbox 1867 2646 2178 2718; x_wconf 91' lang='lat' dir='ltr'>possent.</span> <span class='ocrx_word' id='word_1_168' title='bbox 2228 2638 2426 2716; x_wconf 85' lang='lat' dir='ltr'>Quae</span> <span class='ocrx_word' id='word_1_169' title='bbox 2476 2639 2567 2700; x_wconf 85' lang='lat' dir='ltr'>ad</span> <span class='ocrx_word' id='word_1_170' title='bbox 2606 2639 3112 2718; x_wconf 87' lang='lat' dir='ltr'>supellectilem</span> 
     </span>
     <span class='ocr_line' id='line_1_22' title="bbox 643 2745 3109 2826; baseline 0 -17"><span class='ocrx_word' id='word_1_171' title='bbox 643 2747 855 2809; x_wconf 91' lang='lat' dir='ltr'>etiam</span> <span class='ocrx_word' id='word_1_172' title='bbox 897 2745 1148 2807; x_wconf 92' lang='lat' dir='ltr'>domus</span> <span class='ocrx_word' id='word_1_173' title='bbox 1189 2745 1669 2807; x_wconf 89' lang='lat' dir='ltr'>necessariam</span> <span class='ocrx_word' id='word_1_174' title='bbox 1707 2746 2188 2825; x_wconf 90' lang='lat' dir='ltr'>pertinebant,</span> <span class='ocrx_word' id='word_1_175' title='bbox 2238 2746 2372 2807; x_wconf 86' lang='lat' dir='ltr'>hac</span> <span class='ocrx_word' id='word_1_176' title='bbox 2419 2745 2694 2808; x_wconf 91' lang='lat' dir='ltr'>ratione</span> <span class='ocrx_word' id='word_1_177' title='bbox 2740 2756 2901 2809; x_wconf 90' lang='lat' dir='ltr'>sunt</span> <span class='ocrx_word' id='word_1_178' title='bbox 2955 2765 3109 2826; x_wconf 90' lang='lat' dir='ltr'>sup-</span> 
     </span>
     <span class='ocr_line' id='line_1_23' title="bbox 640 2851 3102 2934; baseline 0.001 -20"><span class='ocrx_word' id='word_1_179' title='bbox 640 2852 985 2931; x_wconf 85' lang='lat' dir='ltr'>peditata3</span> <span class='ocrx_word' id='word_1_180' title='bbox 1020 2862 1124 2930; x_wconf 90' lang='lat' dir='ltr'>et,</span> <span class='ocrx_word' id='word_1_181' title='bbox 1160 2870 1321 2915; x_wconf 90' lang='lat' dir='ltr'>cum</span> <span class='ocrx_word' id='word_1_182' title='bbox 1350 2853 1575 2914; x_wconf 88' lang='lat' dir='ltr'>nostri</span> <span class='ocrx_word' id='word_1_183' title='bbox 1606 2861 2094 2931; x_wconf 86' lang='lat' dir='ltr'>aegrotarent,</span> <span class='ocrx_word' id='word_1_184' title='bbox 2133 2851 2456 2915; x_wconf 88' lang='lat' dir='ltr'>adductis</span> <span class='ocrx_word' id='word_1_185' title='bbox 2485 2854 2778 2916; x_wconf 87' lang='lat' dir='ltr'>medicis</span> <span class='ocrx_word' id='word_1_186' title='bbox 2800 2863 2866 2916; x_wconf 90' lang='lat' dir='ltr'>et</span> <span class='ocrx_word' id='word_1_187' title='bbox 2898 2856 3102 2934; x_wconf 89' lang='lat' dir='ltr'>phar-</span> 
     </span>
     <span class='ocr_line' id='line_1_24' title="bbox 640 2959 3106 3039; baseline 0.001 -17"><span class='ocrx_word' id='word_1_188' title='bbox 640 2959 1060 3038; x_wconf 87' lang='lat' dir='ltr'>macopolis,</span> <span class='ocrx_word' id='word_1_189' title='bbox 1097 2959 1505 3038; x_wconf 87' lang='lat' dir='ltr'>diligentem</span> <span class='ocrx_word' id='word_1_190' title='bbox 1535 2977 1781 3022; x_wconf 88' lang='lat' dir='ltr'>eorum</span> <span class='ocrx_word' id='word_1_191' title='bbox 1810 2977 2058 3022; x_wconf 89' lang='lat' dir='ltr'>curam</span> <span class='ocrx_word' id='word_1_192' title='bbox 2094 2960 2471 3022; x_wconf 89' lang='lat' dir='ltr'>habebant.</span> <span class='ocrx_word' id='word_1_193' title='bbox 2506 2960 2693 3022; x_wconf 88' lang='lat' dir='ltr'>Inter</span> <span class='ocrx_word' id='word_1_194' title='bbox 2725 2961 3106 3039; x_wconf 88' lang='lat' dir='ltr'>primarios</span> 
     </span>
     <span class='ocr_line' id='line_1_25' title="bbox 642 3066 3110 3147; baseline 0.001 -18"><span class='ocrx_word' id='word_1_195' title='bbox 642 3067 910 3129; x_wconf 88' lang='lat' dir='ltr'>amicos</span> <span class='ocrx_word' id='word_1_196' title='bbox 959 3066 1337 3129; x_wconf 87' lang='lat' dir='ltr'>Societatis</span> <span class='ocrx_word' id='word_1_197' title='bbox 1387 3067 1525 3129; x_wconf 91' lang='lat' dir='ltr'>duo</span> <span class='ocrx_word' id='word_1_198' title='bbox 1584 3067 1946 3143; x_wconf 79' lang='lat' dir='ltr'>doctoreS,</span> <span class='ocrx_word' id='word_1_199' title='bbox 2003 3067 2248 3147; x_wconf 91' lang='lat' dir='ltr'>optimi</span> <span class='ocrx_word' id='word_1_200' title='bbox 2297 3068 2468 3145; x_wconf 81' lang='lat' dir='ltr'>viri,</span> <span class='ocrx_word' id='word_1_201' title='bbox 2525 3079 2759 3144; x_wconf 89' lang='lat' dir='ltr'>erant,</span> <span class='ocrx_word' id='word_1_202' title='bbox 2815 3069 3110 3145; x_wconf 91' lang='lat' dir='ltr'>scilicet,</span> 
     </span>
     <span class='ocr_line' id='line_1_26' title="bbox 644 3174 2664 3238; baseline -0.001 -2"><span class='ocrx_word' id='word_1_203' title='bbox 644 3174 1062 3237; x_wconf 88' lang='lat' dir='ltr'>Guilielmus</span> <span class='ocrx_word' id='word_1_204' title='bbox 1092 3174 1456 3237; x_wconf 88' lang='lat' dir='ltr'>Pontanus</span> <span class='ocrx_word' id='word_1_205' title='bbox 1486 3185 1551 3237; x_wconf 88' lang='lat' dir='ltr'>et</span> <span class='ocrx_word' id='word_1_206' title='bbox 1583 3174 1871 3237; x_wconf 87' lang='lat' dir='ltr'>Marcus</span> <span class='ocrx_word' id='word_1_207' title='bbox 1904 3174 2256 3237; x_wconf 88' lang='lat' dir='ltr'>Antonius</span> <span class='ocrx_word' id='word_1_208' title='bbox 2288 3175 2664 3238; x_wconf 87' lang='lat' dir='ltr'>Oradinus.</span> 
     </span>
    </p>

    <p class='ocr_par' dir='ltr' id='par_1_4' title="bbox 638 3281 3118 4219">
     <span class='ocr_line' id='line_1_27' title="bbox 761 3281 3113 3362; baseline 0.001 -20"><span class='ocrx_word' id='word_1_209' title='bbox 761 3281 862 3343; x_wconf 86' lang='lat'>50.</span> <span class='ocrx_word' id='word_1_210' title='bbox 954 3281 1352 3344; x_wconf 87' lang='lat' dir='ltr'>Cardinalis</span> <span class='ocrx_word' id='word_1_211' title='bbox 1383 3291 1619 3344; x_wconf 89' lang='lat' dir='ltr'>autem</span> <span class='ocrx_word' id='word_1_212' title='bbox 1659 3282 1954 3344; x_wconf 83' lang='lat' dir='ltr'>Fulvius</span> <span class='ocrx_word' id='word_1_213' title='bbox 1992 3281 2406 3360; x_wconf 89' lang='lat' dir='ltr'>Perusinus,</span> <span class='ocrx_word' id='word_1_214' title='bbox 2451 3283 2780 3362; x_wconf 82' lang='lat' dir='ltr'>quamvis</span> <span class='ocrx_word' id='word_1_215' title='bbox 2819 3283 3113 3345; x_wconf 89' lang='lat' dir='ltr'>Vicario</span> 
     </span>
     <span class='ocr_line' id='line_1_28' title="bbox 641 3389 3109 3469; baseline 0 -18"><span class='ocrx_word' id='word_1_216' title='bbox 641 3390 889 3451; x_wconf 88' lang='lat' dir='ltr'>crebro</span> <span class='ocrx_word' id='word_1_217' title='bbox 922 3389 1450 3451; x_wconf 86' lang='lat' dir='ltr'>commendaret</span> <span class='ocrx_word' id='word_1_218' title='bbox 1480 3407 1568 3451; x_wconf 93' lang='lat' dir='ltr'>ne</span> <span class='ocrx_word' id='word_1_219' title='bbox 1598 3389 1767 3468; x_wconf 90' lang='lat' dir='ltr'>quid</span> <span class='ocrx_word' id='word_1_220' title='bbox 1795 3389 2058 3452; x_wconf 89' lang='lat' dir='ltr'>nostris</span> <span class='ocrx_word' id='word_1_221' title='bbox 2081 3389 2326 3452; x_wconf 90' lang='lat' dir='ltr'>deesse</span> <span class='ocrx_word' id='word_1_222' title='bbox 2351 3399 2742 3469; x_wconf 89' lang='lat' dir='ltr'>pateretur,</span> <span class='ocrx_word' id='word_1_223' title='bbox 2777 3390 2943 3469; x_wconf 90' lang='lat' dir='ltr'>quia</span> <span class='ocrx_word' id='word_1_224' title='bbox 2967 3406 3109 3451; x_wconf 91' lang='lat' dir='ltr'>non</span> 
     </span>
     <span class='ocr_line' id='line_1_29' title="bbox 642 3496 3109 3576; baseline 0 -17"><span class='ocrx_word' id='word_1_225' title='bbox 642 3497 835 3559; x_wconf 91' lang='lat' dir='ltr'>solus</span> <span class='ocrx_word' id='word_1_226' title='bbox 866 3498 1016 3576; x_wconf 89' lang='lat' dir='ltr'>ipsc</span> <span class='ocrx_word' id='word_1_227' title='bbox 1047 3506 1214 3559; x_wconf 89' lang='lat' dir='ltr'>tunc</span> <span class='ocrx_word' id='word_1_228' title='bbox 1247 3496 1480 3558; x_wconf 90' lang='lat' dir='ltr'>alendi</span> <span class='ocrx_word' id='word_1_229' title='bbox 1512 3496 1806 3575; x_wconf 88' lang='lat' dir='ltr'>Collegii</span> <span class='ocrx_word' id='word_1_230' title='bbox 1837 3514 2015 3558; x_wconf 91' lang='lat' dir='ltr'>onus</span> <span class='ocrx_word' id='word_1_231' title='bbox 2044 3505 2486 3576; x_wconf 88' lang='lat' dir='ltr'>susceperat,</span> <span class='ocrx_word' id='word_1_232' title='bbox 2526 3496 2766 3559; x_wconf 91' lang='lat' dir='ltr'>locum</span> <span class='ocrx_word' id='word_1_233' title='bbox 2806 3497 3109 3559; x_wconf 88' lang='lat' dir='ltr'>charita-</span> 
     </span>
     <span class='ocr_line' id='line_1_30' title="bbox 640 3602 3112 3683; baseline 0 -18"><span class='ocrx_word' id='word_1_234' title='bbox 640 3604 730 3665; x_wconf 93' lang='lat' dir='ltr'>tis</span> <span class='ocrx_word' id='word_1_235' title='bbox 761 3603 1203 3666; x_wconf 83' lang='lat' dir='ltr'>exercendae</span> <span class='ocrx_word' id='word_1_236' title='bbox 1235 3603 1509 3665; x_wconf 85' lang='lat' dir='ltr'>civibus</span> <span class='ocrx_word' id='word_1_237' title='bbox 1538 3603 2001 3683; x_wconf 86' lang='lat' dir='ltr'>relinquebat.</span> <span class='ocrx_word' id='word_1_238' title='bbox 2034 3602 2180 3665; x_wconf 93' lang='lat' dir='ltr'>Nec</span> <span class='ocrx_word' id='word_1_239' title='bbox 2211 3604 2474 3664; x_wconf 88' lang='lat' dir='ltr'>nostris</span> <span class='ocrx_word' id='word_1_240' title='bbox 2503 3603 2886 3682; x_wconf 87' lang='lat' dir='ltr'>patientiae</span> <span class='ocrx_word' id='word_1_241' title='bbox 2911 3621 3112 3666; x_wconf 86' lang='lat' dir='ltr'>exer·</span> 
     </span>
     <span class='ocr_line' id='line_1_31' title="bbox 638 3710 3115 3790; baseline 0 -18"><span class='ocrx_word' id='word_1_242' title='bbox 638 3710 905 3773; x_wconf 88' lang='lat' dir='ltr'>cendae</span> <span class='ocrx_word' id='word_1_243' title='bbox 936 3710 1219 3773; x_wconf 90' lang='lat' dir='ltr'>occasio</span> <span class='ocrx_word' id='word_1_244' title='bbox 1250 3711 1514 3788; x_wconf 91' lang='lat' dir='ltr'>deerat,</span> <span class='ocrx_word' id='word_1_245' title='bbox 1551 3728 1711 3772; x_wconf 91' lang='lat' dir='ltr'>cum</span> <span class='ocrx_word' id='word_1_246' title='bbox 1736 3711 1970 3772; x_wconf 89' lang='lat' dir='ltr'>nullus</span> <span class='ocrx_word' id='word_1_247' title='bbox 1993 3711 2178 3771; x_wconf 87' lang='lat' dir='ltr'>hanc</span> <span class='ocrx_word' id='word_1_248' title='bbox 2202 3727 2449 3773; x_wconf 89' lang='lat' dir='ltr'>curam</span> <span class='ocrx_word' id='word_1_249' title='bbox 2475 3719 2550 3772; x_wconf 90' lang='lat' dir='ltr'>ut</span> <span class='ocrx_word' id='word_1_250' title='bbox 2573 3711 2936 3790; x_wconf 89' lang='lat' dir='ltr'>propriam</span> <span class='ocrx_word' id='word_1_251' title='bbox 2966 3727 3115 3773; x_wconf 91' lang='lat' dir='ltr'>sus-</span> 
     </span>
     <span class='ocr_line' id='line_1_32' title="bbox 641 3816 3116 3898; baseline -0.001 -17"><span class='ocrx_word' id='word_1_252' title='bbox 641 3820 937 3898; x_wconf 86' lang='lat' dir='ltr'>ciperet,</span> <span class='ocrx_word' id='word_1_253' title='bbox 982 3836 1068 3879; x_wconf 91' lang='lat' dir='ltr'>ne</span> <span class='ocrx_word' id='word_1_254' title='bbox 1108 3816 1273 3898; x_wconf 90' lang='lat' dir='ltr'>quid</span> <span class='ocrx_word' id='word_1_255' title='bbox 1313 3817 1398 3879; x_wconf 93' lang='lat' dir='ltr'>de</span> <span class='ocrx_word' id='word_1_256' title='bbox 1439 3819 1864 3881; x_wconf 88' lang='lat' dir='ltr'>necessariis</span> <span class='ocrx_word' id='word_1_257' title='bbox 1904 3817 2148 3880; x_wconf 90' lang='lat' dir='ltr'>deesse</span> <span class='ocrx_word' id='word_1_258' title='bbox 2198 3827 2583 3897; x_wconf 88' lang='lat' dir='ltr'>pateretur.</span> <span class='ocrx_word' id='word_1_259' title='bbox 2632 3817 2816 3880; x_wconf 90' lang='lat' dir='ltr'>Nam</span> <span class='ocrx_word' id='word_1_260' title='bbox 2858 3826 3116 3880; x_wconf 80' lang='lat' dir='ltr'>ventus</span> 
     </span>
     <span class='ocr_line' id='line_1_33' title="bbox 646 3924 3112 4005; baseline -0 -18"><span class='ocrx_word' id='word_1_261' title='bbox 646 3926 1135 4004; x_wconf 90' lang='lat' dir='ltr'>undecumque</span> <span class='ocrx_word' id='word_1_262' title='bbox 1165 3935 1449 3988; x_wconf 88' lang='lat' dir='ltr'>nostros</span> <span class='ocrx_word' id='word_1_263' title='bbox 1480 3926 1549 3987; x_wconf 92' lang='lat' dir='ltr'>in</span> <span class='ocrx_word' id='word_1_264' title='bbox 1581 3925 1767 3987; x_wconf 90' lang='lat' dir='ltr'>edito</span> <span class='ocrx_word' id='word_1_265' title='bbox 1797 3925 1917 3987; x_wconf 91' lang='lat' dir='ltr'>illo</span> <span class='ocrx_word' id='word_1_266' title='bbox 1946 3926 2103 3987; x_wconf 91' lang='lat' dir='ltr'>loco</span> <span class='ocrx_word' id='word_1_267' title='bbox 2132 3926 2573 4005; x_wconf 85' lang='lat' dir='ltr'>penetrabat,</span> <span class='ocrx_word' id='word_1_268' title='bbox 2608 3933 2676 3988; x_wconf 91' lang='lat' dir='ltr'>et</span> <span class='ocrx_word' id='word_1_269' title='bbox 2706 3924 3112 4004; x_wconf 86' lang='lat' dir='ltr'>aliquandO,</span> 
     </span>
     <span class='ocr_line' id='line_1_34' title="bbox 646 4031 3118 4113; baseline 0 -19"><span class='ocrx_word' id='word_1_270' title='bbox 646 4033 810 4094; x_wconf 91' lang='lat' dir='ltr'>licet</span> <span class='ocrx_word' id='word_1_271' title='bbox 840 4050 1027 4109; x_wconf 80' lang='lat' dir='ltr'>ram,</span> <span class='ocrx_word' id='word_1_272' title='bbox 1061 4042 1344 4111; x_wconf 88' lang='lat' dir='ltr'>praeter</span> <span class='ocrx_word' id='word_1_273' title='bbox 1373 4050 1631 4113; x_wconf 91' lang='lat' dir='ltr'>panem</span> <span class='ocrx_word' id='word_1_274' title='bbox 1661 4042 1727 4095; x_wconf 93' lang='lat' dir='ltr'>et</span> <span class='ocrx_word' id='word_1_275' title='bbox 1758 4034 2000 4095; x_wconf 89' lang='lat' dir='ltr'>vinum</span> <span class='ocrx_word' id='word_1_276' title='bbox 2034 4042 2102 4096; x_wconf 94' lang='lat' dir='ltr'>et</span> <span class='ocrx_word' id='word_1_277' title='bbox 2127 4031 2511 4113; x_wconf 89' lang='lat' dir='ltr'>jusculum,</span> <span class='ocrx_word' id='word_1_278' title='bbox 2545 4051 2586 4095; x_wconf 93' lang='lat' dir='ltr'>a</span> <span class='ocrx_word' id='word_1_279' title='bbox 2617 4033 2908 4111; x_wconf 90' lang='lat' dir='ltr'>reliquis</span> <span class='ocrx_word' id='word_1_280' title='bbox 2939 4033 3118 4095; x_wconf 91' lang='lat' dir='ltr'>citra</span> 
     </span>
     <span class='ocr_line' id='line_1_35' title="bbox 648 4138 2402 4219; baseline 0.001 -17"><span class='ocrx_word' id='word_1_281' title='bbox 648 4147 1106 4219; x_wconf 89' lang='lat' dir='ltr'>praeceptum</span> <span class='ocrx_word' id='word_1_282' title='bbox 1135 4140 1498 4202; x_wconf 90' lang='lat' dir='ltr'>Ecclesiae</span> <span class='ocrx_word' id='word_1_283' title='bbox 1522 4138 1982 4219; x_wconf 90' lang='lat' dir='ltr'>jejunandum</span> <span class='ocrx_word' id='word_1_284' title='bbox 2011 4141 2147 4202; x_wconf 90' lang='lat' dir='ltr'>illis</span> <span class='ocrx_word' id='word_1_285' title='bbox 2177 4151 2329 4203; x_wconf 89' lang='lat' dir='ltr'>erat</span> <span class='ocrx_word' id='word_1_286' title='bbox 2362 4138 2402 4203; x_wconf 88' lang='lat'>¹.</span> 
     </span>
    </p>

    <p class='ocr_par' dir='ltr' id='par_1_5' title="bbox 651 4246 3120 4433">
     <span class='ocr_line' id='line_1_36' title="bbox 768 4246 3119 4325; baseline -0 -17"><span class='ocrx_word' id='word_1_287' title='bbox 768 4247 870 4309; x_wconf 89' lang='lat'>51.</span> <span class='ocrx_word' id='word_1_288' title='bbox 960 4246 1522 4310; x_wconf 85' lang='lat' dir='ltr'>Conservatores</span> <span class='ocrx_word' id='word_1_289' title='bbox 1551 4246 1830 4325; x_wconf 90' lang='lat' dir='ltr'>quidem</span> <span class='ocrx_word' id='word_1_290' title='bbox 1864 4247 2176 4310; x_wconf 84' lang='lat' dir='ltr'>civitatis</span> <span class='ocrx_word' id='word_1_291' title='bbox 2206 4247 2506 4309; x_wconf 90' lang='lat' dir='ltr'>Romam</span> <span class='ocrx_word' id='word_1_292' title='bbox 2544 4247 2743 4310; x_wconf 91' lang='lat' dir='ltr'>initio</span> <span class='ocrx_word' id='word_1_293' title='bbox 2775 4247 3119 4310; x_wconf 88' lang='lat' dir='ltr'>miserunt</span> 
     </span>
     <span class='ocr_line' id='line_1_37' title="bbox 651 4353 3120 4433; baseline -0.001 -16"><span class='ocrx_word' id='word_1_294' title='bbox 651 4365 728 4417; x_wconf 93' lang='lat' dir='ltr'>ut</span> <span class='ocrx_word' id='word_1_295' title='bbox 760 4375 801 4417; x_wconf 88' lang='lat' dir='ltr'>a</span> <span class='ocrx_word' id='word_1_296' title='bbox 831 4354 1121 4417; x_wconf 89' lang='lat' dir='ltr'>Summo</span> <span class='ocrx_word' id='word_1_297' title='bbox 1151 4353 1489 4418; x_wconf 88' lang='lat' dir='ltr'>Pontifice</span> <span class='ocrx_word' id='word_1_298' title='bbox 1518 4356 1757 4416; x_wconf 92' lang='lat' dir='ltr'>locum</span> <span class='ocrx_word' id='word_1_299' title='bbox 1786 4354 2192 4433; x_wconf 89' lang='lat' dir='ltr'>quemdam,</span> <span class='ocrx_word' id='word_1_300' title='bbox 2229 4354 2348 4415; x_wconf 90' lang='lat' dir='ltr'>ubi</span> <span class='ocrx_word' id='word_1_301' title='bbox 2386 4353 2776 4432; x_wconf 90' lang='lat' dir='ltr'>Collegium</span> <span class='ocrx_word' id='word_1_302' title='bbox 2823 4354 3120 4416; x_wconf 90' lang='lat' dir='ltr'>colloca-</span> 
     </span>
    </p>
   </div>
   <div class='ocr_carea' id='block_1_3' title="bbox 656 4532 974 4547">
    <p class='ocr_par' dir='ltr' id='par_1_6' title="bbox 656 4532 974 4547">
     <span class='ocr_line' id='line_1_38' title="bbox 656 4532 974 4547; baseline 0 0"><span class='ocrx_word' id='word_1_303' title='bbox 656 4532 974 4547; x_wconf 95' lang='lat' dir='ltr'> </span> 
     </span>
    </p>
   </div>
   <div class='ocr_carea' id='block_1_4' title="bbox 652 4630 3120 4760">
    <p class='ocr_par' dir='ltr' id='par_1_7' title="bbox 652 4630 3120 4760">
     <span class='ocr_line' id='line_1_39' title="bbox 738 4630 3120 4688; baseline -0.002 -11"><span class='ocrx_word' id='word_1_304' title='bbox 738 4634 753 4666; x_wconf 85' lang='lat'><strong>¹</strong></span> <span class='ocrx_word' id='word_1_305' title='bbox 812 4635 1037 4678; x_wconf 87' lang='lat' dir='ltr'>Polancu</span> <span class='ocrx_word' id='word_1_306' title='bbox 1050 4647 1088 4688; x_wconf 81' lang='lat' dir='ltr'>s,</span> <span class='ocrx_word' id='word_1_307' title='bbox 1115 4646 1180 4677; x_wconf 81' lang='lat' dir='ltr'>ex</span> <span class='ocrx_word' id='word_1_308' title='bbox 1205 4647 1362 4686; x_wconf 61' lang='lat' dir='ltr'>com„</span> <span class='ocrx_word' id='word_1_309' title='bbox 1384 4635 1649 4688; x_wconf 80' lang='lat' dir='ltr'>Alphonso</span> <span class='ocrx_word' id='word_1_310' title='bbox 1673 4632 1968 4684; x_wconf 85' lang='lat' dir='ltr'>Salmeron,</span> <span class='ocrx_word' id='word_1_311' title='bbox 1993 4641 2047 4675; x_wconf 90' lang='lat' dir='ltr'>ut</span> <span class='ocrx_word' id='word_1_312' title='bbox 2070 4632 2283 4675; x_wconf 87' lang='lat' dir='ltr'>Romam</span> <span class='ocrx_word' id='word_1_313' title='bbox 2307 4630 2570 4674; x_wconf 83' lang='lat' dir='ltr'>Florentia</span> <span class='ocrx_word' id='word_1_314' title='bbox 2593 4632 2830 4683; x_wconf 81' lang='lat' dir='ltr'>veniens,</span> <span class='ocrx_word' id='word_1_315' title='bbox 2853 4630 3120 4673; x_wconf 79' lang='lat' dir='ltr'>Petusium</span> 
     </span>
     <span class='ocr_line' id='line_1_40' title="bbox 652 4703 2769 4760; baseline -0.001 -12"><span class='ocrx_word' id='word_1_316' title='bbox 652 4706 812 4749; x_wconf 78' lang='lat' dir='ltr'>adeat</span> <span class='ocrx_word' id='word_1_317' title='bbox 832 4713 881 4749; x_wconf 89' lang='lat' dir='ltr'>et</span> <span class='ocrx_word' id='word_1_318' title='bbox 901 4708 1078 4750; x_wconf 77' lang='lat' dir='ltr'>videat</span> <span class='ocrx_word' id='word_1_319' title='bbox 1096 4707 1342 4760; x_wconf 87' lang='lat' dir='ltr'>quomodo</span> <span class='ocrx_word' id='word_1_320' title='bbox 1366 4707 1598 4751; x_wconf 86' lang='lat' dir='ltr'>Perusini</span> <span class='ocrx_word' id='word_1_321' title='bbox 1622 4706 1836 4759; x_wconf 82' lang='lat' dir='ltr'>Collegii</span> <span class='ocrx_word' id='word_1_322' title='bbox 1859 4706 2072 4758; x_wconf 77' lang='lat' dir='ltr'>penuria</span> <span class='ocrx_word' id='word_1_323' title='bbox 2095 4705 2357 4747; x_wconf 78' lang='lat' dir='ltr'>sublevari</span> <span class='ocrx_word' id='word_1_324' title='bbox 2380 4705 2541 4757; x_wconf 80' lang='lat' dir='ltr'>possit</span> <span class='ocrx_word' id='word_1_325' title='bbox 2557 4736 2567 4750; x_wconf 81' lang='grc'><strong>.</strong></span> <span class='ocrx_word' id='word_1_326' title='bbox 2585 4705 2611 4746; x_wconf 82' lang='lat'>7</span> <span class='ocrx_word' id='word_1_327' title='bbox 2632 4703 2769 4756; x_wconf 88' lang='lat' dir='ltr'>Julii.</span> 
     </span>
    </p>
   </div>
  </div>
 </body>
</html>
