3679 5414
708 492 818 547 404
1622 487 1878 548 Cnaox.
1921 488 2074 547 Soc.
2118 488 2258 560 Jsss.

702 653 953 699 carere
983 645 1244 715 posset.
1278 635 1668 698 Bazainum
1700 635 1935 713 itaque
1965 632 2210 711 rediit,
2246 632 2363 695 ubi
2387 632 2535 713 jam
2566 634 2744 696 duos
2776 651 3003 696 annos
3035 652 3172 696 ma-

706 759 852 821 gno
884 761 1046 805 cum
1073 741 1307 805 fructu
1337 752 1669 805 versatus
1699 752 1877 819 erat,
1912 750 1980 803 et
2012 758 2174 803 cum
2202 742 2344 803 alio
2375 740 2596 803 fratre
2628 749 2870 803 nostro
2917 742 3175 803 multos

705 867 963 929 pueros
993 847 1141 928 ejus
1171 849 1487 927 regionis
1527 849 1966 928 instituebat3
2015 848 2288 929 aliquos
2326 848 2571 926 etiarn,
2615 848 2732 927 qui
2779 868 2820 911 a
2865 848 3171 911 Domino

698 956 794 1019 ad
824 955 1249 1019 Societatem
1290 956 1535 1018 vocari
1566 955 2009 1032 videbantur,
2048 954 2310 1033 Goam,
2353 964 2428 1017 ut
2471 956 2543 1017 in
2574 955 2889 1035 Collegio
2919 957 3171 1036 proba-

697 1072 964 1142 rentur,
999 1062 1352 1142 mittebat;
1387 1063 1457 1126 in
1490 1061 2040 1143 praedicatione,
2076 1064 2148 1124 in
2179 1050 2742 1125 confessionibus
2772 1074 2841 1126 et
2864 1063 3169 1126 catechi-

703 1187 857 1232 smo
889 1188 964 1232 se
993 1187 1124 1249 pro
1153 1187 1350 1232 more
1379 1170 1729 1248 exercuit,
1762 1180 1832 1232 et
1863 1169 2293 1232 christianos
2326 1169 2394 1231 in
2425 1169 2567 1248 his,
2603 1187 2782 1249 quae
2819 1170 2909 1232 ad
2953 1171 3166 1251 pieta-

698 1285 844 1338 tem
899 1277 1288 1356 pertinent,
1351 1278 1741 1356 promovit,
1804 1287 1875 1339 et
1924 1278 2181 1339 multos
2233 1277 2447 1338 etiam
2501 1276 2672 1338 ovili
2730 1276 2992 1340 Christi
3044 1295 3170 1358 per

699 1383 1126 1463 baptismum
1159 1383 1512 1463 adjunxit3
1544 1392 1612 1446 et
1641 1392 1926 1463 praeter
1956 1383 2349 1461 Collegium
2378 1383 2685 1445 nominis
2713 1382 2915 1463 Jesu,
2950 1384 3022 1445 in
3065 1385 3161 1446 vi·

698 1491 862 1553 cina
894 1490 1123 1553 insula
1154 1499 1222 1553 et
1251 1492 1534 1571 popu10,
1570 1491 1853 1554 nomine
1883 1490 2115 1569 Tana,
2149 1491 2525 1553 ecclesiam
2554 1490 3051 1571 perpulchram
3082 1510 3164 1553 ac

704 1596 995 1660 domum
1032 1599 1461 1676 construxit,
1511 1597 1626 1659 ubi
1669 1599 1869 1678 pueri
1913 1595 2062 1677 ejus
2102 1597 2413 1659 civitatis
2453 1615 2537 1659 ac
2585 1598 2855 1661 insulae
2897 1598 3168 1660 institui

701 1712 992 1784 possent
1022 1703 1093 1765 in
1125 1704 1446 1767 doctrina
1491 1713 1561 1767 et
1602 1704 1752 1766 vita
1797 1704 2217 1782 christiana,
2262 1712 2338 1766 ut
2381 1703 2632 1767 deinde
2661 1706 2775 1766 vel
2806 1705 2878 1768 in
2922 1705 3167 1768 officiis

702 1810 1134 1873 mechanicis
1164 1811 1473 1890 aliquam
1510 1811 1702 1873 vitae
1742 1810 2249 1873 sustentandae
2298 1810 2647 1873 rationem
2690 1811 3161 1887 addiscerent,

700 1919 813 1980 vel
845 1918 1060 1979 alium
1091 1928 1363 1979 certum
1396 1936 1480 1980 ac
1512 1935 1842 1980 securum
1877 1926 2141 1980 statum
2171 1929 2640 1999 assumerent3
2677 1927 2746 1980 et
2789 1919 2884 1981 ita
2927 1920 3165 1981 multis

698 2025 837 2087 hoc
869 2042 1081 2103 annO,
1115 2024 1270 2087 Deo
1294 2023 1618 2103 juvante,
1655 2024 2030 2087 consuluit.

819 2131 960 2195 482.
1049 2130 1513 2212 Septuaginta
1557 2134 1799 2194 leucas
1839 2131 1995 2194 Goa
2035 2132 2249 2194 distat
2288 2132 2675 2194 Bazainum
2711 2141 2782 2195 et
2820 2133 3029 2195 rebus
3074 2134 3164 2195 ad

698 2239 967 2303 victum
997 2239 1421 2302 necessariis
1452 2248 1520 2301 et
1552 2239 1712 2302 aliis
1750 2240 2111 2302 mercibus
2143 2239 2477 2302 abundat.
2512 2240 2590 2302 In
2630 2247 2967 2302 autumno
3004 2257 3164 2302 cum

700 2348 860 2410 illac
891 2347 1228 2410 transiret
1259 2346 1334 2409 Ρ.
1372 2346 1690 2426 Gaspar,
1726 2345 2052 2409 Ormutio
2097 2347 2422 2425 venienS,
2457 2348 2884 2425 gravissime
2917 2364 3160 2427 aegro-

698 2463 966 2517 tantem
996 2455 1183 2516 hunc
1212 2453 1286 2517 P.
1322 2454 1779 2517 Melchiorem
1808 2454 2078 2517 invenit
2118 2462 2187 2516 et
2209 2452 2357 2533 jam
2395 2454 2606 2517 morti
2645 2454 2994 2533 vicinum;
3044 2473 3159 2517 ve-

701 2580 961 2624 nenum
993 2562 1127 2640 ipsi
1156 2561 1613 2642 propinatum
1644 2560 1835 2624 fama
1867 2570 2050 2640 erat,
2085 2579 2214 2623 nec
2247 2561 2532 2624 dubium
2563 2561 2754 2641 quod
2782 2563 2868 2624 ob
2900 2561 3162 2624 Christi

696 2686 1014 2733 causam.
1061 2668 1542 2733 Concionatus
1600 2678 1708 2733 est
1755 2669 2047 2733 Bazaini
2086 2668 2458 2750 aliquoties
2503 2669 2687 2732 idem
2730 2666 2804 2732 P.
2855 2668 3158 2749 Gaspar,

693 2776 815 2856 qui
845 2794 986 2839 non
1017 2777 1350 2856 exiguam
1374 2775 1728 2857 jacturam
1757 2795 2098 2857 passuros
2127 2795 2283 2840 esse
2314 2777 2739 2839 christianos
2779 2777 3158 2839 Bazainen·

692 2900 811 2946 ses
840 2901 930 2946 ex
958 2885 1119 2946 talis
1149 2885 1454 2965 operarii
1485 2895 1709 2947 morte
1742 2885 2010 2948 scribit.
2044 2883 2441 2947 Memoratu
2474 2885 2765 2963 dignum
2796 2892 2950 2946 erat
2975 2883 3161 2965 quod

693 3008 912 3072 prope
965 2991 1351 3055 Bazainum
1401 2992 1656 3055 civitas
1708 2992 2059 3072 quaedam
2096 3000 2250 3054 erat
2299 2991 2371 3054 in
2420 3001 2623 3072 petra
2673 2992 2843 3053 viva
2889 2991 3155 3068 excisa,

689 3115 855 3161 cum
895 3098 1131 3160 multis
1170 3097 1470 3178 publicis
1513 3099 1651 3162 viis
1695 3107 1764 3161 et
1806 3100 2182 3179 plusquam
2224 3107 2508 3161 centum
2560 3099 2910 3161 cisternis.
2959 3097 3157 3160 Vidit

691 3205 876 3268 idern
905 3204 982 3267 Ρ.
1019 3205 1303 3286 Gaspar
1332 3205 1576 3268 Tanae
1606 3206 2126 3269 multitudinem
2155 3206 2707 3269 christianorum
2736 3224 2863 3286 per
2888 3204 2963 3267 P.
2993 3205 3158 3267 Mel·

687 3312 1007 3374 chiorem
1057 3311 1417 3394 Gonzalez
1468 3313 1561 3376 ad
1611 3312 1973 3376 Ecclesiae
2023 3313 2211 3375 ovile
2263 3313 2759 3390 adductorum,
2822 3312 2939 3391 qui
2995 3329 3158 3374 cum

652 3455 663 3478 .
692 3419 1144 3498 processione
1176 3419 1459 3481 obviam
1491 3420 1557 3481 ei
1585 3428 1749 3482 sunt
1777 3420 2085 3498 egressi;
2139 3429 2205 3482 et
2248 3419 2516 3482 eisdem
2554 3419 2960 3482 christianis
2991 3431 3154 3481 con2

684 3526 1009 3605 gregatis
1040 3526 1188 3606 ipse
1218 3526 1436 3588 etiam
1473 3526 1942 3590 concionatus
1980 3535 2107 3589 est.
2152 3527 2320 3590 Inde
2363 3536 2600 3589 autem
2645 3526 2874 3589 Goam
2903 3543 3159 3589 versus

689 3634 1190 3712 navigaturuS‚
1246 3642 1626 3712 antequam
1676 3633 1929 3697 Chiaul
1976 3634 2408 3714 perveniret,
2470 3634 2807 3713 templum
2856 3633 2928 3695 in
2981 3651 3155 3713 rupe

688 3740 1009 3802 excisum
1058 3738 1286 3820 majus
1337 3758 1549 3820 quarn
1600 3741 2031 3804 cathedralis
2080 3741 2384 3803 ecclesia
2433 3740 3011 3821 Ulyssiponensis
3063 3739 3155 3802 ad

690 3846 1038 3909 idolorum
1069 3846 1538 3925 quorumdam
1568 3849 1833 3910 cultum
1863 3848 2061 3925 vidit,
2097 3848 2214 3911 ubi
2245 3847 2510 3927 figuras
2534 3847 2899 3926 quasdam,
2935 3848 3155 3910 veluti

690 3954 1067 4032 gigantum
1106 3970 1564 4033 magnorum,
1612 3972 1790 4033 quae
1833 3955 1971 4017 tria
2010 3955 2279 4035 capita,
2323 3954 2460 4017 tria
2501 3971 2712 4017 crura
2753 3964 2820 4017 et
2859 3954 3153 4017 totidem

692 4077 946 4123 manus
986 4078 1127 4123 uno
1171 4060 1243 4123 in
1273 4078 1571 4140 corpore
1602 4061 1981 4142 habebant,
2016 4061 2203 4141 quod
2231 4070 2497 4125 vocant
2527 4061 2622 4123 illi
2653 4063 2957 4141 elepanti
2991 4060 3155 4138 (sic)

694 4167 1066 4247 pagodem.

882 4406 1010 4471 DE
1054 4406 1516 4471 COLLEGIO
1560 4406 1981 4472 CAULANI
2017 4406 2137 4470 ET
2179 4406 2519 4471 SANCTI
2560 4406 2957 4470 THOMAE

808 4595 948 4658 483.
1036 4594 1114 4658 Ρ.
1159 4594 1493 4659 Nicolaus
1541 4594 1980 4658 Lancillotus
2017 4594 2164 4658 fere
2205 4595 2679 4675 quadraginta
2710 4612 2971 4675 pueros
3013 4595 3150 4657 ale·

688 4705 809 4766 bat
840 4712 908 4765 et
939 4703 1012 4764 in
1044 4702 1367 4767 doctrina
1396 4701 1802 4766 Christiana
1833 4719 1920 4764 ac
1949 4702 2098 4765 vita
2130 4702 2534 4765 christianis
2572 4701 2788 4782 digna
2832 4702 3146 4765 institue·
