3679 5414
714 474 823 534 262
1631 467 1886 529 Canon.
1928 467 2082 527 Soc.
2122 468 2262 541 Jas,

719 620 790 681 in
836 617 947 680 his
983 634 1165 697 quae
1215 616 1308 679 ad
1346 614 1744 678 doctrinam
1782 631 1995 693 quam
2034 631 2216 693 quae
2255 613 2346 676 ad
2379 611 2842 675 eruditionem
2880 611 3188 691 pertine-

715 726 908 804 bant,
941 724 1126 788 unde
1156 731 1225 786 et
1254 723 1404 803 ipse
1433 721 1599 785 Dux
1626 721 1979 785 Bavariae
2007 729 2077 784 et
2105 719 2459 800 Episcopi,
2492 719 2746 798 quibus
2773 718 2923 782 noti
2951 727 3180 795 erant,

717 849 964 896 eorum
992 831 1094 895 uti
1124 847 1340 911 opera
1369 829 1620 892 merito
1650 829 1992 909 optabant
2028 825 2066 886 ¹.
2966 897 2973 904 ,

838 937 978 1000 207.
1066 937 1270 1017 Quod
1308 936 1399 1000 ad
1441 936 1739 1015 Collegii
1788 934 2369 1014 Ingolstadiensis
2413 932 2933 1014 expeditionem
2971 933 3179 1012 perti·

716 1046 1008 1123 nebant,
1054 1061 1318 1123 magna
1361 1044 1644 1124 quidem
1684 1043 1881 1106 initio
1931 1040 2135 1121 hujus
2174 1042 2342 1104 anni
2381 1058 2544 1120 spes
2584 1049 2769 1117 erat,
2813 1039 3002 1119 quod
3036 1057 3175 1103 non

717 1154 946 1216 solum
974 1151 1237 1215 nostris
1265 1168 1483 1215 unum
1514 1149 1639 1213 sed
1667 1159 1736 1212 et
1765 1149 2214 1213 scholasticis
2242 1149 2543 1210 alterum
2580 1147 2972 1226 Collegium
3013 1146 3180 1209 Dux

717 1269 906 1322 esset
958 1268 1346 1337 erecturuS,
1398 1268 1475 1321 ut
1516 1258 1869 1339 posterius
1898 1257 2027 1319 sub
2064 1255 2323 1337 prioris
2367 1255 2764 1318 obedientia
2802 1263 2871 1318 et
2910 1255 3176 1317 institu-

718 1368 907 1430 tione
934 1375 1334 1446 regeretur;
1368 1377 1436 1428 et
1467 1382 1630 1428 cum
1658 1365 1977 1428 decimae
2007 1382 2049 1426 a
2080 1362 2367 1427 Summo
2407 1361 2748 1425 Pontifice
2786 1371 3022 1424 essent
3062 1362 3177 1424 ob—

717 1482 976 1553 tentae,
1011 1483 1080 1536 et
1122 1473 1259 1536 duo
1290 1473 1503 1536 etiam
1542 1472 2009 1548 monasteria,
2053 1488 2095 1532 a
2133 1470 2502 1534 monachis
2538 1469 2685 1532 fere
2736 1469 3014 1532 deserta
3037 1516 3052 1547 ,
3106 1469 3176 1531 in

717 1581 1221 1645 Universitatis
1270 1578 1854 1659 Ingolstadiensis
1904 1594 2110 1640 usum
2158 1576 2325 1640 Dux
2383 1576 2858 1657 impetrasset,
2918 1575 3177 1638 rationi

719 1705 1112 1751 consonum
1159 1685 1554 1761 videbatur,
1609 1696 1685 1749 ut
1735 1685 2161 1766 promissum
2212 1684 2604 1763 Collegium
2641 1701 2731 1745 ex
2779 1680 3180 1763 hujusmodi

718 1795 1032 1858 collectis
1061 1794 1354 1859 decimis
1394 1802 1515 1856 aut
1550 1793 1891 1856 reditibus
1933 1792 2330 1871 dotaretur;
2371 1792 2497 1855 sed
2534 1799 2698 1871 post
2737 1790 3177 1871 pollicitatio·

717 1919 846 1965 nes
883 1902 1304 1982 prolixiores
1353 1901 1532 1963 haec
1582 1900 1914 1964 tractatio
1966 1900 2053 1962 de
2103 1899 2531 1962 instituendo
2583 1897 2899 1977 Collegio
2950 1897 3180 1977 coepit

716 2010 1131 2089 frigescere,
1174 2018 1244 2071 et
1281 2009 1609 2088 quamvis
1647 2009 1952 2088 quinque
1992 2017 2114 2070 aut
2154 2023 2282 2069 sex
2319 2024 2409 2068 ex
2436 2006 2722 2082 nostris,
2774 2004 2865 2066 ad
2905 2004 3177 2067 initium

718 2116 1038 2196 Collegii,
1065 2114 1541 2194 significatum
1563 2123 1749 2178 esset
1771 2112 2448 2193 Ingolstadiensibus
2468 2129 2512 2174 a
2534 2112 2610 2174 P.
2639 2110 2915 2191 Ignatio
2945 2120 3179 2191 postu-

717 2224 880 2303 lari,
914 2225 986 2286 in
1015 2223 1268 2286 litteris
1296 2231 1533 2284 tamen
1562 2220 1783 2284 Ducis
1812 2221 1904 2283 ad
1931 2220 2009 2284 P.
2040 2219 2393 2299 Ignatiam
2421 2219 2613 2281 nulla
2644 2219 2731 2282 de
2769 2219 2882 2281 his
2918 2218 3179 2281 mentio

714 2331 905 2395 facta
935 2338 1064 2393 est.
1097 2329 1597 2406 Minusutique
1626 2328 1922 2390 libenter
1951 2327 2038 2390 de
2068 2325 2502 2389 stabiliendis
2539 2325 2879 2388 reditibus
2918 2325 3179 2388 mentio

712 2438 906 2502 sacta
935 2437 1376 2501 audiebatur.
1410 2435 1612 2500 Unde
1643 2436 1876 2515 coepit
1905 2433 1982 2496 P.
2016 2434 2334 2513 Ignatius
2364 2434 2511 2495 suis
2555 2431 2645 2495 ad
2688 2431 2960 2495 Ducem
3001 2433 3179 2494 litte·

714 2545 816 2609 ris
847 2545 1138 2608 innuere
1167 2543 1354 2623 quod
1381 2543 1609 2605 nostri
1643 2541 2078 2621 Ingolstadio
2121 2539 2508 2603 revocandi
2552 2549 2817 2618 essent,
2863 2556 2997 2602 nec
3039 2538 3179 2601 exi·

712 2669 935 2733 guam
978 2651 1426 2715 occasionem
1456 2649 1547 2714 ad
1577 2650 1647 2714 id
1676 2649 1925 2729 dabat,
1959 2649 2176 2730 quod,
2212 2658 2494 2729 praeter
2532 2647 2917 2711 viennense
2958 2645 3184 2710 Colle·

712 2761 911 2839 gium
934 2759 1081 2840 jam
1111 2769 1467 2840 coeptum,
1504 2769 1651 2821 tam
1681 2757 2140 2838 Moguntinus
2178 2765 2248 2819 et
2280 2756 2725 2819 Trevirensis
2755 2772 2968 2834 quam
2998 2753 3178 2817 Con-

713 2867 1126 2931 stantiensis
1155 2876 1223 2930 et
1254 2866 1690 2946 Eistetensis‚
1727 2875 1801 2929 ut
1832 2866 1978 2927 suis
2008 2864 2326 2927 ecclesiis
2355 2862 2842 2943 prospicerent
2864 2910 2879 2939 ,
2913 2860 2999 2925 de
3027 2860 3181 2925 Col·

711 2974 917 3054 legiis
972 2973 1419 3037 instituendis
1486 2973 1830 3052 agebant;
1890 2972 2103 3034 immo
2161 2980 2230 3033 et
2285 2970 2475 3033 facta
2531 2978 2638 3032 est
2693 2968 2768 3031 Ρ.
2830 2968 3179 3032 Gaudano

713 3090 1032 3162 potestas
1059 3080 1458 3161 recedendi,
1493 3080 1819 3161 quamvis
1849 3060 1983 3142 hoc
2014 3096 2201 3141 anno
2232 3078 2352 3140 illa
2380 3093 2551 3139 usus
2578 3093 2722 3138 non
2750 3075 2982 3155 fuerit,
3013 3064 3178 3155 <juia

712 3189 1034 3268 graviter
1085 3188 1465 3252 admodum
1505 3186 1853 3250 offensum
1892 3186 1980 3248 iri
2016 3185 2290 3249 Ducem
2329 3202 2413 3247 ac
2453 3193 2675 3246 totam
2713 3183 3178 3246 Academiam

713 3295 1185 3359 existimabat.
1231 3296 1625 3376 Episcopus
1663 3292 1945 3375 quidem
1988 3291 2431 3369 Eistetensis‚
2479 3289 2664 3371 quod
2702 3290 3178 3353 intermissum

715 3402 947 3466 fuerat
975 3412 1201 3465 morte
1230 3401 1451 3465 Ducis
1481 3400 1862 3481 Guglielmi
1891 3409 1962 3462 et
1995 3398 2576 3479 occupationibus
2614 3396 2836 3460 Ducis
2879 3395 3174 3473 Alberti,

714 3527 790 3573 se
834 3520 1322 3590 promoturum
1367 3509 1829 3589 pollicebatur
1877 3517 1946 3569 et
1994 3507 2149 3587 ipsa
2199 3506 2690 3569 benevolentia
2734 3503 2956 3566 Ducis
3004 3518 3179 3581 erga

714 3616 789 3680 P.
841 3617 1205 3681 Canisium
1243 3626 1313 3679 et
1354 3615 1502 3696 ejus
1547 3615 1971 3679 Cancellarii
2013 3631 2211 3694 spem
2254 3613 2584 3676 faciebat.
2631 3610 2770 3675 Sed
2811 3610 2999 3690 quod
3036 3627 3180 3672 non

714 3724 1185 3803 intelligerent
1214 3723 1689 3802 Collegiorum
1718 3730 2127 3785 nostrorum
2157 3720 2531 3783 utilitatem
2560 3728 2630 3782 et
2667 3724 3178 3798 consequenter

713 3848 857 3893 non
886 3841 1239 3909 amarent,
1274 3831 1437 3910 quia
1466 3848 1598 3892 nec
1628 3830 1902 3910 experti
1930 3829 2211 3891 fuerant
2239 3828 2312 3890 in
2351 3826 2765 3904 Germania,
2814 3825 2988 3888 satis
3030 3825 3178 3904 ipse

714 3946 1009 4000 eventus
1047 3938 1183 3999 hoc
1230 3954 1417 4007 anno
1462 3936 1883 4011 declaravit;
1933 3934 2113 3998 forte
2156 3934 2369 3997 etiam
2413 3933 2882 3996 detrectatum
2925 3947 3179 3993 munus

712 4044 1341 4123 pro-cancellariae
1372 4042 1556 4106 Duci
1586 4042 1970 4123 displicuit,
2003 4059 2171 4104 nam
2209 4040 2613 4120 hujusmodi
2654 4039 3049 4102 functiones
3090 4054 3177 4099 ne

713 4151 1013 4230 posthac
1043 4168 1355 4230 unquam
1378 4150 1913 4213 admitterentur
1933 4148 2010 4211 Ρ.
2036 4147 2356 4227 Ignatius
2380 4156 2696 4210 caverat.
2724 4147 2989 4226 Itaque,
3017 4145 3178 4207 licet

715 4275 879 4338 spes
906 4257 1086 4321 haec
1116 4276 1259 4320 non
1296 4257 1697 4321 sublevaret
1739 4257 1814 4320 P.
1868 4256 2326 4334 Gaudanum‚
2374 4257 2567 4318 solus
2610 4254 2997 4334 spiritualis
3041 4252 3175 4315 fru-

797 4498 813 4531 ¹
871 4498 1151 4551 Polancus,
1173 4508 1240 4541 ex
1270 4498 1671 4550 commissione,
1698 4496 1846 4541 Patri
1877 4497 2089 4542 Nicolao
2120 4497 2397 4549 Gaudano,
2430 4496 2690 4551 Ignatiam
2724 4506 2939 4550 cupere,
2975 4493 3177 4548 quando

711 4580 886 4613 eorum
907 4569 1094 4623 aliquis
1115 4568 1468 4613 Aistetensem
1489 4568 1798 4623 Episcopum
1832 4570 1898 4612 ad
1920 4569 2203 4613 Concilium
2235 4569 2472 4612 comitari
2495 4568 2706 4620 debeat,
2740 4574 2796 4611 ut
2822 4578 2921 4610 non
2941 4563 3185 4609 canisius

711 4641 801 4684 ned
832 4642 939 4694 lpse
972 4640 1213 4684 Nicolaus
1234 4651 1351 4683 eum
1371 4641 1669 4693 comitetur3
1694 4639 1956 4685 Canisium
1976 4641 2110 4684 enim
2146 4641 2212 4685 ad
2242 4640 2451 4695 negotia
2471 4639 2736 4693 religionis
2756 4646 2809 4682 et
2830 4637 3180 4691 Collegiomm

708 4711 764 4753 in
786 4710 1065 4754 Germania
1087 4711 1437 4754 necessarlum
1456 4721 1567 4753 esse
1584 4711 1800 4765 judicat,
1822 4712 1877 4755 20
1897 4711 2150 4758 Octobri&
