3679 5414
1521 485 1529 495 ⁸
1572 474 1698 533 AN.
1744 474 1883 534 1550
2887 474 2962 532 99

499 633 684 688 runt.
719 622 866 686 Alii
895 624 1109 685 etiam
1147 624 1545 703 complures
1576 621 1874 684 studiosi
1912 621 2160 684 eadem
2188 621 2464 683 ratione
2504 618 2726 699 adjuti
2768 628 2953 698 sunt,

486 750 591 795 ·ex
620 731 872 809 quibus
900 729 1115 810 aliqui
1145 728 1235 792 ad
1266 730 1659 792 institutum
1688 727 2064 792 Societatis
2094 729 2409 791 animum
2438 728 2954 807 applicuerunt.

622 836 763 900 235.
854 836 1435 900 confraternitati
1490 835 1874 916 Sanguinis
1940 835 2232 913 Christi,
2305 834 2391 897 de
2449 851 2589 914 qua
2635 835 2961 914 superius

502 954 741 1009 actum
783 955 911 1023 est,
961 962 1141 1024 quae
1190 944 1339 1007 hoc¹
1378 961 1564 1006 anno
1614 943 1746 1005 fuit
1796 943 2150 1020 inchoata,
2196 943 2484 1029 quidam
2514 959 2604 1004 ex
2632 941 2963 1004 Patribus

502 1053 763 1115 nostris
814 1052 1279 1114 concionatus
1318 1060 1459 1129 est;
1502 1051 1682 1113 alius
1719 1049 2098 1130 neophytis
2139 1050 2211 1112 in
2241 1049 2619 1126 suburbio;
2655 1049 2775 1112 alii
2805 1049 2964 1112 aliis

494 1146 578 1223 ‘in
604 1160 779 1222 locis
810 1159 943 1221 hoc
985 1175 1275 1221 munere
1315 1167 1477 1220 sunt
1518 1157 1772 1236 suncti3
1816 1166 1886 1220 et
1925 1166 2208 1238 praeter
2249 1166 2553 1236 quatuor
2591 1156 2961 1219 conciona-

501 1252 716 1346 tores,
742 1266 864 1346 qui
885 1266 1118 1328 studia
1141 1266 1618 1344 absolverant,
1646 1265 1903 1328 fratres
1928 1266 2155 1327 nostri
2179 1264 2580 1343 theologiae
2605 1262 2965 1326 auditores

488 1372 751 1436 diebus
772 1373 1178 1451 dominiCiS,
1205 1390 1333 1452 per
1364 1389 1591 1452 pagos
1626 1372 2149 1451 neophytorum
2181 1372 2445 1451 sparsi,
2488 1387 2730 1437 semen
2765 1370 2968 1432 verbi

502 1479 641 1542 Dei
682 1479 1164 1559 compluribus
1199 1480 1275 1542 in
1311 1480 1489 1541 locis
1520 1478 1864 1558 jecerunt.
1902 1478 2283 1541 Multorum
2323 1494 2704 1555 annorum,
2740 1484 2809 1538 et
2842 1477 2962 1539 ali-

486 1586 783 1666 ·quando
812 1586 1029 1649 totius
1057 1587 1271 1664 vitae,
1304 1584 1788 1648 confessiones
1819 1586 1890 1647 in
1919 1584 2236 1663 Collegio
2259 1583 2649 1647 Gandiensi
2672 1583 2963 1662 diligen·

497 1703 606 1755 ter
636 1702 706 1756 et
742 1709 1006 1772 magno
1051 1711 1210 1755 cum
1261 1692 1496 1755 fructu
1547 1692 2046 1769 audiebantur3
2092 1700 2161 1766 et
2203 1708 2294 1754 ex
2345 1691 2456 1753 his
2507 1699 2652 1753 tam
2700 1690 2963 1753 multae

484 1799 976 1878 confluebant,
1038 1809 1114 1863 ut
1166 1799 1576 1862 scholastici
1630 1797 2056 1862 Sacerdotes
2112 1816 2324 1878 saepe
2393 1814 2561 1860 suas
2623 1799 2962 1860 lectiones

498 1906 937 1986 theologicas
966 1906 1389 1987 posthabere
1420 1906 1585 1969 huic
1616 1907 2110 1985 proximorum
2140 1905 2404 1969 auxilio
2438 1904 2792 1987 deberent.

616 2013 757 2076 236.
845 2012 920 2075 P.
954 2013 1274 2093 Baptista
1318 2013 1404 2075 de
1434 2013 1696 2076 Barma
1727 2014 1801 2075 in
1826 2013 2259 2092 pauperibus
2292 2012 2716 2093 quaerendis
2746 2011 2962 2074 etiam

501 2122 572 2184 in
599 2121 1049 2185 xenodochio
1077 2121 1170 2183 ad
1211 2139 1458 2184 eorum
1489 2121 1878 2184 audiendas
1919 2120 2401 2183 confessiones
2438 2128 2584 2183 tam
2614 2120 2963 2182 sollicitus

498 2227 662 2306 fuit,
695 2237 772 2289 ut
800 2228 1038 2307 plures
1060 2227 1209 2308 Jam
1238 2245 1451 2306 quam
1489 2228 1639 2307 ipse
1680 2235 1921 2307 posset
1959 2227 2208 2317 audire
2247 2227 2741 2304 convenirent;
2777 2226 2961 2288 unde

499 2334 577 2396 Pg
625 2334 938 2415 Joannes
983 2334 1395 2398 Covilonius
1447 2334 1536 2398 ad
1586 2335 1761 2397 haec
1815 2335 2051 2397 socius
2100 2334 2237 2414 ipsi
2285 2332 2658 2413 adjunctus
2710 2343 2851 2410 est,
2895 2344 2962 2395 et

500 2442 761 2504 multos
785 2442 1097 2521 quotidie
1128 2441 1528 2527 audiebant.
1555 2441 1883 2503 Addebat
1905 2438 2039 2503 hoc
2071 2449 2139 2504 et
2160 2440 2237 2502 Ρ.
2263 2440 2585 2522 Baptista
2607 2449 2682 2502 ut
2706 2457 2960 2521 paupe-

503 2548 727 2627 ribuS,
782 2565 960 2628 quos
1012 2548 1364 2627 audierat,
1419 2549 1946 2627 eleemosynam
1995 2556 2063 2610 et
2111 2547 2521 2637 necessaria
2564 2547 2655 2609 ad
2691 2547 2961 2609 victum

488 2664 904 2737 quaereret,
958 2664 1026 2718 et
1062 2656 1153 2718 ad
1190 2655 1715 2718 xenodochium
1759 2656 2054 2735 ipsemet
2094 2655 2305 2718 ollam
2348 2654 2420 2717 in
2449 2671 2696 2718 eorum
2728 2653 2961 2718 cibum

486 2764 829 2841 deferret,
862 2764 1049 2843 quod
1077 2780 1222 2825 non
1252 2764 1425 2843 ipsis
1457 2772 1729 2825 tantum
1758 2763 2187 2843 pauperibus
2217 2762 2342 2825 sed
2369 2770 2439 2824 et
2470 2763 2626 2824 aliis
2656 2779 2960 2840 magnae

486 2869 1015 2932 aedificationis
1044 2869 1202 2949 fuit;
1237 2878 1522 2949 tamque
1553 2868 1990 2931 afficiebatur
2017 2869 2109 2931 ad
2132 2886 2481 2950 pauperes
2504 2867 2859 2948 juvandos
2886 2878 2963 2931 ut

488 2975 864 3055 acciderit,
898 2994 1059 3039 cum
1089 2977 1474 3056 primarius
1505 2977 1614 3039 vir
1646 2993 1807 3038 eum
1849 2985 2138 3055 rogaret
2169 2985 2246 3038 ut
2276 2975 2462 3039 filiae
2494 2993 2665 3038 suae
2695 2975 2964 3038 conses-
3053 3049 3064 3068 ·

486 3084 773 3146 -sionem
801 3083 1097 3162 audiret,
1133 3083 1498 3163 respondit
1527 3084 1591 3146 ei
1621 3083 1696 3145 P.
1731 3083 2054 3162 Baptista
2087 3093 2163 3145 ut
2191 3084 2454 3145 sineret
2485 3084 2682 3162 prius
2707 3099 2961 3162 paupe-

500 3190 694 3253 ribus
735 3189 1065 3253 satisfieri
1116 3200 1186 3252 et
1234 3199 1385 3253 tum
1433 3190 1716 3253 demum
1765 3191 1986 3270 ipsius
2032 3190 2248 3252 filiam
2292 3190 2722 3266 auditurum;
2778 3189 2963 3269 quod

501 3305 704 3377 pater
734 3314 894 3359 cum
926 3296 1414 3359 satisfactione
1460 3295 1645 3360 Duci
1671 3297 2045 3360 referebat.
2080 3297 2336 3360 Vestes
2377 3297 2591 3359 etiam
2621 3296 2807 3358 idem
2836 3295 2964 3357 Pa-

503 3413 611 3466 ter
666 3404 738 3466 in
796 3421 1002 3466 usum
1056 3421 1449 3484 pauperum
1500 3405 2060 3483 aegrotantium,
2117 3421 2278 3466 cum
2327 3405 2507 3466 lecto
2564 3413 2959 3481 surgerent,

488 3509 756 3573 confici
803 3511 1106 3588 curavit;
1161 3504 1253 3573 et'
1282 3512 1626 3573 excitavit
1663 3512 1855 3591 piam
1896 3510 2498 3589 consuetudinem,
2538 3527 2720 3589 quae
2759 3510 2964 3573 inter·

503 3617 723 3679 missa
752 3616 1004 3695 fuerat,
1039 3635 1165 3696 per
1188 3618 1387 3680 vices
1409 3611 1985 3681 hebdomadatim
2014 3618 2348 3698 hospitali
2371 3618 2750 3697 serviendi;
2784 3615 2968 3680 unde

504 3733 574 3786 et
599 3722 949 3803 hospitale
983 3724 1305 3787 ordinate
1347 3723 1687 3814 procedit,
1731 3734 1800 3788 et
1838 3726 2130 3804 aegroti
2158 3742 2506 3804 pauperes
2549 3725 2964 3787 consolatio·
2999 3739 3006 3750 ·

505 3848 666 3893 nem
710 3840 779 3893 et
811 3831 1153 3893 auxilium
1194 3833 1573 3911 accipiunt.
1627 3832 1707 3895 In
1757 3831 2199 3895 hebdomada
2245 3831 2532 3910 Sancta,
2580 3848 2758 3913 quae
2798 3832 2968 3894 obti-

468 3944 711 4016 gerat
767 3936 1167 4000 Marchioni
1218 3939 1303 4001 de
1353 3940 1709 4019 Lombay,
1762 3940 2192 4020 pauperibus
2242 3940 2390 4019 ipse
2438 3939 2846 4017 inservivit,
2901 3949 2970 3999 et

505 4046 804 4108 multum
833 4046 1204 4108 charitatis
1232 4048 1767 4125 aegrotantibus
1797 4047 2117 4110 exhibuit
2146 4063 2286 4108 non
2332 4047 2484 4108 sine
2514 4045 2802 4125 proprio
2835 4045 2967 4124 spi·

502 4152 741 4214 rituali
769 4151 1034 4230 fructu;
1070 4154 1366 4215 multum
1396 4154 1585 4215 enim
1615 4154 1862 4216 divina
1891 4154 2175 4216 bonitas
2217 4149 2794 4232 gratiarumejus
2823 4151 2966 4213 ani·

505 4275 663 4320 mae
694 4259 1283 4336 communicabat;
1318 4267 1385 4321 et
1416 4277 1578 4322 cum
1610 4258 1894 4338 juvenis
1936 4278 2076 4323 non
2117 4259 2418 4338 amplius
2454 4274 2671 4337 quam
2714 4258 2973 4337 viginti

505 4382 732 4427 annos
762 4374 970 4426 natus
1000 4373 1218 4444 esset,
1254 4374 1323 4427 et
1346 4363 1496 4443 jam
1513 4365 1661 4445 jam
1692 4368 1764 4429 in
1791 4366 2053 4429 ducatu
2081 4382 2545 4439 successurus
2573 4366 2796 4445 patri,
2831 4383 2972 4428 non

502 4489 758 4562 parum
787 4470 1278 4534 admirationis
1308 4471 1457 4551 ejus
1488 4474 1862 4536 maturitas
1907 4483 1974 4536 et
2014 4473 2176 4535 cani
2215 4490 2465 4536 sensus
2512 4490 2672 4534 eum
2712 4490 2969 4552 cogno·

505 4579 866 4641 scentibus
904 4577 1312 4641 afferebant.
1358 4579 1495 4642 Sed
1537 4597 1697 4642 cum
1737 4598 1982 4643 eorum
2022 4579 2420 4660 pater'tam
2449 4581 2626 4641 bene
2677 4590 2718 4642 a
2765 4579 2975 4642 Patre

506 4684 824 4748 Aeterno
856 4685 1361 4765 institueretur,
1403 4689 1660 4750 mirum
1689 4705 1831 4749 non
1863 4697 1970 4749 est
1999 4687 2060 4749 si
2090 4704 2381 4753 suorum
2427 4686 2975 4756 domesticorum
