3679 5414
762 488 865 546 116
1680 487 1936 547 Canon.
1980 486 2132 547 Soc·
2174 488 2316 561 Jsss.

750 621 876 696 sed
920 632 1177 711 Burgis
1225 641 1609 711 aegrotans
1655 640 1724 695 et
1765 634 2352 712 valetudinarius,
2395 641 2470 696 ut
2510 643 2727 714 supra
2778 635 3043 696 dictum
3079 648 3211 706 est.

753 739 1088 802 substitit.
2760 751 2765 755 ·

868 845 1008 909 271.
1096 846 1190 910 Ut
1218 862 1390 925 ergo
1419 845 1791 909 redeamus
1822 847 1913 908 ad
1957 847 2346 909 secundum
2387 855 2791 910 nostrorum
2834 847 3216 912 adventum

749 955 822 1016 in
851 953 1128 1033 insigne
1159 952 1610 1032 Methymnae
1643 952 1894 1033 Campi
1925 953 2281 1033 oppidum,
2317 972 2357 1016 a
2389 954 2727 1016 redeunte
2769 953 2842 1016 P.
2879 953 3213 1019 Torrensi

747 1061 1220 1140 impetratum,
1255 1059 1330 1122 P.
1366 1059 1686 1141 Baptista
1715 1060 2037 1123 Sanchez
2060 1060 2316 1122 mirum
2338 1060 2531 1122 dictu
2553 1070 2818 1139 quanta
2843 1078 3004 1123 cum
3029 1063 3211 1125 aedi·

746 1166 1074 1230 ficatione
1101 1166 1248 1229 suis
1277 1166 1735 1229 concionibus
1773 1168 2111 1246 populum
2150 1167 2344 1229 illum
2384 1167 2871 1229 commoverit.
2916 1166 3210 1231 Concio·

745 1273 1045 1336 nabatur
1076 1273 1324 1336 crebro
1355 1273 1427 1336 in
1457 1275 1719 1354 platea,
1753 1291 1892 1353 quo
1922 1273 2405 1352 negotiatores
2451 1273 2914 1354 conveniunt3
2949 1283 3019 1337 et
3050 1292 3212 1339 cum

744 1380 857 1443 ille
907 1380 1319 1461 incipiebat,
1362 1380 1684 1443 omnibus
1733 1380 1892 1443 aliis
1931 1379 2235 1459 negotiis
2274 1379 2572 1458 relictiS‚
2627 1397 2874 1443 omnes
2913 1381 3004 1444 ad
3043 1399 3203 1444 eum

744 1474 1006 1566 magna
1036 1503 1198 1549 cum
1228 1487 1614 1550 attentione
1644 1487 2069 1550 audiendum
2098 1485 2543 1549 confluebant
2572 1494 2641 1549 et
2672 1488 2955 1566 quidem
2999 1488 3207 1552 devo·

744 1595 1005 1657 tionem
1037 1593 1467 1657 audientium
1497 1592 1788 1657 fluentes
1809 1595 2173 1674 lacrymae
2202 1593 2668 1656 testabantur.
2695 1594 2772 1657 In
2794 1595 3026 1674 prima
3047 1611 3209 1658 con-

748 1702 972 1780 cione,
1008 1717 1222 1781 quam
1249 1700 1345 1763 ibi
1372 1700 1638 1779 habuit,
1674 1702 2021 1787 accedens
2053 1701 2171 1781 qui
2200 1700 2454 1763 summi
2484 1700 2945 1780 magistratus
2976 1704 3205 1765 locum

744 1809 1058 1884 tenebat,
1111 1808 1286 1871 dixit
1335 1808 1409 1871 P.
1464 1808 1914 1871 Ferdinando
1965 1807 2312 1882 Alvarez‚
2367 1807 2485 1887 qui
2519 1807 2986 1871 comitabatur
3044 1826 3207 1871 con·

744 1916 1144 1979 cionantem
1172 1915 1249 1978 Ρ.
1285 1915 1701 1997 Baptistam,
1728 1925 1803 1977 ut
1827 1915 1892 1978 ei
1915 1913 2348 1993 significaret
2371 1921 2445 1976 ut
2469 1931 2560 1976 ex
2582 1932 2666 1977 eo
2690 1915 2870 1993 loco,
2898 1915 3014 1977 ubi
3036 1932 3202 1978 con·

744 2024 1178 2103 cionabatur,
1216 2023 1674 2108 descenderet
1711 2034 1782 2085 et
1823 2022 1915 2084 ad
1953 2021 2326 2084 ecclesiam
2369 2021 2680 2084 vicinam
2717 2039 2794 2084 se
2826 2021 3205 2101 conferret,

741 2147 908 2194 nam
932 2148 1016 2194 eo
1040 2131 1399 2194 auditores
1421 2146 1582 2192 eum
1603 2129 1915 2192 secuturi
1937 2136 2162 2207 erant;
2190 2137 2259 2191 et
2282 2128 2353 2190 id
2376 2145 2452 2190 se
2469 2128 2703 2191 dicere
2728 2128 3199 2208 significabat,

740 2237 904 2317 quia
948 2254 1035 2300 ne
1078 2237 1312 2317 aliqua
1354 2235 1545 2299 furta
1583 2236 1654 2298 in
1695 2237 1931 2316 platea
1961 2234 2229 2314 fierent,
2263 2233 2653 2297 verendum
2681 2243 2857 2314 erat,
2892 2236 3058 2298 dum
3104 2236 3201 2298 illi

740 2328 1089 2406 audiendo
1119 2343 1417 2406 conferti
1444 2342 1765 2405 homines
1801 2343 2178 2405 vacabant.
2221 2341 2393 2405 Erat
2436 2341 2620 2403 inter
2659 2341 3019 2405 auditores
3057 2360 3201 2406 mo·

725 2450 1011 2536 ¹nachus
1032 2449 1317 2528 quidam
1342 2449 1904 2529 augustinianuS,
1934 2449 2427 2527 concionator,
2456 2448 2574 2528 qui
2595 2449 3046 2528 magistratui
3068 2467 3199 2530 pro

738 2555 948 2618 Patre
991 2555 1048 2619 F
1050 2556 1437 2619 erdinando
1467 2556 1828 2637 respondit
1859 2557 2052 2619 illam
2080 2573 2236 2618 esse
2264 2555 2661 2633 ecclesiam,
2698 2555 2812 2617 ubi
2843 2564 2997 2618 erat
3026 2574 3185 2619 con-

736 2662 1064 2744 gregatio
1106 2662 1433 2743 fidelium,
1469 2673 1536 2727 et
1565 2664 1740 2727 bene
1767 2663 2006 2727 facere
2035 2662 2110 2725 P.
2144 2662 2538 2742 Baptistam
2566 2663 2755 2743 quod
2787 2662 2879 2725 ibi
2909 2663 3196 2727 concio·

733 2778 1046 2850 naretur,
1075 2770 1190 2833 ubi
1211 2773 1449 2851 plures
1470 2788 1634 2834 eum
1662 2771 2040 2834 audiebant
2070 2786 2280 2849 quam
2305 2770 2443 2832 duo
2466 2754 2725 2849 templa
2752 2787 3008 2850 capere
3030 2788 3194 2852 pos·

734 2888 911 2940 sent.
954 2877 1097 2941 Alii
1139 2878 1334 2940 multi
1372 2877 1634 2940 similes
1662 2878 1976 2940 rationes
2005 2876 2479 2954 adducebant,
2513 2877 2697 2939 unde
2730 2877 3195 2956 magistratus

733 2985 1126 3049 auditorem
1163 3002 1239 3047 se
1278 2985 1588 3065 quietum
1627 2985 1989 3048 concionis
2025 2983 2378 3064 praebuit;
2425 2991 2493 3045 et
2532 2982 2854 3062 pacifice,
2901 2993 3189 3064 peracta

730 3092 1101 3170 concione,
1145 3091 1467 3170 recessit,
1509 3109 1639 3153 nec
1680 3108 1992 3171 unquam
2030 3090 2207 3152 alias
2244 3090 2387 3152 ullo
2426 3088 2644 3151 verbo
2683 3091 3183 3169 interpellavit.

733 3198 1303 3262 Concionabatur
1352 3209 1420 3261 et
1468 3197 1542 3260 P.
1607 3198 1926 3277 Baptista
1975 3196 2368 3260 Dominicis
2417 3212 2503 3257 ac
2560 3196 2757 3259 festis
2812 3196 3057 3260 diebus
3111 3198 3180 3260 in

727 3305 949 3368 variis
969 3305 1355 3386 parochiiS,
1385 3322 1685 3386 quarum
1710 3305 1995 3384 templa,
2028 3304 2192 3365 licet
2220 3302 2533 3366 maxima
2556 3313 2791 3366 essent
2820 3304 3040 3367 totius
3072 3322 3189 3384 op-

728 3412 901 3492 pidi,
945 3412 1339 3493 frequentia
1370 3411 1873 3475 confluentium
1900 3418 2099 3473 tanta
2128 3419 2283 3473 erat
2311 3420 2387 3472 ut
2417 3427 2503 3472 ea
2533 3410 2809 3489 ingredi
2839 3429 2981 3475 non
3023 3429 3181 3492 pos·

716 3528 866 3598 ,set3
906 3528 974 3581 et
1012 3528 1211 3582 tanta
1257 3536 1420 3582 cum
1457 3519 1855 3582 animorum
1904 3517 2373 3580 commotione
2416 3517 2721 3597 populus
2760 3536 2803 3579 a
2842 3518 3183 3581 concione

726 3624 1099 3689 recedebat
1130 3637 1206 3689 ut
1237 3644 1352 3689 res
1383 3641 1646 3704 magna
1675 3624 1960 3687 omnino
1991 3623 2456 3686 admiratione
2486 3623 2703 3702 digna
2734 3633 2940 3687 esset.

847 3730 986 3795 272.
1073 3733 1193 3795 Bis
1241 3732 1722 3813 negotiatores
1761 3730 2062 3793 nuncios
2101 3729 2191 3792 ad
2230 3729 2306 3791 P.
2348 3729 2408 3791 T
2411 3746 2775 3793 orrensem
2816 3722 3185 3794 Salmanti-

726 3856 886 3901 cam
915 3839 1257 3902 miserunt
1285 3850 1360 3904 ut
1389 3837 1778 3920 praefixam
1809 3836 2209 3917 quindecim
2228 3835 2501 3899 dierum
2529 3837 3000 3901 obedientiam
3022 3855 3176 3918 pro-

727 3956 1038 4025 rogaret,
1072 3956 1142 4010 et
1171 3946 1269 4008 ita
1297 3963 1517 4025 usque
1545 3945 1636 4007 ad
1666 3943 1986 4007 ultimum
2007 3942 2193 4005 diem
2212 3942 2553 4006 festorum
2589 3945 3074 4008 natalitiorum
3095 3963 3178 4008 ea

725 4061 1087 4134 protracta
1100 4052 1249 4131 fuit,
1277 4061 1346 4116 et
1363 4062 1744 4132 antequam
1758 4069 1844 4113 ea
1861 4050 2277 4130 exspiraret,
2296 4050 2630 4112 nuncium
2650 4051 2868 4113 alium
2889 4052 2980 4114 ad
2997 4068 3182 4115 eum-

724 4158 885 4249 dem
907 4159 1248 4222 miserunt
1268 4159 1550 4222 nomine
1582 4158 1893 4221 omnium
1926 4155 2318 4234 nationum,
2347 4172 2527 4235 quae
2550 4157 2642 4219 ad
2664 4157 3018 4221 nundinas
3049 4159 3182 4237 (fe-

723 4250 911 4328 r'iam
932 4265 1219 4343 vocant)
1244 4264 1727 4345 Methymnam
1750 4270 2258 4343 convenerant,
2284 4271 2361 4325 ut
2384 4279 2604 4343 usque
2629 4264 2720 4326 ad
2743 4263 3181 4329 dimidiatum

722 4389 1037 4435 mensem
1063 4371 1481 4454 januarium
1508 4388 1664 4434 eam
1690 4358 2124 4448 extenderet,
2152 4368 2316 4448 quia
2340 4377 2509 4431 tunc
2531 4369 3005 4433 nundinarum
3025 4368 3183 4433 finis

721 4488 886 4542 erat·
904 4478 1211 4558 futuruS,
1245 4486 1314 4541 et
1344 4495 1562 4558 usque
1588 4478 1678 4540 ad
1700 4475 2355 4557 Epiphaniameum
2379 4475 2849 4539 obtinuerunt.
2884 4475 3178 4541 Concio·

719 4594 929 4648 natus
957 4594 1062 4648 est
1091 4584 1304 4648 etiam
1334 4585 1408 4647 in
1424 4583 1871 4647 monasteriis
1898 4582 2413 4655 monachorum
2434 4600 2521 4645 ac
2543 4583 2978 4664 monialium3
3005 4586 3179 4647 mul·

718 4702 834 4756 tae
857 4692 1041 4754 inter
1061 4690 1439 4771 primarios
1470 4690 1666 4753 viros
1694 4687 2115 4751 dissidentes
2143 4687 2496 4751 amicitiae
2535 4689 2957 4754 conciliatae
2985 4700 3175 4769 sunu
