3679 5414
1507 464 1632 523 Ax.
1679 465 1815 522 1550
1852 513 1858 519 .
2815 462 2887 521 47

403 627 501 672 ex
529 609 780 689 quibus
809 609 1030 689 aliqui
1059 596 1390 672 monachi
1418 617 1623 671 erant
1653 616 2046 687 apostatae.
2082 606 2378 669 Curavit
2402 615 2639 669 autem
2666 616 2742 670 ut
2765 608 2881 686 qui

407 735 503 778 ex
529 715 638 778 his
666 715 1030 793 vixerunt,
1065 716 1156 778 ad
1186 717 1445 779 bonum
1476 724 1740 779 statum
1771 731 1848 776 se
1871 714 2315 793 reducerent,
2341 714 2459 793 qui
2482 723 2718 776 autem
2740 731 2883 776 mo·

407 823 773 886 riebantur
805 841 970 886 cum
997 823 1427 886 contritione
1457 831 1528 885 et
1564 823 1750 885 bono
1789 821 2155 902 proposito
2194 820 2499 883 faciendi
2538 821 2728 900 quod
2770 821 2884 884 de-

407 932 688 1009 bebant,
725 930 799 992 in
827 931 1066 1010 gratia
1099 928 1232 993 Dei
1263 938 1728 992 morerentur.
1771 927 1931 991 Non
1969 937 2208 991 tamen
2249 927 2369 990 diu
2408 946 2451 991 a
2486 927 2706 1008 priori
2752 928 2884 990 sol·
2999 944 3014 954 ·

407 1037 771 1100 licitudine
832 1054 1218 1117 corporum
1275 1036 1758 1100 curandorum
1804 1035 2135 1098 immunis
2184 1034 2348 1113 fuit;
2395 1035 2662 1115 placuit
2691 1035 2880 1098 enim

409 1143 567 1207 Deo
604 1155 680 1207 ut
719 1144 1026 1207 ministri
1068 1163 1110 1207 a
1151 1144 1492 1223 Pro-rege
1532 1144 1602 1205 in
1642 1143 1975 1223 hospitali
2005 1143 2367 1205 constituti
2395 1160 2533 1223 quo
2565 1143 2885 1222 aegrotis

408 1252 864 1330 inservirent,
898 1252 971 1314 in
1002 1252 1325 1314 morbum
1355 1251 1488 1331 ipsi
1518 1249 1931 1328 inciderent,
1966 1260 2035 1313 et
2067 1249 2348 1312 aliunde
2378 1249 2595 1312 etiam
2634 1266 2881 1329 aegro-

406 1359 726 1422 tantibus
763 1377 856 1422 ex
893 1359 1187 1421 vulnere
1226 1366 1347 1421 aut
1395 1357 1641 1420 morbo
1683 1357 2033 1437 hospitale
2083 1356 2525 1436 impleretur;
2569 1355 2754 1419 unde
2794 1356 2886 1418 ad

406 1466 724 1547 priorem
755 1466 1301 1529 sollicitudinem
1327 1460 1404 1527 P.
1438 1465 1729 1545 Laynez
1758 1481 1922 1527 cum
1945 1464 2141 1527 socio
2171 1464 2400 1527 rediit.

524 1574 628 1635 97.
720 1573 1055 1636 Pervenit
1085 1573 1355 1636 interea
1385 1572 1476 1635 ad
1505 1580 1743 1635 castra
1765 1570 2128 1650 Pro-regis
2149 1570 2627 1634 testimonium
2651 1568 2886 1633 Patris

405 1680 665 1759 Ignatii
697 1681 786 1743 de
815 1681 1051 1759 gratia
1073 1677 1360 1759 jubilaei
1389 1678 1731 1743 exercitui
1763 1695 2130 1755 concessa,
2163 1678 2350 1757 quod
2374 1694 2537 1740 cum
2561 1676 2885 1739 classicis

407 1799 475 1850 et
505 1789 698 1850 tubis
731 1804 854 1866 per
884 1795 1033 1851 tota
1063 1796 1301 1849 castra
1332 1786 1460 1849 fuit
1489 1786 2038 1866 promulgatum.
2073 1784 2317 1848 Voluit
2346 1784 2559 1847 etiam
2590 1783 2888 1847 Pro-rex

410 1906 484 1957 ut
512 1895 668 1975 ipse
699 1893 779 1956 P.
814 1894 1101 1974 Laynez
1131 1894 1217 1956 de
1247 1893 1496 1956 eodem
1517 1891 1824 1972 jubilaeo
1855 1892 2420 1955 concionaretur.
2451 1890 2614 1953 Fuit
2652 1897 2886 1953 autem

408 2019 495 2063 ea
534 2000 981 2079 indulgentia
1022 2017 1184 2061 cum
1234 2017 1511 2062 summa
1555 1999 1952 2062 animorum
1988 1998 2255 2061 laetitia
2296 2015 2381 2061 ac
2431 1996 2807 2061 devotione
2844 2013 2886 2059 a

413 2108 759 2170 militibus
789 2116 1111 2188 excepta,
1146 2116 1214 2170 et
1246 2106 1338 2169 ad
1367 2105 1850 2169 confessiones
1879 2105 2137 2168 milites
2166 2114 2312 2168 tam
2339 2104 2744 2185 frequentes
2774 2122 2886 2166 ac·

411 2215 769 2277 cedebant
821 2221 895 2277 ut
947 2213 1325 2293 aliquando
1375 2230 1597 2293 usque
1642 2212 1732 2275 ad
1773 2231 1904 2275 sex
1943 2212 2175 2275 noctis
2214 2213 2431 2274 horas
2467 2211 2542 2274 P.
2582 2211 2892 2294 Jacobus

410 2321 706 2401 Laynez
756 2321 830 2383 in
879 2302 1438 2383 confessionibus
1485 2318 1885 2399 hujusmodi
1922 2328 2110 2382 esset
2162 2328 2585 2400 occupatus;
2647 2336 2892 2381 omnes

411 2429 604 2492 enim
644 2425 953 2506 majores
1002 2436 1071 2490 et
1110 2427 1421 2490 minores
1461 2426 1596 2489 hac
1633 2425 1774 2489 frui
1811 2426 2252 2505 indulgentia
2294 2426 2769 2506 expetierunt,
2823 2433 2892 2487 et

412 2535 703 2614 plurimi
761 2534 983 2597 vitam
1043 2534 1114 2613 in
1171 2533 1421 2596 melius
1471 2542 1923 2595 mutaverunt
1981 2550 2066 2595 ac
2123 2533 2326 2595 bonis
2382 2532 2751 2596 desideriis
2806 2550 2891 2595 ac

409 2640 922 2704 intentionibus
943 2640 1237 2702 animati
1265 2640 1356 2702 ad
1386 2639 1988 2721 oppugnationem
2018 2640 2210 2702 urbis
2241 2657 2317 2702 se
2347 2647 2889 2721 praepararunt;

411 2769 499 2812 ex
534 2749 797 2830 quibus
829 2767 969 2811 non
1002 2749 1210 2827 pauci
1249 2748 1321 2810 in
1361 2756 1561 2810 tanta
1602 2747 1952 2827 spirituali
1994 2748 2417 2810 necessitate
2455 2757 2656 2811 erant
2697 2747 2892 2827 prius

411 2856 821 2933 constituti,
865 2865 941 2919 ut
973 2856 1095 2917 vix
1140 2854 1332 2916 aliud
1374 2873 1586 2935 quam
1625 2854 2175 2917 christianorum
2212 2871 2470 2917 nomen
2514 2872 2590 2916 se
2634 2837 2894 2917 habere

409 2963 892 3026 ostenderent.
935 2962 1087 3024 Pax
1135 2962 1313 3024 inter
1357 2962 1616 3023 multos
1668 2961 2048 3024 conciliata
2097 2970 2235 3039 est,
2290 2970 2358 3023 et
2409 2961 2895 3024 restitutiones

415 3072 677 3132 multae
711 3069 967 3131 factae.
1527 3079 1530 3084 ·

533 3175 641 3239 98.
732 3175 978 3256 Itaque
1011 3177 1192 3239 inter
1222 3174 1354 3238 has
1385 3176 1891 3255 occupationes
1919 3183 1988 3237 et
2019 3175 2219 3253 aliaS,
2255 3192 2432 3255 quas
2461 3174 2534 3236 in
2563 3174 2895 3254 hospitali

417 3285 729 3347 habebat
788 3301 949 3346 cum
1006 3293 1287 3346 centum
1345 3291 1415 3346 et
1471 3282 1987 3363 quinquaginta
2039 3282 2616 3361 aegrotantibuS,
2677 3289 2753 3343 ut
2804 3280 2896 3343 ad

414 3392 658 3453 cibum
702 3390 817 3453 vel
864 3407 1191 3454 somnum
1234 3389 1657 3470 capiendum
1696 3390 1822 3452 vix
1862 3398 2143 3468 tempus
2181 3397 2614 3469 suppeteret,
2657 3396 2896 3451 tamen

416 3497 666 3561 divina
707 3495 987 3560 bonitas
1026 3497 1098 3560 in
1142 3498 1296 3576 ipso
1347 3504 1419 3559 et
1469 3496 1666 3558 socio
1706 3495 2013 3558 Martino
2058 3513 2202 3559 non
2250 3496 2479 3558 solum
2516 3494 2896 3558 sanitatem

417 3605 544 3668 sed
577 3603 797 3667 etiam
823 3604 1015 3667 vires
1046 3603 1368 3683 corporis
1398 3603 1855 3666 conservavit
1877 3653 1891 3682 ,
1937 3620 2098 3666 cum
2136 3621 2279 3665 non
2317 3603 2545 3665 solum
2586 3603 2705 3665 alii
2744 3603 2895 3665 reli-

417 3711 606 3792 giosi
654 3719 727 3773 et
778 3710 1177 3789 infirmarii,
1225 3728 1473 3773 verum
1519 3710 1733 3774 etiam
1782 3711 2414 3790 pharmacopolae,
2470 3709 2784 3788 chirurgi
2828 3719 2896 3772 et

421 3819 675 3898 reliqui
735 3835 981 3881 omnes
1031 3816 1400 3898 hospitalis
1450 3817 1753 3880 ministri
1809 3817 1882 3879 in
1938 3818 2261 3879 morbum
2315 3816 2747 3879 incidissent.
2809 3816 2896 3878 Et

425 3943 722 4006 prorsus
764 3924 1103 4005 peculiari
1155 3923 1287 3987 Dei
1344 3924 1836 4004 providentiae
1893 3923 2071 3986 haec
2130 3924 2582 3986 conservatio
2635 3922 2894 3985 adscri-

421 4032 653 4095 benda
682 4041 838 4096 erat
878 4049 1069 4109 cum,
1111 4039 1395 4112 praeter
1440 4040 1715 4094 aestum
1755 4039 1824 4093 et
1864 4030 2216 4108 laborem,
2260 4029 2631 4109 hospitalis
2669 4029 2896 4092 foetor

419 4150 612 4203 esset
655 4139 1148 4218 gravissimus.
1186 4138 1575 4220 Oportebat
1606 4139 1892 4217 insuper
1924 4137 2024 4199 uti
2051 4137 2379 4200 noctibus
2408 4137 2623 4199 etiam
2652 4151 2895 4216 surge-

422 4257 583 4311 rent
636 4248 728 4310 ad
778 4246 1169 4309 medicinas
1199 4246 1474 4310 dandas
1522 4254 1592 4308 et
1643 4245 1782 4308 alia
1833 4244 2359 4323 aegrotantium
2400 4243 2666 4306 auxilia
2714 4251 2784 4305 et
2821 4251 2898 4305 ut

417 4371 605 4434 quae
659 4354 1069 4418 necessaria
1119 4362 1323 4416 erant
1374 4372 1416 4415 a
1458 4352 1818 4430 Pro-rege
1859 4352 2154 4432 ipsemet
2196 4352 2485 4431 Laynez
2525 4351 2892 4413 obtineret.

425 4462 625 4526 Unde
669 4461 927 4525 milites
946 4510 961 4539 ,
1003 4461 1121 4540 qui
1151 4479 1241 4524 ex
1270 4459 1519 4524 Africa
1551 4460 1943 4538 redierunt,
1976 4476 2120 4522 non
2150 4460 2524 4522 cessabant
2554 4456 2704 4537 ejus
2737 4457 2896 4522 cha-

421 4570 708 4633 ritatem
735 4567 1241 4632 commendare
1271 4567 1570 4630 dicendo
1613 4583 1774 4630 eum
1803 4584 1960 4629 esse
1990 4566 2224 4630 virum
2255 4575 2583 4629 sanctum
2611 4573 2681 4628 et
2711 4565 2897 4645 quod

425 4693 781 4759 nunquam
807 4676 873 4739 ei
899 4674 1199 4740 similem
1221 4673 1575 4746 hominem
1602 4675 1944 4737 vidissent
1978 4675 2095 4755 qui
2118 4670 2328 4737 talem'
2363 4673 2899 4752 aegrotantibus
