3679 5414
1606 510 1735 570 Au.
1780 509 1912 568 1551
2874 503 2983 567 359

511 659 765 723 decem
802 675 893 721 ex
931 657 1040 721 his
1077 658 1317 738 pueris
1357 657 1729 736 orphanis,
1774 644 1951 737 quos
1990 655 2234 720 Abbas
2281 652 2531 718 Petrus
2568 653 2983 718 Domenech

517 768 704 831 inter
729 756 901 829 ‘suos
930 766 1290 846 orphanos
1319 766 1660 845 elegerat,
1695 781 1873 844 quos
1904 763 2308 844 aptissimos
2345 779 2502 825 esse
2535 761 2983 842 Judicaverat

519 885 631 954 ut,
661 882 1035 955 postquam
1067 873 1386 936 instituta
1427 872 1674 935 fuisset
1713 873 1785 934 in
1822 871 2021 935 India
2060 870 2542 951 orphanorum
2578 869 2863 946 domuS,
2912 868 2984 932 in

512 981 948 1047 Societatem
978 980 1252 1043 admitti
1278 987 1589 1061 possent;
1622 996 1788 1042 nam
1818 978 2020 1057 abeo
2050 978 2165 1040 sic·
2183 977 2729 1041 instituebantur
2758 986 2834 1039 ut
2864 975 2984 1056 qui

521 1107 695 1171 prae
726 1088 1028 1151 caeteris
1057 1087 1343 1166 ingenio
1374 1096 1442 1149 et
1471 1086 1704 1149 indole
1734 1085 2122 1165 pollebant,
2158 1083 2247 1147 ad
2287 1081 2715 1147 Societatem
2752 1083 2988 1146 idonei

523 1194 1007 1260 redderentur.
1043 1194 1365 1276 Quinque
1395 1201 1766 1284 praeterea
1797 1192 2201 1273 spirituales
2229 1192 2397 1270 viri,
2431 1191 2738 1254 venditis
2777 1191 2989 1254 rebus

522 1304 672 1367 suis
702 1312 770 1366 et
802 1303 873 1365 in
902 1320 1110 1365 usum
1137 1319 1530 1383 pauperum
1555 1301 1741 1363 bona
1770 1318 1862 1362 ex
1887 1307 2089 1380 parte
2119 1299 2530 1377 distributiS,
2558 1299 2706 1361 suis
2734 1316 2989 1378 expen-

513 1411 621 1473 sis
649 1409 1187 1488 navigationem
1216 1409 1289 1471 in
1317 1407 1589 1471 Indiam
1612 1416 1775 1470 sunt
1806 1407 2167 1488 aggressi,
2199 1415 2276 1470 ut
2306 1406 2379 1469 in
2416 1405 2614 1469 India
2655 1406 2728 1468 in
2757 1403 2993 1468 Socie-

525 1525 744 1580 tatem
774 1516 1348 1595 admitterentur;
1382 1525 1451 1578 et
1483 1532 1646 1595 spes
1676 1514 1849 1595 ipsis
1878 1514 2044 1577 data
2074 1521 2212 1591 est,
2247 1512 2464 1594 quod,
2499 1512 2758 1576 sibene
2790 1512 2861 1574 in
2889 1511 2992 1574 iti·

527 1630 697 1687 nere
727 1641 803 1686 se
842 1623 1260 1702 gessissent,
1295 1622 1391 1685 ibi
1431 1630 1668 1684 essent
1706 1619 2141 1685 admittendi.
2186 1618 2571 1683 Commode
2602 1629 2837 1683 autem
2866 1619 2996 1681 sub

521 1732 759 1812 ipsum
788 1739 1065 1811 tempus
1104 1729 1590 1809 navigationis
1636 1728 2054 1791 fasciculum
2097 1728 2492 1790 litterarum
2532 1746 2574 1790 a
2611 1726 2688 1789 Ρ.
2720 1726 2996 1806 Ignatio

525 1847 987 1917 acceperunt,
1025 1838 1277 1918 quibus
1308 1837 1586 1900 litterae
1619 1836 2055 1916 apostolicae
2095 1834 2653 1898 confirmationis
2693 1832 2997 1897 Societa-

521 1945 619 2008 tis
648 1962 776 2025 per
802 1945 1069 2027 Julium
1090 1942 1506 2007 Pontificem
1529 1942 1764 2006 factae
1788 1952 1858 2005 et
1889 1943 2060 2021 alia,
2088 1958 2268 2022 quae
2296 1941 2708 2021 gratissima
2732 1924 2997 2003 nostris

523 2052 603 2115 in
640 2052 838 2115 India
869 2060 1073 2115 erant
1102 2051 1371 2131 futura,
1406 2051 1977 2127 continebantur,
2021 2067 2199 2129 quas
2235 2047 2483 2112 Patres
2527 2066 2771 2111 secum
2811 2048 3001 2111 detu-

528 2160 782 2238 lerunt,
817 2175 1059 2222 mense
1090 2157 1346 2221 Martio
1379 2157 1809 2238 Ulyssipona
1834 2174 1991 2225 cum
2018 2158 2246 2219 classe
2275 2155 2709 2219 recedentes
2745 2136 2834 2220 Et
2856 2165 3004 2218 tam

522 2265 679 2346 apti
718 2265 809 2329 ad
847 2264 1242 2345 spiritualia
1281 2272 1349 2327 et
1388 2264 1807 2345 temporalia
1859 2263 1932 2325 in
1981 2263 2181 2326 India
2224 2262 2597 2326 tractanda
2640 2262 2715 2324 hi
2754 2261 3004 2325 Patres

531 2373 1022 2451 censebantur,
1057 2371 1174 2452 qui
1206 2372 1342 2434 hoc
1373 2389 1560 2434 anno
1592 2372 1665 2433 in
1689 2370 1965 2433 Indiam
2004 2369 2202 2433 missi
2240 2379 2433 2448 sunt,
2469 2379 2548 2432 ut
2587 2370 2708 2433 alii
2737 2369 2811 2432 in
2838 2368 3003 2432 Por-

533 2479 828 2560 tugallia
860 2479 1170 2559 aptiores
1194 2479 1361 2557 eligi
1395 2495 1537 2540 non
1567 2477 1885 2557 potuisse
1917 2486 2371 2539 censerentur
2401 2474 2441 2535 ¹.
2578 2473 2586 2477 ’

648 2586 790 2650 399.
880 2585 1057 2649 Cum
1099 2584 1412 2665 Collegio
1468 2582 1846 2648 Societatis
1908 2583 2451 2647 conimbricensi
2507 2583 3000 2663 praeceptoria

523 2691 777 2758 Sancti
807 2691 1121 2772 Antonii,
1153 2691 1569 2756 facultatem
1601 2690 1980 2772 quamdam
2011 2690 2278 2754 habens
2308 2688 2590 2771 petendi
2620 2691 3000 2770 eleemosy-

533 2818 703 2864 nam
732 2800 1098 2880 (petitoria
1128 2799 1508 2877 vocabant)
1542 2798 1900 2879 applicata
1924 2809 2130 2877 esset,
2167 2797 2531 2861 admonuit
2560 2798 2635 2861 P.
2666 2780 3001 2861 ⁸Urbanus

531 2909 757 2970 multa
787 2906 1279 2986 indignissima
1319 2906 1407 2968 ab
1440 2906 1575 2968 illis
1614 2905 1959 2992 ministris
1997 2905 2421 2985 perpetrari,
2458 2905 2576 2985 qui
2604 2903 3005 2984 huJusmodi

533 3014 863 3096 petitoria
891 3014 1351 3090 exercebant,
1386 3030 1549 3076 cum
1575 3030 1705 3093 pro
1736 3029 1935 3075 more
1967 3010 2359 3092 Collegium
2395 3013 2535 3075 tale
2574 3028 2830 3074 munus
2867 3011 3002 3074 illis

536 3121 1033 3200 committeret,
1066 3129 1135 3182 et
1183 3120 1275 3183 ad
1312 3120 1576 3183 bonum
1604 3136 1860 3182 nomen
1900 3117 2275 3182 Societatis
2314 3117 2835 3181 obscurandum
2864 3117 3002 3181 hoc

533 3226 795 3307 facere;
829 3227 1194 3290 admonuit
1230 3227 1566 3290 molestas
1610 3227 1825 3289 etiam
1856 3243 2011 3288 esse
2056 3226 2305 3288 amicis
2342 3224 2824 3306 spiritualibus
2867 3226 2997 3288 ele-

525 3351 935 3415 emosynas,
970 3352 1060 3397 ex
1089 3334 1342 3414 quibus
1373 3334 1599 3396 nostri
1629 3333 2102 3413 Ulyssiponae
2133 3340 2200 3395 et
2229 3331 2302 3395 in
2331 3332 2529 3395 curia
2559 3330 2777 3411 Regis
2806 3331 3001 3396 vive·

530 3442 701 3505 bant
731 3449 799 3504 et
838 3440 928 3503 ad
966 3440 1497 3503 diminuendam
1533 3440 2129 3503 existimationem
2168 3458 2255 3502 ac
2295 3440 2744 3503 devotionem
2782 3439 2998 3502 homi·

527 3565 698 3611 num
721 3564 895 3627 erga
918 3543 1344 3611 Societatem
1368 3547 1438 3610 id
1462 3547 1736 3625 cedere,
1767 3556 1835 3609 et
1861 3546 2118 3609 ostium
2141 3554 2392 3626 patens
2423 3546 2704 3625 magnis
2726 3546 2996 3628 pericu·

529 3655 617 3718 lis
634 3655 917 3736 aperiri.
949 3653 1258 3735 Optabat
1281 3653 1467 3716 idem
1489 3652 1823 3717 Urbanus
1838 3639 2579 3733 magnopere'regulas
2599 3651 2992 3731 Societatis,

528 3772 608 3825 ut
644 3780 721 3825 se
760 3759 837 3824 P.
882 3762 1139 3842 Ignatii
1176 3761 1526 3824 voluntati
1567 3761 1638 3823 in
1680 3760 2006 3823 omnibus
2046 3759 2601 3839 conformarent,
2645 3760 2992 3842 accipere3

525 3887 708 3950 quas
737 3877 977 3932 tamen
1006 3886 1225 3950 usque
1256 3867 1347 3931 ad
1378 3863 1641 3931 annum
1671 3875 2114 3948 sequentem,
2149 3885 2286 3947 quo
2316 3867 2391 3931 P.
2426 3867 2698 3931 Natalis
2728 3886 2811 3931 eo
2842 3886 2994 3948 per·

527 3977 757 4055 venit,
792 3993 936 4039 non
967 3983 1395 4057 acceperunt
1419 3973 1465 4038 ¹.

647 4081 790 4145 400.
876 4082 1139 4146 Missus
1162 4082 1600 4145 Bracharam
1625 4082 1701 4145 Ρ.
1729 4081 2134 4145 Gonsalvus
2157 4081 2243 4144 de
2264 4067 2592 4162 Sylveira
2616 4099 2776 4145 cum
2796 4082 2994 4145 socio

528 4190 603 4253 in
633 4190 883 4253 itinere
924 4207 1069 4252 non
1107 4207 1363 4269 parum
1406 4185 1671 4252 laboris
1709 4190 2050 4270 tulerunt,
2083 4206 2245 4252 cum
2273 4189 2424 4252 sine
2460 4186 2761 4269 pecunia
2799 4189 2996 4252 missi

608 4393 625 4426 ¹
685 4392 941 4437 Polnncus
962 4394 1156 4437 Abbati
1175 4392 1329 4437 Petro
1358 4392 1656 4437 Domenech
1688 4393 1839 4447 plura
1874 4393 1935 4436 de
1973 4392 2036 4436 iis
2071 4404 2203 4448 quae
2238 4392 2434 4437 Romae
2466 4393 2518 4437 in
2552 4394 2787 4438 savorem
2817 4394 2994 4437 domus

522 4464 876 4520 orphanorum
896 4465 1315 4521 Ulyssiponensis
1334 4467 1669 4520 gerebantur,
1695 4466 1712 4507 l
1737 4463 1998 4517 januarii,
2022 4465 2074 4508 15
2091 4464 2265 4509 Martii
2287 4470 2339 4508 et
2361 4467 2380 4509 1
2402 4464 2550 4518 Mam
2571 4465 2738 4509 eidem
2757 4466 2992 4520 Ignatim

525 4536 875 4591 orphanorum
896 4536 1076 4579 domus
1098 4547 1277 4580 curam
1298 4547 1397 4580 non
1412 4547 1559 4590 posse
1583 4546 1614 4578 a
1636 4535 1782 4579 nobis
1801 4536 2019 4590 suscipi,
2046 4537 2064 4579 1
2088 4535 2240 4593 Junii.

605 4607 629 4639 ⁸
681 4608 960 4662 Polancus,
985 4619 1051 4651 ex
1071 4620 1201 4652 com.
1219 4641 1233 4662 ,
1252 4608 1463 4652 Urbano
1485 4607 1805 4660 Fernandez,
1829 4607 2258 4652 conimbricensis
2280 4607 2498 4663 collegii
2518 4607 2730 4652 Rectori
2745 4640 2756 4660 ,
2778 4608 2840 4651 de
2857 4609 2993 4662 petz·-

521 4680 686 4723 toriis
711 4686 766 4724 et
794 4680 1050 4731 Abbatia‚
1086 4688 1144 4723 ut
1182 4678 1440 4723 Simonem
1475 4677 1803 4722 Rodericium
1838 4680 2075 4723 consulat
2108 4680 2317 4734 ejusque
2346 4681 2538 4735 judicio
2567 4685 2699 4734 stet;
2733 4679 2992 4734 Ignatium

524 4757 701 4795 tamen
717 4751 953 4806 Judicare
975 4751 1318 4795 scholasticos
1338 4751 1391 4795 in
1413 4750 1662 4805 Collegiis
1683 4763 1748 4793 ex
1769 4751 2058 4795 mendicato
2078 4751 2259 4796 vivere
2281 4763 2380 4795 non
2400 4752 2640 4806 expedire
2656 4783 2666 4803 ,
2692 4750 2880 4804 lJunii.
