3679 5414
709 471 822 530 394
1304 528 1310 533 ,
1645 468 1901 530 Cnnou.
1941 467 2095 528 soe.
2136 468 2277 542 Jas.

708 619 841 681 dos
890 616 1288 697 hujusmodi
1341 615 1656 703 defectus
1705 616 2110 679 necessaria
2162 624 2344 690 erat;
2401 614 2602 677 multi
2650 622 2888 677 tamen
2939 631 3030 677 ex
3070 615 3171 677 eis

708 725 995 805 egregie
1023 724 1580 805 perseverabant
1612 724 1684 786 in
1713 722 1849 808 fide
1881 722 2271 786 christiana
2300 732 2368 785 et
2393 722 2464 784 in
2488 721 2803 784 moribus
2825 719 2986 784 fidei
3008 739 3169 785 con-

715 832 1105 911 sentaneis;
1138 833 1324 894 bono
1348 831 1635 910 ingenio
1661 830 1865 911 pueri
1886 829 2190 911 praediti
2220 837 2443 906 erant,
2471 839 2540 893 et
2563 829 2850 909 egregie
2874 829 3173 915 catechi-

707 948 946 1006 smum·
967 938 1460 1016 addiscebant,
1497 937 1825 1018 quamvis
1854 938 2152 1000 multum
2174 937 2278 1000 eis
2299 934 2780 1017 impedimenti
2801 945 3175 1015 parentum

706 1047 1029 1127 impietas
1060 1058 1128 1108 et
1153 1046 1535 1126 praecipue
1565 1061 1832 1123 eorum,
1868 1044 1987 1124 qui
2017 1044 2208 1124 apud
2235 1044 2431 1125 ipsos
2456 1044 2685 1106 sancti
2706 1042 3171 1120 habebantur,

706 1153 1095 1216 adferebat.
1150 1151 1393 1232 Aliqui
1441 1151 1897 1214 nihilominus
1936 1156 2278 1231 'parentes
2321 1167 2490 1213 suos
2518 1150 2701 1213 filios
2728 1150 3025 1213 libenter
3054 1149 3170 1213 do·

705 1260 972 1323 cendos
1004 1260 1414 1324 offerebant.
2945 1315 2948 1318 ,

825 1368 965 1431 463.
1052 1369 1131 1431 In
1159 1369 1421 1449 populo
1451 1368 1708 1443 Portus
1738 1366 1985 1431 Securi
2018 1367 2282 1445 aliquot
2315 1382 2594 1429 menses
2622 1364 2752 1428 fuit
2794 1363 2871 1427 Ρ.
2902 1365 3172 1428 Navar-

706 1492 830 1538 rus
866 1483 966 1553 et,
1010 1482 1174 1538 curn
1224 1475 1385 1538 inde
1424 1475 1516 1538 ad
1562 1491 1791 1554 pagos
1828 1474 2199 1554 gentilium
2241 1471 2638 1535 visitandos
2675 1489 2753 1534 se
2794 1472 3169 1553 conferret,

706 1599 957 1662 parum
989 1581 1211 1645 abfuit
1256 1582 1423 1663 quin
1467 1582 1539 1644 in
1578 1581 1829 1661 rapido
1872 1580 2179 1662 quodam
2218 1580 2503 1643 flumine
2549 1580 2901 1642 extinctus
2939 1579 3172 1659 fuerit,

705 1689 826 1752 ubi
853 1689 1244 1752 monachus
1273 1689 1559 1769 quidam
1582 1687 1831 1752 Sancti
1860 1686 2159 1751 Antonii
2186 1689 2400 1768 paulo
2430 1696 2594 1749 ante
2615 1685 2844 1750 fuerat
2866 1687 3176 1749 submer-

707 1812 862 1876 sus3
913 1806 980 1859 et
1004 1814 1179 1877 ,per
1216 1797 1463 1876 sylvas
1493 1797 1860 1877 quasdam,
1906 1796 1979 1859 in
2016 1795 2271 1876 quibus
2299 1794 2493 1857 ferae
2522 1812 2665 1857 non
2712 1811 2984 1875 paucae
3031 1810 3173 1856 mo·

705 1905 925 1966 lestae
969 1903 1364 1966 viatoribus
1408 1920 1563 1965 esse
1608 1904 1835 1965 solent
1861 1912 1929 1965 et
1972 1902 2448 1982 periculosae,
2496 1910 2978 1980 transeuntes,
3028 1910 3175 1963 tan-

707 2010 867 2073 dem
897 2011 988 2073 ad
1016 2011 1253 2073 locum
1283 2010 1658 2090 quemdam
1692 2019 2066 2088 venerunt,
2109 2010 2183 2072 in
2225 2026 2362 2089 quo
2404 2026 2651 2072 omnes
2695 2009 2969 2071 incolae
2999 2007 3173 2070 ebrii

708 2126 941 2196 erant;
995 2118 1240 2180 vinum
1291 2117 1476 2180 enim
1525 2117 1716 2196 quod
1766 2135 1856 2180 ex
1907 2118 2215 2197 quadarn
2272 2117 2513 2180 radice
2564 2116 2980 2195 conficiunt,
3034 2116 3170 2178 ine·

708 2225 942 2287 briare
972 2225 1180 2302 solet,
1216 2233 1286 2287 et
1322 2224 1393 2286 hi
1437 2224 1792 2302 homineS,
1837 2224 2101 2303 alioqui
2139 2223 2315 2286 satis
2353 2222 2513 2302 feri,
2559 2241 2721 2286 cum
2763 2222 2937 2286 ebrii
2984 2230 3168 2298 sunt,

709 2330 1240 2393 inhumaniores
1277 2330 1491 2394 etiam
1532 2330 1921 2394 redduntur
1962 2340 2031 2393 et
2070 2331 2243 2393 nulli
2281 2332 2509 2393 solent
2547 2330 2949 2410 ignoscere;
3003 2338 3070 2392 et
3112 2329 3173 2392 si

709 2437 901 2500 aliud
939 2455 1082 2500 non
1119 2446 1417 2518 possunt
1455 2438 1625 2500 mali
1664 2437 1956 2517 inferre,
2000 2436 2238 2517 ignem
2279 2435 2596 2517 injiciunt
2639 2437 2879 2500 domui
2920 2436 2993 2500 in
3035 2453 3175 2517 qua

710 2545 987 2606 externi
1017 2555 1414 2608 versantur.
1451 2543 1633 2623 Quia
1662 2554 1905 2608 tamen
1933 2561 2196 2624 magna
2225 2544 2468 2625 pluvia
2499 2554 2683 2624 erat,
2734 2544 3174 2607 diverterunt

708 2651 935 2714 nostri
973 2650 1065 2714 ad
1104 2651 1485 2731 quamdam
1521 2652 1837 2731 domum,
1885 2651 1976 2715 ad
2016 2669 2229 2733 quam
2270 2652 2513 2715 statim
2546 2668 2789 2714 omnes
2833 2668 2994 2714 cum
3033 2668 3173 2714 ma-

708 2774 851 2836 gno
883 2757 1124 2820 furore
1154 2760 1623 2821 convolarunt
1652 2776 1813 2822 cum
1845 2759 2131 2822 ensibus
2161 2768 2230 2821 et
2261 2759 2418 2821 aliis
2447 2759 2699 2838 armis;
2742 2759 2867 2821 sed
2907 2758 3170 2837 placuit

707 2863 863 2927 Deo
892 2873 968 2926 ut
996 2865 1199 2928 bonis
1226 2865 1485 2943 verbiS,
1518 2883 1700 2945 quae
1728 2883 1858 2946 per
1889 2867 2345 2946 interpretem
2375 2867 2477 2928 eis
2502 2864 2991 2945 loquebantur,
3023 2867 3175 2945 pla-

708 2981 1061 3035 carentur.
1097 2972 1329 3051 Mane,
1364 2990 1525 3036 cum
1556 2991 1809 3053 parum
1839 2990 2143 3053 capaces
2186 2972 2318 3036 hos
2363 2972 2680 3035 homines
2713 2973 3168 3051 invenissent,

708 3078 800 3142 ad
831 3080 1045 3141 alium
1082 3080 1420 3160 populum
1459 3098 1534 3142 se
1575 3080 2053 3160 contulerunt,
2099 3080 2170 3142 in
2214 3098 2351 3161 quo
2392 3081 2512 3160 qui
2551 3080 2820 3160 primas
2865 3079 3170 3160 tenebat,

708 3202 869 3247 cum
909 3186 1200 3265 reliquis
1240 3184 1555 3266 ejusdem
1593 3187 1793 3267 pagi,
1843 3187 2261 3250 decreverat
2306 3204 2549 3250 omnes
2593 3186 2790 3250 albos
2830 3186 3171 3264 homineS,

707 3292 1131 3373 quicumque
1160 3293 1230 3356 in
1255 3294 1569 3374 ipsorum
1599 3310 1850 3355 manus
1871 3293 2308 3371 incidissent,
2336 3293 2707 3356 devorare.
2737 3292 2917 3356 Cum
2939 3300 3176 3355 tamen

707 3399 933 3462 nostri
961 3417 1044 3462 eo
1074 3401 1586 3480 pervenissent,
1614 3400 1919 3480 benigne
1943 3401 2032 3463 ab
2063 3418 2147 3463 eo
2177 3401 2455 3481 excepti
2477 3409 2662 3480 sunt,
2689 3408 2759 3462 et
2788 3417 2912 3462 eos
2942 3400 3174 3463 audie-

709 3505 860 3584 bat,
903 3515 972 3568 et
1013 3523 1195 3586 quae
1233 3524 1360 3587 per
1401 3506 1858 3587 interpretem
1902 3507 1989 3570 de
2033 3507 2358 3571 doctrina
2397 3507 2785 3570 christiana
2828 3524 3174 3587 propone·

712 3612 989 3692 bantur,
1045 3613 1340 3677 libenter
1394 3632 1469 3676 se
1519 3614 1765 3686 audire
1817 3613 2344 3694 significabant;
2378 3632 2519 3677 non
2549 3623 2787 3677 tamen
2815 3614 3171 3677 audebant

709 3718 928 3781 verba
958 3717 1109 3799 ejus
1139 3721 1503 3784 doctrinae
1542 3722 2053 3801 pronunciare;
2101 3721 2387 3802 quidam
2428 3721 2612 3785 enim
2655 3722 3034 3802 sortilegus
3074 3721 3178 3785 eis

709 3836 1196 3905 persuaserat,
1230 3828 1288 3889 si
1319 3826 1540 3889 verba
1564 3828 1681 3891 illa
1712 3845 1839 3891 suo
1882 3845 2005 3890 ore
2045 3828 2538 3908 protulissent,
2582 3827 2820 3891 statim
2860 3846 2980 3891 eos
3018 3845 3175 3891 esse

710 3933 1116 3996 morituros.
1151 3932 1267 3997 Sic
1308 3951 1434 4014 per
1479 3935 1620 3998 alia
1659 3936 1814 3998 loca
1859 3935 2086 4000 nostri
2126 3935 2613 3998 discurrerunt
2653 3953 2814 3998 cum
2852 3952 2994 3997 non
3031 3934 3176 3998 exi-

708 4055 853 4116 gua
883 4040 1099 4102 animi
1128 4041 1516 4120 moestitia,
1553 4040 1739 4121 quod
1769 4041 2091 4104 homines
2119 4041 2276 4104 illos
2305 4041 2376 4103 in
2404 4051 2552 4105 tam
2589 4042 2827 4105 densis
2868 4040 3176 4105 tenebris

712 4144 1159 4224 ignorantiae
1182 4147 1318 4210 Dei
1339 4148 1617 4210 versari
1645 4157 1929 4228 tamque
1956 4149 2139 4211 male
2162 4148 2543 4228 dispositos
2573 4148 2663 4211 ad
2692 4146 2900 4211 fidem
2931 4149 3175 4211 admit·

709 4252 996 4316 tendam
1020 4254 1379 4335 videbant,
1407 4256 1734 4341 quamvis
1762 4255 2064 4328 libenter
2096 4273 2276 4337 quae
2301 4256 2386 4318 de
2416 4255 2805 4319 christiana
2834 4255 3177 4335 religione

709 4358 1157 4440 dicebantur,
1219 4362 1462 4425 audire
1509 4380 1586 4426 se
1637 4362 2168 4443 significabant,
2232 4364 2445 4427 immo
2499 4372 2568 4426 et
2617 4361 3019 4427 desiderare
3058 4363 3177 4426 ba·

707 4466 1066 4545 ptismum.
1379 4529 1384 4535 .
3126 4477 3127 4480 ’

830 4575 970 4636 464.
1057 4575 1457 4655 Aliquando
1489 4595 1578 4639 ex
1610 4576 1868 4656 oppido
1899 4575 2155 4640 Portus
2186 4576 2432 4640 Securi
2477 4577 3022 4655 egrediebantur
3055 4595 3175 4640 no·

713 4681 841 4742 stri
865 4679 955 4742 ad
984 4696 1208 4759 pagos
1237 4681 1511 4745 vicinos
1533 4692 1609 4745 ut
1634 4684 1910 4762 aliquos
1938 4683 2402 4764 baptizarent,
2436 4684 2558 4764 qui
2579 4694 2807 4747 morte
2830 4684 3177 4747 afficiendi
