3679 5414
1540 511 1665 569 Ax.
1712 512 1851 568 1552
2813 509 2922 568 643

448 660 853 738 ingressum
883 674 1090 720 suum
1118 657 1190 719 in
1221 656 1647 720 Societatem
1678 657 1974 719 arbitrio
1999 655 2072 718 P.
2099 655 2465 719 Francisci
2489 655 2913 735 subjecerat,

454 766 782 846 quamvis
821 766 908 827 ab
953 781 1210 827 causas
1248 765 1505 827 rationi
1546 781 1898 827 consonas
1938 782 2067 827 suo
2109 764 2182 826 in
2225 772 2414 826 statu
2456 764 2745 826 relictus
2789 772 2917 825 est.

453 873 692 953 Aliqui
721 872 860 935 viri
888 888 1152 951 graves
1182 872 1268 934 de
1298 872 1624 951 ingressu
1656 872 1869 934 etiam
1901 873 2239 951 agebant.
2286 870 2411 933 sed
2451 870 2760 950 quinque
2806 872 2923 933 vel

455 998 583 1043 sex
612 997 784 1060 prae
816 979 1117 1042 caeteris
1144 980 1377 1059 magis
1406 981 1777 1059 urgebant,
1815 988 1885 1041 et
1914 996 2076 1041 cum
2105 995 2412 1057 magnae
2455 986 2524 1040 et
2563 976 2816 1039 domus
2856 987 2924 1039 et

456 1088 559 1150 rei
588 1086 963 1149 familiaris
997 1096 1233 1149 essent
1265 1087 1662 1165 angustiae,
1706 1094 1946 1149 tamen
1987 1086 2116 1148 sub
2162 1085 2330 1147 anni
2371 1083 2580 1148 finem
2620 1083 2767 1147 fere
2807 1084 2924 1146 tri-

456 1196 657 1274 ginta
709 1194 781 1257 in
833 1193 1148 1273 Collegio
1212 1193 1697 1274 Complutensi
1751 1192 1901 1273 jam
1958 1195 2550 1271 numerabantur,
2613 1192 2926 1272 egregiis

456 1300 762 1382 praediti
793 1302 1132 1381 ingeniis;
1169 1319 1334 1381 pars
1366 1319 1611 1364 eorum
1641 1302 1714 1363 in
1744 1301 2167 1379 theologicis
2196 1309 2266 1363 et
2298 1300 2437 1363 alia
2467 1316 2638 1380 pars
2666 1300 2740 1362 in
2780 1299 2924 1379 phi-

458 1408 844 1488 losophicis
874 1408 1125 1471 studiis
1164 1410 1637 1471 versabantur
1676 1418 1745 1470 et
1785 1407 1876 1470 ad
1914 1408 2461 1486 abnegationem
2503 1407 2613 1469 sui
2652 1423 2926 1469 summo

444 1515 812 1579 desiderio
869 1514 1307 1594 ferebantur,
1345 1525 1416 1578 et
1463 1514 1921 1578 nihilominus
1970 1515 2040 1576 in
2091 1515 2342 1577 studiis
2385 1531 2512 1594 per
2555 1514 2930 1592 diligentes

460 1622 1013 1686 exercitationes
1042 1622 1526 1702 proficiebant.
1560 1622 1747 1684 Inter
1794 1622 1974 1684 alios
2016 1621 2370 1684 admissus
2408 1620 2538 1683 fuit
2579 1619 2930 1683 Dominus

458 1729 813 1793 Henricus
843 1730 929 1792 de
958 1731 1027 1792 la
1060 1729 1325 1808 Cueva,
1364 1729 1761 1793 Cardinalis
1792 1729 1878 1792 de
1907 1731 1976 1792 la
2000 1728 2243 1792 Cueva
2271 1728 2476 1807 filius,
2510 1729 2629 1809 qui
2657 1728 2930 1791 Doctor

460 1845 532 1899 et
561 1836 941 1916 Inquisitor
995 1835 1227 1899 fuerat
1276 1837 1679 1899 haereticae
1728 1836 2107 1916 pravitatis
2150 1834 2517 1914 Conchae,
2560 1835 2674 1897 vir
2720 1834 2931 1897 valde

459 1944 712 2007 doctus
741 1953 811 2006 et
833 1944 1265 2024 ingeniosuS,
1293 1944 1416 2006 sed
1442 1944 1527 2006 de
1551 1942 1752 2023 cujus
1776 1943 2159 2006 stabilitate
2189 1941 2264 2004 Ρ.
2301 1943 2688 2005 Villanova
2718 1942 2931 2004 etiam

463 2050 599 2113 illis
638 2051 861 2114 initiis
898 2069 1153 2132 parum
1184 2051 1315 2114 sibi
1346 2052 1820 2131 polliceretur.
1855 2050 1971 2113 Ad
2003 2050 2413 2130 Ognatense
2443 2049 2835 2129 Collegium
2864 2056 2933 2111 et

455 2158 579 2220 ille
615 2159 877 2221 missus
916 2168 1044 2237 est,
1080 2158 1286 2220 sicuti
1317 2158 1435 2221 alii
1465 2158 1604 2221 alio
1636 2175 1727 2220 ex
1758 2158 2110 2235 admissiS,
2146 2167 2211 2220 et
2244 2158 2700 2220 nihilominus
2725 2156 2786 2218 is
2808 2173 2930 2217 nu-

458 2282 701 2328 merus
733 2265 1088 2346 Compluti
1117 2265 1473 2344 manebat,
1509 2282 1719 2345 quem
1747 2265 2057 2328 diximus
2090 2263 2133 2323 ¹.

579 2372 721 2434 512.
812 2372 1215 2436 Celebravit
1242 2372 1545 2452 primam
1575 2390 1778 2435 suam
1806 2371 2101 2434 Missam
2135 2371 2212 2434 P.
2247 2370 2631 2433 Villanova
2661 2371 2734 2433 in
2776 2371 2933 2449 ipsa

446 2478 820 2563 dominica
853 2480 922 2542 in
956 2478 1234 2542 Octava
1265 2479 1619 2557 Paschae3
1653 2489 1752 2558 et,
1788 2480 2118 2559 quamvis
2147 2479 2299 2558 ipse
2330 2479 2612 2541 curavit
2644 2478 2929 2557 diligen-

466 2595 574 2649 ter
601 2604 690 2649 ne
720 2603 836 2648 res
867 2588 1326 2665 evulgaretur
1356 2596 1432 2649 ut
1461 2586 1934 2665 frequentiam
1956 2586 2322 2648 hominum
2345 2586 2627 2661 vitaret,
2657 2585 2934 2648 efficere

449 2701 702 2757 sstamen
730 2711 874 2757 non
903 2694 1130 2774 potuit
1160 2703 1235 2756 ut
1264 2712 1445 2757 unus
1476 2694 1586 2757 die
1617 2694 1897 2757 sabbati
1925 2693 2378 2774 praecedenti
2407 2702 2476 2756 et
2507 2690 2789 2773 quidem
2811 2711 2931 2755 no-

460 2810 590 2863 -ctu
619 2800 690 2863 id
719 2801 1045 2880 resciret,
1092 2820 1132 2863 a
1174 2819 1311 2881 quo
1352 2802 1472 2864 alii
1511 2802 1712 2864 multi
1752 2802 2282 2878 intellexerunt3
2326 2810 2396 2863 et
2435 2810 2633 2864 tanta
2675 2800 2788 2864 die
2832 2819 2933 2864 se·

457 2909 707 2988 quenti
736 2908 1078 2971 confluxit
1106 2909 1472 2988 hominum
1502 2908 1897 2986 multitudO,
1932 2917 2008 2971 ut
2038 2925 2327 2971 necesse
2359 2908 2569 2970 fuerit
2599 2918 2803 2970 extra
2828 2926 2934 2970 sa·

456 3016 719 3079 cellum
760 3016 831 3078 in
872 3034 1041 3079 area
1080 3015 1380 3095 Collegii
1419 3018 1643 3079 altare
1688 3033 2144 3095 componere,
2201 3016 2316 3078 ubi
2367 3016 2717 3095 primitias
2768 3032 2936 3077 suas

457 3122 776 3186 Domino
808 3123 1077 3196 obtulit3
1116 3131 1184 3185 et
1215 3131 1412 3184 tanta
1442 3122 1516 3185 in
1546 3123 1995 3185 audientibus
2023 3121 2309 3185 devotio
2339 3132 2409 3184 et
2437 3123 2548 3184 vis
2585 3123 2934 3201 lacryma·

464 3247 626 3293 rum
654 3230 783 3293 fuit
813 3239 890 3292 ut
921 3228 1351 3292 affirmarent
1383 3246 1458 3292 se
1488 3246 1851 3309 nunquam
1883 3229 2298 3292 concionem
2328 3229 2718 3318 audivisse,
2755 3246 2937 3309 quae

468 3346 837 3417 tantopere
872 3354 994 3399 eos
1026 3345 1367 3414 moveret,
1396 3345 1737 3415 quantum
1767 3336 1988 3398 Missa
2013 3337 2130 3398 illa
2153 3353 2295 3398 non
2320 3344 2608 3399 cantata
2632 3335 2756 3398 sed
2780 3335 2936 3398 sub·

462 3444 686 3507 misso
739 3443 946 3507 modo
1000 3444 1189 3506 dicta
1230 3452 1582 3517 moverat;
1629 3452 1698 3505 et
1735 3444 2111 3523 plusquam
2149 3443 2513 3522 octoginta
2553 3443 2938 3505 communi·

454 3568 637 3614 ›care
665 3549 754 3613 de
783 3550 1004 3631 ipsius
1033 3550 1360 3614 manibus
1395 3552 1811 3629 voluerunt,
1858 3550 2042 3613 inter
2081 3567 2259 3630 quos
2295 3550 2613 3613 nonnulli
2657 3549 2941 3613 fuerunt

471 3658 903 3734 sacerdotes,
938 3658 1057 3738 qui
1086 3657 1377 3720 Missam
1408 3658 1528 3719 illo
1559 3656 1671 3719 die
1702 3675 1846 3721 non
1876 3657 2236 3734 dixerunt,
2272 3666 2347 3719 ut
2376 3658 2561 3719 hanc
2600 3655 2676 3718 Ρ.
2719 3656 2938 3719 Villa-

460 3781 702 3827 ·novae
734 3764 979 3827 audire
1009 3773 1077 3826 et
1109 3764 1194 3827 de
1224 3762 1373 3842 eJus
1402 3780 1617 3826 manu
1641 3764 2169 3827 communicare
2191 3773 2502 3843 possent.
2531 3764 2720 3827 Inter
2752 3780 2936 3826 com·

463 3871 918 3934 >municantes
947 3868 1078 3933 fuit
1108 3871 1323 3933 etiam
1353 3869 1609 3933 Comes
1639 3869 2048 3933 Melitensis.

588 3977 732 4039 513.
817 3978 1008 4041 Inter
1038 3978 1309 4057 aliquos
1338 3978 1861 4040 ecclesiasticos
1901 3978 2019 4058 qui
2049 3977 2276 4040 Toleti
2305 3978 2681 4042 Societatis
2722 3995 2939 4058 opera

471 4081 691 4162 adjuti
722 4093 907 4163 sunt,
942 4101 1147 4163 unuS,
1183 4085 1298 4164 qui
1331 4084 1683 4148 Canariae
1713 4083 1918 4147 Prior
1948 4085 2348 4164 dicebatur,
2382 4085 2522 4148 duo
2555 4086 2776 4149 millia
2820 4086 2940 4148 du-

456 4199 798 4254 -catorum
827 4191 1045 4253 annui
1071 4191 1342 4254 reditus
1372 4192 1463 4254 ad
1500 4190 1986 4254 fundationem
2028 4191 2325 4271 Collegii
2365 4193 2437 4255 in
2477 4193 2769 4256 civitate
2809 4193 2939 4256 To·

470 4297 709 4360 letana
741 4296 1099 4360 offerebat.
1132 4297 1331 4360 Tunc
1362 4307 1599 4361 tamen
1629 4297 1946 4377 Collegio
1976 4298 2072 4360 ibi
2101 4298 2532 4362 instituendo
2567 4302 2768 4363 locus
2797 4318 2941 4363 non

470 4400 623 4464 fuit.
657 4401 771 4465 Ad
802 4403 1077 4482 aliquos
1115 4404 1311 4466 viros
1349 4420 1611 4483 graves
1642 4404 1712 4466 in
1745 4404 1955 4466 rebus
1985 4404 2467 4484 spiritualibus
2498 4408 2940 4470 exercendos

465 4508 718 4589 egredi
749 4509 1124 4589 Compluto
1155 4510 1394 4573 debuit
1423 4509 1498 4573 P.
1533 4511 1950 4589 Villanova,
1979 4529 2070 4573 ex
2094 4528 2394 4590 quorum
2418 4513 2739 4593 prosectu
2767 4516 2942 4578 mul-

557 4750 575 4782 ¹
633 4750 869 4805 Ignatius
887 4750 1101 4796 Doctori
1123 4751 1362 4797 Ramirez
1382 4754 1444 4796 de
1466 4752 1723 4806 vergara.
1742 4753 1804 4795 de
1825 4754 1980 4796 rebus
2001 4751 2216 4806 Collegii
2235 4753 2630 4812 complutensis,
2649 4760 2667 4801 1
2688 4758 2939 4811 Januarii.
