3679 5414
1475 480 1604 539 ΑΝ.
1650 480 1790 539 1550
2790 484 2865 541 45

397 627 446 688 si
474 624 799 689 Summus
836 625 1172 689 Pontifex
1213 625 1353 705 hiS,
1398 626 1518 706 qui
1554 608 1853 705 peccata
1892 624 2394 689 confiterentur
2434 627 2507 689 in
2545 628 2859 691 exercitu

393 734 495 795 vel
521 742 905 813 antequam
935 734 1030 796 ad
1061 733 1255 796 illum
1285 750 1362 795 se
1392 732 1818 811 conferrent,
1850 732 2135 812 jubilaei
2160 733 2673 812 indulgentiam
2699 752 2861 797 con·

387 838 679 917 cederet;
712 848 781 902 et
813 857 980 902 cum
1010 857 1095 902 ea
1124 838 1211 902 de
1241 857 1320 902 re
1350 839 1617 919 aliquid
1640 856 1803 901 cum
1824 839 2164 918 Pro-rege
2189 840 2621 921 contulisset,
2652 841 2860 905 valde

386 963 536 1009 eam
563 947 678 1008 ille
706 947 1065 1026 probavit.
1100 946 1257 1009 Non
1286 949 1518 1009 solum
1556 947 1743 1009 enirn
1783 962 1868 1008 ea
1913 947 2187 1009 ratione
2226 947 2678 1010 morientium
2716 949 2857 1011 ani-

388 1054 513 1116 mis
541 1054 1071 1133 consulebatur,
1106 1054 1232 1117 sed
1261 1053 1351 1117 ad
1382 1054 1659 1117 fortiter
1689 1062 1759 1117 et
1790 1054 2137 1134 intrepide
2178 1055 2642 1134 pugnandum
2685 1055 2858 1117 mili·

387 1171 485 1224 tes
512 1161 1038 1225 excitabantur.
1073 1159 1373 1241 Scripsit
1403 1177 1576 1240 ergo
1610 1161 1702 1225 ad
1732 1161 1807 1224 P.
1844 1160 2199 1239 Ignatium
2223 1160 2520 1224 Pro-rex
2545 1162 2857 1241 rogavit-

387 1285 510 1347 que
539 1277 617 1330 ut
647 1285 779 1330 suo
810 1269 1096 1331 nomine
1127 1267 1446 1331 Pontifici
1477 1268 1910 1347 supplicaret
1939 1276 2016 1330 ut
2047 1269 2168 1348 qui
2198 1285 2282 1330 eo
2321 1268 2392 1330 in
2431 1269 2613 1331 bello
2653 1286 2856 1331 occu-

388 1384 743 1453 parentur,
770 1393 903 1438 nec
933 1374 1237 1437 Romam
1264 1375 1510 1437 venire
1538 1383 1852 1454 possent,
1881 1373 2172 1454 jubilaei
2198 1375 2508 1454 gratiam
2538 1382 2607 1438 et
2640 1375 2859 1438 indul·

388 1494 524 1544 tum
560 1481 783 1545 etiam
833 1490 1456 1561 consequerentur.
1507 1481 1824 1544 Obtinuit
1873 1481 2044 1544 illud
2088 1480 2165 1543 P.
2220 1481 2538 1560 Ignatius
2589 1488 2657 1544 et
2710 1481 2861 1561 ejus

387 1588 863 1651 concessionis
895 1587 1376 1650 testimonium
1415 1604 1629 1650 manu
1670 1604 1800 1649 sua
1841 1588 2318 1667 subscriptum
2356 1596 2427 1650 et
2464 1587 2698 1667 sigillo
2738 1587 2859 1651 So-

387 1695 657 1757 cietatis
688 1694 1146 1773 obsignatum
1176 1694 1436 1774 duplici
1465 1695 1791 1773 exemplo
1821 1692 1893 1756 in
1925 1693 2269 1772 Africam,
2304 1711 2443 1773 quo
2470 1692 2619 1773 jam
2663 1713 2862 1758 exer·

396 1803 568 1865 citus
597 1819 677 1864 se
707 1802 1143 1878 contulerat,
1176 1800 1593 1864 transmisit.

496 1908 597 1971 9⁴.
687 1908 865 1971 Erat
890 1907 1204 1989 Joannes
1231 1905 1318 1969 de
1354 1906 1576 1986 Vega,
1613 1906 1894 1971 Siciliae
1924 1905 2244 1985 Pro-rex,
2293 1908 2381 1970 ab
2424 1907 2859 1988 Imperatore

389 2016 638 2079 Carolo
668 2015 986 2077 omnium
1015 2014 1564 2093 expeditionum,
1599 2031 1782 2094 quae
1808 2014 1886 2083 in
1915 2013 2163 2076 Africa
2192 2012 2458 2092 fierent,
2495 2016 2849 2093 generalis

393 2123 547 2186 Dux
589 2123 1042 2186 constitutus,
1089 2120 1267 2184 Cum
1308 2129 1544 2184 autem
1584 2120 1719 2183 hoc
1766 2138 1955 2183 anno
2006 2122 2258 2184 classis
2307 2121 2686 2200 Caesarea,
2743 2123 2855 2185 cui

393 2231 709 2293 triremes
763 2230 978 2292 etiam
1036 2227 1447 2292 Pontificiae
1498 2245 1583 2290 ac
1635 2228 1948 2308 equiturn
1997 2228 2467 2291 melitensium
2517 2237 2586 2291 et
2636 2227 2859 2292 Ducis

394 2336 787 2400 Florentiae
817 2335 1193 2416 adjunctae
1220 2335 1530 2412 fuerant,
1568 2334 1659 2397 ad
1687 2334 2125 2414 Dragutum,
2160 2317 2470 2415 piratam
2507 2336 2858 2415 insignem

394 2454 455 2506 et
491 2461 658 2507 oras
706 2443 1105 2506 maritimas
1161 2443 1708 2505 christianorum
1758 2442 2242 2521 infestantem,
2305 2451 2490 2506 esset
2540 2460 2856 2523 egressa,

395 2551 688 2631 impetus
729 2559 1108 2613 ventorum
1148 2566 1308 2612 eam
1350 2549 1442 2612 ad
1480 2547 1862 2628 quamdam
1906 2549 2192 2612 Africae
2230 2550 2624 2629 civitatem,
2679 2568 2859 2631 quae

395 2657 908 2721 monasterium
966 2656 1252 2736 dicitur,
1310 2655 1588 2735 detulit;
1641 2673 1857 2737 quam
1909 2656 2289 2737 occupavit
2337 2665 2406 2720 et
2456 2658 2670 2721 aliam
2719 2676 2858 2722 non

397 2767 636 2844 procul
665 2765 1069 2842 distantem,
1104 2782 1285 2844 quae
1315 2763 1592 2839 Africa,
1627 2764 1793 2827 olim
1825 2764 2327 2843 AphrodisiuS,
2377 2765 2656 2847 dicitur,
2701 2767 2858 2846 capi

392 2890 590 2951 posse
618 2873 1138 2935 intellexerunt.
1174 2870 1365 2934 Inter
1394 2871 1866 2933 divinationes
1895 2882 2130 2933 autem
2157 2888 2323 2933 suas
2345 2871 2480 2934 hoc
2504 2873 2860 2936 habebant

390 2980 713 3043 saraceni
743 2979 960 3059 quod,
1004 2977 1434 3058 Aphrodisio
1465 2986 1703 3058 capta,
1741 2977 2031 3040 Africae
2059 2978 2475 3057 provinciae
2504 2979 2577 3041 in
2606 2997 2859 3042 manus

390 3088 936 3150 christianorum
969 3095 1204 3149 essent
1233 3095 1599 3148 venturae.
1650 3084 1829 3148 Cum
1872 3101 2045 3164 ergo
2084 3084 2380 3148 Pro-rex
2420 3085 2734 3167 Joannes
2774 3086 2861 3148 de

393 3194 593 3274 Vega
631 3194 725 3256 ad
763 3193 1362 3273 expugnationem
1400 3190 1605 3271 hujus
1641 3192 1837 3254 urbis
1876 3192 2103 3254 iturus
2142 3182 2358 3271 esset,
2401 3191 2474 3254 P.
2516 3193 2858 3275 Jacobum

393 3302 674 3382 Laynez
705 3310 813 3363 est
845 3301 1194 3363 allocutus
1223 3309 1290 3363 et
1321 3317 1414 3361 an
1444 3317 1519 3361 se
1552 3298 1878 3362 comitari
1917 3300 2129 3361 vellet
2173 3300 2242 3361 in
2285 3317 2369 3361 ea
2411 3299 2862 3379 expeditione

389 3409 780 3487 intelligere
804 3407 894 3468 ab
916 3424 1000 3469 eo
1015 3407 1277 3470 voluit.
1306 3403 1749 3485 Significavit
1772 3405 1860 3479 ei,
1893 3415 2105 3484 prout
2129 3415 2442 3483 res-erat,
2469 3405 2543 3468 P.
2571 3407 2859 3485 Laynez

390 3515 756 3579 Summum
777 3513 1208 3592 Pontificem,
1236 3521 1490 3591 rogatu
1513 3512 1860 3575 Ducissae
1882 3512 2284 3575 Florentiae
2316 3512 2446 3574 sibi
2473 3511 2862 3592 injunxisse

390 3634 459 3686 ut
507 3621 834 3702 sequenti
887 3629 1224 3682 autumno
1267 3618 1701 3681 Florentiam
1751 3637 1828 3681 se
1879 3618 2256 3682 conferret.
2307 3618 2599 3683 Addidit
2649 3620 2862 3683 etiam

390 3730 574 3809 quod
603 3728 984 3790 molestum
1023 3725 1155 3788 sibi
1192 3734 1380 3787 esset
1419 3725 1732 3787 futurum
1770 3725 1834 3787 ei
1875 3721 2055 3787 bello
2098 3726 2470 3806 interesse,
2515 3726 2633 3788 ubi
2672 3725 2861 3788 aliud

389 3837 556 3898 nihil
597 3851 815 3916 quam
852 3832 1138 3896 obedire
1178 3832 1524 3894 avaritiae
1566 3832 1993 3895 christianos
2032 3832 2287 3895 milites
2326 3850 2484 3895 cum
2521 3832 2862 3895 scandalo

393 3942 772 4005 infidelium
794 3949 862 4003 et
886 3940 1037 4001 sine
1058 3938 1435 4001 occasione
1465 3938 1819 4017 evangelii
1844 3938 2105 4001 Christi
2127 3940 2647 4019 promulgandi,
2676 3949 2863 4001 esset

389 4049 857 4128 inspecturus;
894 4045 1159 4126 alioqui
1189 4062 1266 4108 se
1294 4045 1923 4125 promptissimum,
1960 4044 2175 4107 immo
2214 4056 2284 4109 et
2320 4047 2528 4109 valde
2566 4063 2861 4126 propen-

388 4172 568 4235 sum,
603 4154 696 4216 ad
716 4154 900 4216 hanc
925 4152 1433 4233 profectionem
1459 4152 1530 4213 in
1554 4152 1876 4215 Africam
1897 4150 2070 4214 fore.
2100 4152 2277 4216 Cum
2300 4160 2537 4216 autem
2561 4152 2861 4215 Pro-rex

389 4262 692 4326 reditum
723 4268 884 4322 ante
915 4269 1361 4339 autumnum,
1396 4267 1471 4321 ut
1491 4257 1923 4322 Florentiam
1954 4258 2057 4321 ire
2080 4268 2349 4339 posset,
2383 4259 2855 4339 promitteret,

385 4381 452 4433 et
477 4370 701 4433 multa
724 4367 797 4428 in
820 4366 1026 4428 malis
1046 4366 1509 4445 impediendis
1532 4373 1600 4428 et
1625 4366 1826 4428 bonis
1852 4366 1941 4428 ad
1966 4365 2101 4428 Dei
2117 4366 2422 4445 gloriam
2438 4383 2859 4446 promoven-

389 4478 497 4540 dis
543 4475 634 4538 ab
673 4491 760 4536 eo
801 4473 952 4535 fieri
1007 4489 1217 4551 posse
1268 4481 1652 4550 assereret,
1701 4470 2059 4535 affirmans
2097 4473 2311 4536 etiam
2353 4473 2540 4553 quod
2579 4482 2863 4552 gratum

390 4592 573 4647 esset
603 4581 923 4645 futurum
951 4578 1027 4641 P.
1061 4576 1369 4656 Ignatio,
1404 4578 1726 4658 quodque
1758 4578 1829 4640 in
1861 4579 1981 4641 tali
2011 4578 2435 4643 necessitate
2466 4588 2535 4643 et
2565 4579 2655 4642 ad
2686 4597 2864 4660 opus

391 4702 532 4755 tam
562 4690 757 4771 pium
789 4693 1032 4776 posset
1063 4702 1224 4747 eum
1255 4684 1402 4764 ipse
1427 4683 1692 4765 jubere,
1730 4686 2095 4766 acquievit,
2114 4687 2407 4750 libenter
2438 4688 2513 4751 P.
2547 4687 2861 4767 Laynez;
