3679 5414
657 491 769 551 662
1576 493 1833 555 Canon.
1876 494 2031 555 Soc.
2072 496 2214 568 Jsss.

660 638 1070 703 reddebant.
1126 639 1295 703 Post
1344 640 1968 720 quadragesimam
1994 651 2355 723 resumpta
2398 650 2508 706 est
2550 642 2918 706 doctrinae
2948 644 3129 708 chri-

659 746 936 810 stianae
967 747 1458 827 interpretatio
1492 764 1655 811 cum
1684 765 1949 828 magna
1990 749 2233 830 populi
2262 748 2691 830 frequentia,
2726 749 2844 829 qui
2871 750 3129 814 miram

663 854 854 917 vitae
882 855 1345 918 mutationem
1374 855 1578 919 brevi
1607 863 1924 935 tempore
1959 855 2209 919 fecisse
2238 857 2639 920 videbatur.

776 960 921 1023 551.
1008 961 1164 1024 Hac
1205 970 1476 1025 aestate
1516 961 1821 1025 Deniam
1861 981 1937 1026 se
1978 964 2273 1027 contulit
2310 963 2388 1027 P.
2437 964 2785 1044 Baptista,
2834 964 2956 1028 ubi
2995 981 3122 1044 per

661 1069 950 1132 biduum
990 1080 1239 1148 quater
1269 1071 1736 1134 concionatus
1765 1079 1874 1133 est
1904 1088 2168 1150 magno
2199 1089 2361 1134 cum
2382 1072 2638 1135 fructu.
2674 1071 2851 1136 Cum
2890 1081 3126 1135 autem

657 1175 1060 1254 praefectus
1097 1177 1524 1240 xenodochii
1570 1175 1719 1257 ejus
1772 1177 2011 1258 oppidi
2056 1177 2431 1242 lethalibus
2468 1179 2881 1242 vulneribus
2916 1188 3124 1243 nocte

659 1283 1112 1362 praecedenti
1142 1283 1515 1348 confossus
1544 1284 1826 1364 fuisset,
1873 1295 2267 1365 opportune
2309 1285 2386 1349 P.
2429 1286 2753 1366 Baptista
2783 1287 2873 1349 ad
2913 1304 3122 1350 xeno-

657 1390 991 1455 dochium
1020 1409 1097 1454 se
1126 1392 1522 1471 conferens,
1556 1390 1705 1472 ejus
1735 1392 2252 1456 consessionem
2282 1393 2579 1473 audivit,
2611 1402 2705 1470 et,
2741 1404 3123 1474 antequam

655 1507 1081 1577 moreretur,
1128 1508 1203 1561 ut
1248 1498 1820 1563 interfectoribus
1866 1500 2153 1563 veniam
2202 1499 2644 1565 condonaret
2690 1501 3120 1581 impetravit.

658 1603 836 1669 Cum
873 1606 1088 1669 etiam
1126 1605 1675 1685 gubernatorem
1714 1606 1972 1685 a'diret,
2014 1608 2135 1687 qui
2172 1616 2463 1688 propter
2500 1607 2976 1687 suspicionem
3004 1608 3120 1671 ho·

658 1730 817 1777 rum
844 1713 1219 1776 vulnerum
1255 1712 1590 1792 Juvenem
1633 1713 2010 1794 quemdam
2048 1715 2121 1776 in
2148 1714 2435 1778 vincula
2484 1713 2917 1795 conjecerat,
2952 1725 3027 1778 ut
3056 1715 3121 1777 ei

654 1820 1056 1885 libertatem
1083 1820 1382 1884 donaret
1410 1821 1730 1885 obtinuit.
1773 1820 2097 1884 Alterum
2136 1822 2351 1884 etiam
2390 1840 2479 1885 ex
2517 1822 2809 1901 vinctis,
2850 1822 2923 1885 in
2962 1839 3118 1901 gra-

657 1928 831 1990 tiam
870 1926 1129 2008 PatriS,
1173 1928 1292 2008 qui
1342 1929 1412 1992 id
1460 1929 1794 2008 rogabat,
1845 1928 2169 2009 promisit
2207 1929 2642 2007 gubernator
2683 1947 2760 1992 se
2798 1929 3120 1992 libertate

656 2036 1105 2099 donaturum.
1152 2035 1465 2100 Adducti
1513 2044 1677 2100 sunt
1726 2035 2098 2099 duodecim
2146 2035 2468 2099 homines
2506 2036 2599 2100 ad
2637 2036 2965 2100 triremes
3002 2035 3120 2099 da-

658 2142 902 2222 mnati,
935 2160 1235 2222 quorum
1267 2144 1549 2207 animos
1567 2141 1642 2206 P.
1677 2143 2000 2223 Baptista
2031 2143 2121 2206 ad
2152 2142 2670 2207 confessionem
2692 2143 2887 2207 flexit
2919 2153 3008 2223 et,
3043 2153 3120 2207 ut

654 2250 873 2330 aliqui
896 2250 1203 2314 confessi
1231 2250 1536 2330 fuerunt,
1570 2251 1668 2314 ita
1697 2268 1944 2315 omnes
1971 2250 2268 2314 fuissent
2296 2251 2624 2330 confessi,
2657 2252 2795 2314 nisi
2826 2250 3118 2314 accidis-

650 2366 763 2420 set
801 2365 900 2436 ut,
944 2375 1105 2421 curn
1143 2359 1410 2422 eisdem
1459 2357 1917 2437 compedibus
1966 2358 2104 2422 duo
2155 2359 2365 2422 simul
2413 2366 2849 2438 tenerentur,
2894 2360 3117 2422 altero

654 2464 1023 2544 utriusque
1044 2464 1223 2545 pede
1245 2466 1540 2544 inclus0,
1566 2464 1795 2528 fracto
1817 2466 2002 2528 inter
2022 2465 2552 2528 dissolvendum
2580 2483 2721 2528 uno
2753 2466 3115 2545 compede,

654 2571 779 2651 qui
814 2580 1053 2635 custos
1081 2580 1235 2635 erat
1263 2590 1508 2637 eorum
1537 2572 1952 2653 persuaderi
1989 2590 2135 2635 non
2175 2573 2401 2653 potuit
2430 2583 2506 2636 ut
2535 2573 2846 2654 reliquos
2876 2574 3118 2637 dissol-

654 2687 878 2743 veret.
926 2677 1249 2743 Recessit
1290 2679 1528 2760 itaque
1567 2680 1656 2743 ab
1698 2680 1800 2743 eis
1842 2678 1919 2743 P.
1961 2680 2312 2761 Baptista,
2358 2688 2740 2761 postquam
2790 2697 2912 2744 eos
2961 2681 3117 2745 cibo

654 2785 856 2849 refici
885 2795 1228 2850 curasset.
1263 2787 1737 2851 Constitutum
1777 2796 2017 2851 autem
2055 2788 2129 2851 in
2165 2805 2251 2851 eo
2291 2788 2550 2868 oppido
2588 2787 2896 2867 reliquit,
2930 2787 3117 2868 quod

658 2894 732 2957 in
762 2894 920 2958 aliis
949 2893 1164 2958 etiam
1193 2894 1623 2957 constituere
1653 2894 1957 2970 solebat,
1988 2903 2102 2974 ut,
2134 2895 2427 2974 scilicet,
2463 2895 2882 2974 congregati
2911 2894 3118 2958 simul

652 3017 897 3074 omnes
925 3001 1129 3082 pueri
1166 3001 1537 3064 dominicis
1585 3009 1653 3065 et
1692 2999 1893 3065 festis
1928 3000 2174 3064 diebus
2217 3001 2613 3065 doctrinam
2657 3002 3117 3065 christianam

648 3109 1057 3187 recitarent,
1091 3109 1324 3189 aliquo
1352 3109 1539 3172 bono
1566 3108 1725 3171 viro
1755 3125 1914 3171 eam
1942 3126 2191 3172 curam
2219 3108 2668 3188 suscipiente.

771 3218 913 3280 552.
1000 3216 1178 3281 Cum
1208 3216 1533 3281 rediisset
1562 3215 1941 3293 Gandiam,
1974 3225 2271 3294 rogatus
2300 3226 2406 3279 est
2436 3225 2513 3278 ut
2541 3217 2612 3279 in
2642 3234 2917 3280 summo
2947 3226 3114 3280 tem-

647 3325 769 3404 plo
820 3325 1387 3403 concionaretur,
1431 3323 1617 3403 quod
1655 3321 1775 3386 diu
1814 3324 2081 3386 factum
2118 3341 2261 3386 non
2289 3321 2522 3387 fuerat
2563 3341 2647 3386 eo
2691 3325 2765 3387 in
2807 3326 2998 3402 loco;
3045 3333 3115 3388 et

654 3431 904 3495 eodem
934 3432 1045 3495 die
1074 3432 1357 3511 plurimi
1387 3431 1573 3511 apud
1603 3439 1889 3494 nostros
1911 3438 2073 3494 sunt
2097 3430 2432 3510 confessi,
2459 3441 2528 3495 et
2560 3449 2600 3494 a
2631 3431 2931 3512 prandio
2952 3442 3114 3511 post

652 3540 1101 3620 vespertinas
1129 3538 1346 3602 horas
1381 3538 1803 3618 supplicatio
1846 3537 2185 3618 Corporis
2222 3537 2486 3602 Christi
2515 3557 2605 3601 ex
2645 3538 3114 3619 Collegiono·

646 3655 798 3709 stro
826 3646 1174 3726 processit
1201 3664 1328 3726 per
1375 3645 1782 3708 scholarum
1818 3644 2160 3708 ambitum
2198 3653 2268 3707 et
2314 3645 2454 3708 alia
2493 3645 2843 3724 quaedam
2885 3647 3115 3726 spatia

649 3753 862 3817 valde
900 3762 1153 3816 ornata
1191 3753 1445 3833 pannis
1483 3751 1843 3815 textilibus
1872 3761 1941 3815 et
1982 3760 2283 3832 quatuor
2323 3752 2665 3815 altaribus
2700 3753 2773 3815 in
2812 3763 3116 3834 quatuor

652 3861 854 3941 lociS,
887 3861 1088 3924 Duce
1110 3861 1265 3940 ipso
1288 3877 1450 3923 cum
1471 3858 1825 3922 nobilibus
1854 3868 1923 3921 et
1944 3875 2208 3938 magno
2229 3860 2488 3940 populo
2520 3860 2925 3941 comitante,
2952 3878 3114 3925 cum

656 3969 845 4031 tubis
875 3967 1253 4031 ductilibus
1283 3976 1351 4030 et
1390 3984 1653 4047 magno
1691 3976 2064 4045 concentU,
2105 3966 2427 4047 plurimis
2464 3967 2748 4031 interim
2787 3969 3114 4032 carmini·

537 4070 540 4073 ’
650 4075 784 4138 bus
814 4076 1050 4137 latinis
1080 4075 1152 4138 in
1180 4074 1522 4137 honorem
1546 4071 1992 4138 Sacramenti
2022 4074 2466 4154 compositis;
2495 4084 2563 4138 et
2595 4076 2666 4138 in
2690 4075 2827 4139 fine
2855 4078 3112 4156 suppli-

654 4183 956 4245 cationis
985 4182 1449 4245 concionatus
1479 4189 1585 4243 est
1614 4181 1925 4245 breviter
1955 4180 2032 4244 P.
2066 4180 2418 4260 Baptista,
2454 4189 2522 4244 et
2561 4184 2941 4246 multorum
2970 4184 3112 4247 ani·

652 4306 812 4352 mos
841 4289 1051 4353 valde
1079 4289 1489 4352 commovit.

770 4397 913 4462 553.
999 4399 1110 4461 Ex
1138 4397 1395 4478 oppido
1425 4395 1942 4475 Concentaina,
1975 4395 2097 4459 ubi
2125 4393 2330 4475 hujus
2355 4398 2522 4459 anni
2552 4397 2752 4461 initio
2783 4415 2945 4462 cum
2971 4416 3113 4462 ma-

646 4521 796 4584 gno
824 4504 1060 4568 fructu
1090 4513 1419 4568 versatus
1448 4504 1677 4566 fuerat
1705 4502 1782 4566 P.
1825 4502 2168 4583 Baptista,
2204 4503 2476 4568 litteras
2519 4506 2816 4585 accepit,
2860 4495 3115 4587 quibus

650 4612 993 4675 intellexit
1021 4612 1402 4692 persistere
1429 4613 1687 4674 multos
1724 4611 1797 4673 in
1838 4609 2189 4690 frequenti
2218 4621 2829 4676 sacramentorum
2867 4631 3000 4679 usu
3030 4633 3115 4679 ac

650 4718 857 4781 bonis
904 4719 1255 4799 operibus,
1300 4735 1482 4797 quae
1533 4718 1604 4779 in
1653 4718 1808 4797 ipsa
1858 4717 2290 4797 instituerat;
2342 4717 2465 4782 sed
2517 4720 2681 4800 quia
2733 4723 3116 4794 multorum
