3679 5414
1615 489 1742 547 AN.
1792 486 1931 546 1552
2892 486 3005 547 539

520 642 670 713 tur;
708 632 896 714 quod
927 650 1089 696 cum
1117 632 1384 696 factum
1414 641 1622 712 esset,
1655 632 1803 695 fere
1832 649 2081 696 omnes
2107 632 2392 707 inclusi,
2427 630 2545 710 qui
2586 647 2758 695 sane
2801 633 3000 695 multi

521 749 751 819 erant,
781 738 1072 820 Jubilaei
1100 741 1415 819 gratiam
1443 740 1701 803 lucrati
1728 748 1917 802 sunt.

642 846 786 911 298.
875 846 953 910 [11
997 846 1427 910 Societatem
1476 856 1794 909 nostram
1843 847 2042 925 multi
2091 846 2369 909 admitti
2417 846 2825 926 cupiebant3
2876 846 3003 909 sed

524 971 773 1018 eorum
801 954 1088 1016 vocatio
1120 953 1381 1016 diutius
1409 953 1779 1034 probanda
1808 953 1967 1016 visa
1996 962 2133 1033 est;
2177 953 2280 1016 sic
2324 953 2513 1016 enim
2550 952 2762 1016 fiebat
2796 962 2874 1015 ut
2917 953 3004 1016 de

527 1061 859 1125 admissis
897 1078 1040 1123 non
1077 1061 1506 1140 poeniteret;
1550 1059 1837 1140 egregie
1878 1061 2066 1123 enim
2109 1069 2177 1123 et
2217 1060 2776 1140 perseverabant
2818 1067 2889 1122 et
2932 1059 3007 1122 in

532 1169 785 1249 spiritu
815 1167 1279 1248 proficiebant
1316 1165 1353 1230 ¹.

646 1276 790 1339 299.
877 1274 1189 1354 Singulis
1243 1274 1489 1337 diebus
1529 1274 1816 1337 veneris
1866 1272 1955 1337 D.
2002 1271 2343 1336 Matthaei
2381 1274 2593 1337 lectio
2636 1273 2709 1336 in
2758 1281 3008 1335 nostro

529 1384 795 1463 templo
826 1400 989 1446 cum
1017 1398 1283 1461 magna
1314 1382 1785 1445 commotione
1816 1389 1885 1444 et
1912 1380 2149 1444 fructu
2177 1383 2538 1460 praelecta
2569 1389 2700 1443 est.

647 1489 793 1551 300.
878 1489 1040 1553 Duo
1071 1488 1442 1567 Saraceni,
1477 1488 1597 1568 qui
1626 1488 1713 1551 de
1738 1489 2044 1551 navibus
2073 1487 2427 1567 fugerant,
2462 1507 2504 1551 a
2535 1488 2789 1568 quibus
2819 1488 3012 1568 capti

532 1595 842 1676 fuerant,
877 1596 1077 1659 missi
1118 1615 1160 1659 a
1190 1595 1533 1675 Pro-rege
1563 1604 1633 1659 et
1662 1613 1706 1657 a
1736 1595 1999 1658 nostris
2026 1595 2353 1658 instructi
2382 1612 2468 1658 ac
2498 1594 2751 1658 deinde
2782 1595 3006 1676 bapti-

531 1705 675 1767 zati
703 1703 1009 1766 fuerunt.
1043 1702 1369 1767 Studium
1399 1701 1823 1765 concionum
1852 1710 2260 1765 nostrarum
2290 1702 2467 1764 alios
2496 1702 2712 1765 etiam
2740 1701 3007 1765 excita-

533 1810 672 1889 vit;
706 1810 976 1890 itaque,
1022 1810 1353 1891 quamvis
1396 1809 1756 1898 insolitum
1803 1808 1876 1872 id
1910 1809 2108 1888 prius
2146 1818 2365 1886 esset,
2419 1808 2491 1871 in
2530 1808 3015 1889 compluribus

532 1917 717 1980 locis
745 1916 1312 1997 frequentissime
1344 1916 1725 1979 conciones
1754 1915 2040 1978 habitae
2070 1914 2374 1978 fuerunt.
2408 1913 2549 1978 Sed
2578 1924 2648 1978 et
2678 1914 3013 1977 confiten-

533 2024 710 2087 tium
743 2041 829 2087 ac
874 2023 1545 2086 communicantium
1584 2021 1990 2100 multitudO,
2036 2039 2197 2085 cum
2233 2030 2546 2100 nostrOS,
2592 2022 3016 2101 praesertim

533 2132 664 2194 sub
692 2131 879 2194 festa
912 2131 1376 2209 solemniora,
1410 2131 1729 2208 integros
1758 2129 1912 2192 dies
1940 2137 2008 2192 et
2037 2130 2299 2192 bonam
2330 2138 2605 2207 partem
2635 2129 2869 2192 noctis
2897 2128 3012 2192 de-

534 2238 813 2318 tineret,
849 2247 1086 2300 tamen
1117 2238 1286 2299 alibi
1315 2237 1531 2299 etiam
1553 2235 1885 2316 frequens
1914 2245 2089 2314 erat,
2118 2253 2203 2298 ac
2225 2235 2606 2316 praecipue
2639 2237 2714 2299 in
2740 2252 3017 2298 summo

536 2346 823 2426 templo;
854 2344 973 2407 ubi
1003 2360 1312 2423 magnae
1345 2343 1838 2406 admirationis
1860 2343 2261 2407 hominibus
2283 2342 2413 2405 fuit
2436 2351 2582 2405 tam
2611 2345 2809 2406 lauta
2831 2359 3016 2406 com-

538 2452 1054 2515 municantium
1083 2451 1483 2514 multitudo.

657 2558 802 2623 301.
891 2558 1398 2622 Convenerunt
1428 2575 1520 2620 ex
1548 2557 1689 2637 his,
1726 2556 1848 2638 qui
1877 2557 2128 2620 crebro
2172 2556 2494 2620 confiteri
2534 2557 2798 2619 nostris
2841 2558 3017 2620 sole-

537 2666 747 2745 bant,
797 2665 869 2730 in
916 2665 1573 2729 confraternitatem
1612 2663 1993 2745 quamdam
2032 2663 2300 2745 aliquot
2340 2672 2702 2744 spectatae
2744 2663 2908 2727 fidei
2948 2671 3018 2727 et

540 2773 828 2855 pietatis
857 2774 1027 2852 viri,
1062 2773 1181 2853 qui
1225 2773 1355 2836 sub
1392 2782 1676 2836 noctem
1713 2789 2106 2852 pauperum
2147 2772 2394 2835 domos
2439 2772 2869 2851 circuibant,
2915 2771 3016 2834 vi-

535 2889 789 2944 ventes
816 2878 1185 2959 juvabant,
1221 2890 1562 2959 mortuOS,
1598 2880 1661 2943 si
1690 2879 1808 2960 qui
1836 2878 2158 2959 fuissent,
2193 2879 2341 2942 suis
2373 2879 2545 2959 ipsis
2575 2878 2890 2942 humeris
2920 2877 2996 2941 ef
2997 2911 3018 2921 -

534 2986 859 3051 ferebant
889 2988 981 3050 ad
1009 2987 1466 3067 sepulturam,
1495 2996 1563 3049 61
1593 2986 1932 3067 quidquid
1960 2986 2322 3065 impensae
2346 2986 2826 3049 necessarium
2858 2994 3017 3048 erat

536 3095 1121 3179 suppeditabant,
1171 3095 1356 3158 inter
1395 3111 1572 3173 quos
1612 3093 1983 3156 commode
2027 3093 2316 3173 quidam
2354 3093 2691 3156 sacerdos
2743 3101 2901 3155 erat
2949 3102 3019 3155 et

540 3202 681 3266 hoc
715 3202 943 3265 officio
975 3202 1346 3265 charitatis
1375 3200 1630 3263 devote
1662 3200 2045 3264 admodum
2073 3210 2144 3262 et
2184 3217 2347 3263 cum
2390 3216 2654 3279 magna
2694 3198 3019 3262 aedifica-

539 3309 732 3374 tione
773 3309 1223 3389 fungebatur.
1270 3307 1521 3371 Mulier
1572 3307 1945 3387 quaedam,
2000 3323 2043 3368 a
2094 3307 2442 3370 daemone
2483 3307 2809 3388 obsessa,
2857 3323 3022 3369 cum

539 3416 846 3479 liberata
878 3416 1159 3495 fuisset,
1197 3416 1463 3495 aliquot
1493 3416 1671 3478 alias
1703 3414 1794 3478 ad
1825 3414 2293 3477 confessionis
2332 3423 2859 3477 sacramentum
2898 3413 3015 3477 ad-

540 3522 769 3586 duxit.
799 3523 988 3602 Alia,
1015 3540 1195 3603 quae
1220 3532 1286 3585 et
1317 3523 1473 3603 ipsa
1505 3521 1814 3585 obsideri
1845 3520 2286 3600 credebatur,
2315 3538 2479 3584 cum
2507 3522 2751 3584 multis
2773 3519 3025 3583 diebus

541 3630 634 3693 ab
664 3630 859 3693 omni
888 3630 1046 3694 cibo
1080 3629 1565 3703 abstinuisset,
1613 3637 1914 3691 evocato
1955 3626 2030 3691 P.
2077 3627 2441 3707 Corneli0,
2486 3628 2722 3690 cibum
2764 3644 3023 3707 capere

542 3737 803 3817 coepit.
834 3736 1200 3816 Quaedam
1230 3738 1370 3799 alia
1398 3745 1546 3799 tam
1568 3735 1780 3799 debili
1801 3752 2103 3815 corpore
2126 3735 2255 3798 fuit
2285 3743 2361 3798 ut
2393 3752 2525 3797 nec
2548 3732 2869 3814 jejunare
2890 3750 3022 3796 nec

544 3845 742 3908 aliud
770 3845 1157 3924 quidquam
1187 3844 1370 3923 fere,
1406 3843 1598 3923 quod
1628 3843 1699 3905 in
1731 3842 2239 3922 poenitentiam
2272 3840 2781 3921 injungeretur,
2825 3858 3025 3921 prae-

505 3932 740 4014 'stare
771 3960 1082 4032 poterat;
1118 3951 1328 4029 haee,
1363 3950 1481 4012 ubi
1512 3949 1891 4031 aliquoties
1921 3948 2249 4012 confessa
2279 3959 2387 4011 est
2409 3998 2423 4027 ,
2459 3949 2558 4011 ita
2589 3949 2784 4011 vires
2826 3964 3023 4011 recu-

545 4059 830 4140 peravit
860 4066 939 4121 ut
978 4076 1121 4121 non
1157 4057 1306 4137 jam
1344 4057 1520 4120 satis
1559 4056 1658 4120 illi
1700 4064 1889 4118 esset
1929 4073 2111 4135 quae
2151 4074 2194 4118 a
2235 4055 2671 4118 confessario
2716 4055 3025 4133 impone-

547 4174 796 4229 rentur
827 4165 1142 4245 exsequi,
1178 4164 1304 4228 sed
1334 4166 1555 4227 multo
1582 4165 1790 4243 plura
1812 4180 1944 4226 sua
1973 4171 2227 4242 sponte
2252 4162 2345 4225 ad
2372 4163 2697 4242 corporis
2723 4161 3027 4240 castiga-

547 4273 819 4335 tionem
854 4272 1112 4336 subire.
1149 4271 1296 4335 Nec
1321 4272 1642 4334 omittam
1666 4268 2035 4350 cujusdam
2056 4269 2313 4332 nobilis
2335 4278 2706 4332 matronae
2730 4268 3022 4346 dictum,

632 4587 651 4618 ¹
707 4585 964 4630 Polancus
978 4618 989 4639 ,
1011 4597 1078 4629 ex
1106 4597 1260 4639 com„
1279 4585 1426 4630 Patri
1448 4585 1676 4629 Antonio
1696 4583 1886 4637 Vinck,
1908 4584 1969 4626 de
1992 4583 2071 4636 iis,
2094 4583 2178 4637 qui
2200 4582 2253 4626 in
2274 4582 2589 4628 Societatem
2604 4583 2811 4627 admitti
2831 4588 3029 4637 petunt,

549 4662 609 4701 nt
628 4669 757 4712 quos
778 4658 1008 4713 recipere
1037 4658 1147 4712 ipse
1168 4669 1270 4702 non
1299 4659 1463 4713 possit
1483 4657 1751 4702 Messanae
1766 4690 1777 4711 ,
1798 4655 2017 4701 Romam
2037 4654 2214 4698 mittat
2231 4688 2242 4710 ,
2264 4655 2536 4700 dummodo
2559 4655 2675 4700 boni
2696 4657 2800 4700 sint
2814 4688 2825 4710 ,
2847 4656 2901 4698 26
2929 4655 3030 4699 Νο-

552 4730 802 4773 vembriS.
