3679 5414
1654 449 1782 510 AN.
1826 450 1960 510 1551
2932 450 3045 511 335

560 593 914 656 stantiam
943 610 1029 656 ac
1061 593 1546 658 fortitudinem
1576 595 1991 674 inhomine,
2023 595 2143 675 qui
2172 595 2295 658 tali
2326 595 2399 658 in
2438 594 2740 658 articulo
2782 596 3039 659 consti·

575 709 769 764 tutus
793 710 1013 780 esset,
1048 702 1280 765 visam
1309 719 1454 765 non
1483 701 1723 765 fuisse.

693 807 837 870 326.
926 807 1113 872 Nulli
1147 807 1296 873 fere
1340 827 1429 872 ex
1464 809 1807 873 fratribus
1844 809 2123 890 piarum
2160 808 2706 888 occupationum
2749 810 3037 873 occasio

562 913 848 994 deerat3
884 915 1004 978 alii
1033 915 1221 979 enim
1248 916 1687 980 moribundis
1714 916 2174 994 assistebant,
2208 914 2298 977 ad
2329 930 2453 978 eos
2477 913 2834 994 iuvandos
2872 933 3034 978 evo-

559 1021 745 1100 cati,
801 1021 924 1084 alii
971 1038 1236 1101 graves
1285 1022 1578 1103 iniurias
1630 1022 2022 1087 condonari
2071 1032 2139 1085 et
2186 1004 2549 1085 discordes
2589 1021 2865 1085 animos
2914 1022 3032 1087 ali-

561 1145 873 1208 quorum
901 1129 1379 1208 reconciliari,
1413 1138 1483 1192 et
1510 1129 1918 1193 inimicitias
1945 1146 2210 1209 graves
2241 1128 2562 1207 extingui
2601 1141 3032 1198 curaverunt

560 1243 639 1298 et
670 1252 799 1315 per
826 1234 961 1297 Dei
988 1236 1298 1315 gratiam
1328 1236 1814 1312 obtinuerunt,
1843 1235 1963 1298 alii
1993 1234 2306 1299 consiliis
2335 1243 2404 1297 et
2435 1235 2810 1315 colloquiis
2832 1236 3031 1315 spiri·

569 1342 877 1405 tualibus
905 1344 1279 1422 scrupulos
1308 1352 1377 1406 et
1406 1342 1620 1406 dubia
1648 1343 2016 1407 hominum
2044 1342 2445 1405 eximebant
2484 1350 2554 1420 et
2593 1340 3033 1421 spiritualem

568 1448 964 1529 profectum
1006 1466 1281 1529 eorum,
1331 1449 1748 1531 quibuscum
1796 1450 2298 1526 versabantur,
2353 1449 2887 1528 promovebant.
2943 1451 3030 1514 Et

568 1555 827 1619 mirum
856 1565 964 1619 est
1002 1565 1266 1637 quanto
1305 1557 1703 1621 dilectionis
1739 1556 1997 1620 affectu
2024 1566 2429 1626 nostrorum
2458 1573 2675 1636 opera
2705 1554 3032 1635 adJ‘uvari

560 1661 779 1726 etiam
801 1662 873 1725 in
894 1663 1377 1744 spiritualibus
1398 1663 1758 1728 exercitiis
1780 1672 2126 1758 optarent.
2153 1661 2730 1726 Salmanticensis
2743 1662 3026 1743 Episco-

563 1787 697 1850 pus
736 1788 1018 1834 omnem
1056 1772 1620 1835 benevolentiam
1661 1770 2100 1850 ostendebat,
2154 1787 2443 1850 operam
2481 1786 2684 1832 suam
2723 1778 2792 1832 et
2829 1772 3000 1834 auxi

560 1876 731 1940 lium
763 1877 1076 1942 officiose
1125 1878 1457 1958 offerens;
1499 1887 1787 1959 praetor
1833 1879 2049 1941 etiam
2088 1877 2399 1940 civitatis
2436 1886 2506 1940 et
2556 1877 3027 1940 cancellarius

562 1982 1064 2048 Universitatis
1092 1985 1436 2065 singulari
1467 1985 1720 2049 affectu
1743 1995 2026 2048 nostros
2055 1984 2682 2066 prosequebantur,
2715 2001 2924 2065 quem
2952 1985 3024 2047 in

559 2090 936 2155 utilitatem
973 2093 1403 2172 reipublicae
1442 2101 1860 2156 convertere
1909 2092 2134 2154 nostri
2180 2089 2575 2154 studebant.
2618 2089 2800 2153 Nam
2839 2109 2882 2153 a
2922 2091 3024 2154 sic

558 2196 854 2277 affectiS,
888 2215 1069 2279 quae
1098 2199 1191 2263 ad
1218 2217 1591 2262 commune
1621 2199 1882 2262 bonum
1910 2198 2419 2279 proponebant,
2451 2196 2729 2260 facilius
2761 2197 3024 2270 obtine-

559 2304 752 2368 bant.
785 2304 1097 2385 Populus
1134 2306 1347 2369 etiam
1376 2306 1523 2369 fere
1547 2315 1742 2369 totus
1772 2314 2095 2368 nostrum
2128 2303 2521 2384 Collegium
2546 2305 3026 2367 venerabatur

548 2420 631 2474 et
652 2412 895 2491 magni
926 2410 1255 2490 faciebat,
1288 2413 1472 2477 unde
1501 2412 1918 2494 frequentia,
1953 2412 2040 2474 de
2069 2429 2210 2492 qua
2239 2411 2566 2490 diximus,
2598 2410 3048 2506 praesertim·

559 2517 633 2581 in
656 2518 854 2582 festis
886 2517 1269 2598 majoribus
1299 2529 1497 2582 tanta
1526 2529 1701 2597 erat,
1728 2530 1803 2583 ut
1833 2537 1976 2582 non
1997 2527 2290 2599 possent
2318 2517 2517 2581 multi
2555 2518 2821 2580 nostris
2862 2525 3024 2581 con-

561 2625 762 2704 fiteri,
791 2627 919 2707 qui¹
940 2635 1177 2689 tamen
1201 2627 1373 2690 satis
1404 2627 1778 2706 diligenter
1802 2627 1973 2694 huic
2003 2626 2120 2706 pio
2152 2625 2378 2689 labori
2410 2624 2676 2688 dabant
2706 2642 3022 2705 operam.

552 2732 996 2798 Cernebatur
1026 2746 1265 2798 autem
1286 2734 1585 2813 insignis
1609 2750 1853 2798 eorum
1876 2733 2255 2815 profectuS,
2284 2732 2403 2814 qui
2424 2732 2872 2827 infrequenti
2893 2750 3026 2796 usu

556 2838 1183 2905 Sacramentorum
1206 2843 1781 2921 perseverabant.
1816 2840 1951 2921 Qui
1974 2841 2432 2904 morientibus
2454 2840 2905 2919 assistebant,
2939 2839 3025 2903 de

547 2948 1177 3012 circumstantibus
1207 2948 1422 3013 etiam
1450 2949 1885 3012 benemereti
1914 2966 2056 3011 non
2082 2947 2350 3011 frustra
2390 2947 2858 3011 conabantur.

674 3055 817 3118 327.
908 3056 994 3119 Et
1041 3064 1117 3118 ut
1160 3056 1245 3119 de
1286 3056 1592 3137 quodam
1630 3057 1810 3119 inter
1851 3065 2171 3119 caeteros
2209 3054 2521 3130 dicatur,
2563 3071 2724 3117 curn
2768 3071 2858 3117 ex
2887 3054 3024 3132 pri-

557 3163 871 3225 moribus
911 3164 1227 3227 civitatis
1276 3164 1562 3244 quidam
1600 3164 1673 3227 in
1713 3163 2052 3226 extremis
2089 3163 2479 3239 laboraret,
2520 3160 2597 3223 P.
2649 3160 3023 3223 Torrensis

550 3270 949 3333 accersitus
1000 3271 1313 3333 animum
1362 3270 1425 3334 ei
1476 3269 1737 3335 addere
1780 3280 1850 3334 et
1894 3280 2143 3334 contra
2194 3269 2621 3333 tentationes
2660 3268 3027 3330 daemonis

550 3393 842 3439 armare
871 3375 1242 3456 diligenter
1274 3376 1624 3457 studebat3
1658 3377 1956 3440 aderant
1986 3378 2051 3440 ei
2088 3376 2357 3440 nobiles
2400 3376 2718 3456 plerique
2755 3383 2824 3437 et
2853 3375 3023 3437 mul-

561 3490 795 3546 torum
826 3484 1151 3547 ordinum
1184 3485 1533 3565 monachi,
1570 3484 1695 3548 sed
1723 3502 1886 3548 cum
1928 3485 2027 3547 illi
2064 3485 2178 3546 vel
2217 3501 2344 3545 sua
2385 3482 2729 3546 modestia
2776 3482 2889 3544 vel
2934 3482 3024 3543 ab

557 3589 719 3652 aliis
748 3591 1094 3655 admoniti
1123 3591 1653 3670 conticuissent,
1680 3589 1756 3653 P.
1783 3589 2159 3654 Torrensis
2180 3606 2444 3668 magno
2468 3587 2836 3651 charitatis
2858 3588 3023 3667 igne

552 3712 949 3761 succensus
975 3699 1397 3761 morientem
1434 3699 1824 3777 cohortari,
1862 3697 1954 3761 ad
1981 3714 2227 3761 aurem
2265 3698 2578 3759 clamare
2617 3695 3020 3776 aliquandO,

549 3812 629 3866 et
656 3804 1003 3867 adversus
1036 3807 1173 3867 tela
1199 3806 1566 3868 daemonis
1596 3822 1796 3868 arma
1819 3821 2236 3884 suggerere,
2264 3813 2333 3866 et
2356 3802 2640 3866 demum
2669 3803 3027 3866 consolari

549 3919 628 3972 et
666 3911 1006 3989 animare,
1051 3920 1120 3974 et
1162 3913 1704 3979 circumstantes
1742 3912 2002 3992 partim
2044 3910 2426 3975 admonere
2464 3909 2724 3991 partim
2749 3918 3024 3972 terrere

556 4034 685 4096 per
715 4018 1023 4097 quinque
1054 4018 1269 4080 horas
1294 4019 1670 4081 continuas
1692 4018 2182 4098 perseveravit
2205 4034 2367 4080 cum
2394 4015 2874 4097 praesentium
2904 4015 3020 4078 ad-

556 4122 956 4202 miratione,
991 4123 1168 4187 adeo
1200 4134 1274 4186 ut
1304 4126 1705 4205 complures
1734 4125 1886 4188 dies
1915 4141 2168 4188 vocem
2189 4123 2558 4205 pristinam
2589 4123 2676 4185 ob
2704 4122 3023 4185 raucedi-

544 4245 718 4292 nem
765 4248 1192 4311 recuperare
1233 4231 1358 4294 vix
1398 4232 1723 4311 potuerit.
1779 4231 2162 4294 Perutilem
2206 4248 2361 4293 esse
2401 4229 2674 4292 civitati
2725 4228 3022 4306 Collegii

557 4336 748 4400 illius
777 4354 1069 4417 operam
1099 4356 1272 4418 prae
1303 4338 1607 4402 caeteris
1650 4337 1817 4401 dum
1855 4338 2176 4401 homines
2205 4336 2677 4414 affirmabant,
2711 4351 2917 4397 suam
2947 4334 3016 4397 in

548 4460 640 4505 eo
662 4443 1232 4507 benevolentiam
1255 4444 1739 4507 ostendebant.
1768 4443 1949 4507 Tam
1970 4452 2386 4506 consuetum
2409 4451 2561 4505 erat
2577 4440 2846 4529 ‚nostris
2869 4457 3017 4518 eos,

547 4549 680 4629 qui
708 4550 781 4612 in
812 4568 1104 4614 carcere
1135 4551 1647 4635 detinebantur,
1683 4551 2039 4614 consolari
2078 4558 2147 4612 et
2176 4547 2738 4612 confessionibus
2762 4545 3019 4626 juvare

554 4667 634 4721 ut
672 4657 886 4721 etiam
940 4659 1010 4721 in
1060 4659 1640 4723 consuetudinem
1677 4676 1965 4722 versum
2011 4666 2228 4736 esset,
2277 4656 2560 4738 quando
2605 4654 2859 4736 aliquis
2900 4671 3022 4718 ex·
