3679 5414
1672 480 1797 539 AN.
1845 480 1984 540 1552
2946 480 3049 539 651

584 626 717 687 dus
748 626 1200 705 tyrannidem
1229 627 1439 688 nimis
1467 627 1761 690 licenter
1790 644 2149 706 exercere,
2185 645 2312 690 sex
2341 645 2432 690 ex
2453 626 2715 689 nostris
2739 628 2890 690 zelo
2915 626 3056 691 Dei

583 733 920 796 commoti
949 741 1312 796 tentarunt
1342 752 1435 796 an
1465 734 1739 814 aliquos
1769 736 1857 797 ab
1888 735 2004 797 illo
2035 735 2393 797 communi
2431 733 2669 797 surore
2708 752 2870 798 cum
2915 735 3051 798 Dei

584 840 851 902 auxilio
880 850 1170 919 possent
1209 858 1574 904 revocare.
1617 842 1850 905 Inscio
1887 858 2061 921 ergo
2101 841 2178 904 P.
2225 840 2702 921 Hieronymo,
2750 842 2932 904 inter
2977 860 3058 904 se

587 947 1113 1025 convenienteS,
1145 948 1354 1010 nudis
1382 947 1699 1027 pedibus,
1735 957 1982 1028 aperto
2007 950 2259 1029 capite,
2303 948 2467 1011 fune
2507 949 2688 1011 collo
2731 946 3049 1028 alligata,

588 1055 662 1116 in
694 1064 1097 1134 terramque
1128 1055 1456 1132 demissa,
1490 1055 1606 1118 hic
1637 1055 2057 1119 crucifixum
2078 1066 2371 1135 gestans
2395 1056 2743 1134 manibuS,
2777 1055 2892 1119 ille
2916 1057 3054 1118 cal-

585 1162 867 1223 variam
897 1161 1180 1240 mortui,
1212 1161 1358 1224 bini
1386 1162 1559 1225 dare
1588 1179 1664 1225 se
1695 1163 1766 1224 in
1797 1163 2043 1225 turbas
2071 1173 2141 1225 et
2165 1162 2562 1225 discurrere
2586 1180 2709 1242 per
2732 1161 3054 1242 frequen·

588 1267 688 1330 tia
719 1268 1119 1331 hominibus
1148 1270 1305 1331 loca
1336 1278 1739 1348 coeperunt.
1774 1269 2361 1333 Adhortabantur
2402 1250 2724 1332 homines
2764 1270 2855 1332 ad
2894 1286 3055 1349 poe-

586 1374 978 1452 nitentiam,
1019 1385 1088 1438 et
1136 1375 1361 1438 tribus
1411 1384 1533 1438 aut
1575 1385 1879 1456 quatuor
1925 1377 2102 1439 locis
2145 1377 2524 1439 conciones
2568 1376 2922 1439 habebant
2965 1374 3053 1438 de

591 1492 844 1561 morte,
872 1482 957 1545 de
973 1481 1260 1562 jndici0‚
1288 1483 1375 1546 de
1399 1485 1665 1547 saeculi
1683 1484 2093 1547 vanitate'et
2115 1485 2589 1564 poenitentiae
2613 1483 2866 1546 fructu.
2893 1483 3058 1547 Duo

591 1608 682 1652 ex
711 1590 814 1652 eis
843 1608 1097 1653 carnes
1126 1607 1296 1653 suas
1325 1590 1625 1670 flagellis
1651 1609 1875 1672 usque
1907 1591 1998 1653 ad
2027 1592 2447 1670 sanguinem
2470 1590 2890 1654 afficiebant.
2918 1589 2979 1654 N
2985 1608 3054 1653 o-

589 1714 759 1760 vum
798 1696 933 1759 hoc
985 1697 1470 1776 spectaculum
1517 1696 1649 1760 fuit
1705 1698 2030 1761 omnibus
2080 1708 2148 1761 et
2200 1697 2743 1760 admirationem
2793 1697 3056 1772 attulit,

590 1806 973 1866 multorum
1000 1804 1313 1867 furorem
1342 1806 1785 1883 compressit,
1820 1823 1965 1867 non
1997 1805 2243 1886 paucis
2275 1805 2365 1867 ad
2397 1806 2732 1868 virtutem
2771 1804 3052 1885 profuit,

590 1919 659 1973 et
687 1911 844 1989 illis,
878 1912 998 1991 qui
1027 1912 1513 1990 incorruptum
1543 1913 1898 1975 habebant
1931 1912 2308 1993 judicium,
2341 1913 2720 1992 probatum
2747 1912 3061 1975 maxime

592 2018 726 2082 fuit
757 2027 825 2080 et
854 2019 944 2081 ad
972 2017 1106 2081 Dei
1134 2019 1441 2099 gloriam
1470 2029 1540 2082 et
1562 2019 1935 2082 servitium
1965 2021 2200 2083 cessit.

706 2124 848 2187 529.
936 2125 1104 2188 Post
1134 2127 1427 2189 multam
1456 2126 2037 2190 deliberationem
2066 2128 2152 2189 de
2184 2127 2323 2190 situ
2347 2145 2433 2190 ac
2464 2127 2673 2191 domo
2704 2125 3056 2206 eligenda,

592 2232 681 2296 ad
706 2233 921 2307 illam,
949 2250 1160 2313 quam
1193 2233 1707 2314 inhabitabant,
1743 2242 1906 2296 sunt
1938 2235 2288 2313 conversi;
2323 2252 2503 2314 quae
2533 2236 2745 2313 paulo
2776 2232 3060 2313 quidem

592 2340 933 2402 remotior
982 2349 1089 2402 est
1130 2360 1172 2402 a
1223 2340 1462 2420 populi
1504 2339 1933 2420 frequentia,
1983 2341 2109 2404 sed
2152 2350 2389 2404 tamen
2434 2342 2697 2420 quieta,
2745 2339 3062 2420 spatiosa

592 2455 663 2509 et
711 2456 1165 2527 prospectum
1218 2447 1404 2509 aeris
1448 2456 1516 2510 et
1560 2448 1719 2526 agri
1754 2447 2056 2511 liberum
2092 2447 2384 2510 habens.
2438 2446 2644 2510 Hanc
2683 2447 2833 2510 fere
2873 2446 3062 2509 mille

593 2554 829 2617 aureis
859 2562 1397 2634 compararunt,
1443 2553 1645 2633 quus
1672 2554 1880 2634 pretii
1921 2554 2205 2617 tertiam
2249 2564 2526 2634 partem
2563 2553 3062 2634 Archiepisco-

591 2678 725 2742 pus
753 2660 1176 2740 numeravit,
1211 2669 1281 2723 et
1311 2661 1399 2724 ab
1430 2660 1590 2725 aliis
1618 2661 1890 2741 amicis,
1926 2660 2114 2742 quod
2146 2661 2493 2742 reliquum
2516 2671 2691 2737 erat,
2727 2662 3063 2725 collatum

591 2768 746 2832 fuit.
782 2767 1184 2847 Coeperunt
1214 2778 1283 2830 et
1316 2770 1653 2849 templum
1681 2767 2061 2831 aedificare
2091 2778 2158 2831 et
2197 2767 2656 2831 fundamenta
2697 2768 2847 2848 ejus
2878 2765 3070 2846 jece-

595 2885 782 2953 runt;
816 2876 1141 2972 quamvis
1181 2891 1271 2938 ex
1310 2876 1654 2955 parochia
1692 2874 2002 2956 quadam
2040 2875 2279 2938 vicina
2319 2875 2897 2955 impedimentum
2941 2874 3064 2937 ali-

597 2982 785 3062 quod
800 2983 1219 3061 habuerunt,
1246 2982 1383 3045 nisi
1404 2984 1900 3062 promitterent
1924 2983 2126 3045 salva
2149 2984 2324 3062 ipsis
2347 2982 2496 3045 fore
2514 2981 2676 3062 jura
2694 2981 3062 3062 parochia-

596 3091 690 3152 lia
718 3107 848 3153 nec
879 3091 1101 3152 ullum
1131 3089 1630 3153 detrimentum
1660 3099 2066 3170 acceptura,
2092 3089 2499 3169 permittere
2522 3106 2786 3151 novam
2811 3088 2927 3150 hic
2951 3104 3061 3150 ec-

596 3198 889 3260 clesiam
919 3196 1068 3259 fieri
1096 3195 1454 3274 nolebant;
1488 3197 1615 3259 sed
1643 3196 1930 3258 tandem
1962 3196 2050 3259 ab
2080 3212 2164 3258 ea
2193 3197 2313 3258 lite
2336 3195 2827 3275 prosequenda
2859 3193 3066 3256 desti-

599 3314 833 3367 terunt
883 3313 952 3366 et
1010 3303 1235 3365 nostri
1291 3302 1363 3364 in
1415 3302 1759 3365 ecclesiae
1810 3319 1982 3364 suae
2034 3300 2522 3365 aedificatione
2571 3308 3062 3380 perrexerunt,

598 3428 781 3491 quae
811 3424 1070 3487 tamen,
1120 3420 1329 3490 prout
1367 3409 1441 3471 in
1478 3409 1616 3472 illis
1658 3409 1879 3472 initiis
1917 3408 2066 3472 fieri
2106 3417 2405 3489 poterat,
2440 3425 2584 3471 non
2614 3424 2877 3487 magna
2907 3407 3062 3472 suit.

598 3517 950 3581 Numerus
978 3527 1386 3579 nostrorum
1417 3517 1758 3580 tredecim
1785 3518 1902 3579 vel
1921 3515 2458 3596 quatuordecim
2482 3533 2628 3578 non
2650 3515 3066 3595 excedebat;

600 3641 767 3687 nam
797 3625 915 3686 alii
943 3623 1233 3687 admissi
1263 3624 1401 3686 alio
1431 3624 1912 3687 mittebantur.

719 3730 863 3792 530.
951 3728 1096 3793 Sub
1126 3730 1399 3793 initium
1443 3729 1649 3809 hujus
1680 3732 1850 3793 anni
1878 3729 2182 3793 formula
2216 3729 2694 3810 Collegiorum
2723 3728 2966 3792 Italiae
2996 3737 3067 3792 et

603 3837 889 3902 Siciliae
929 3837 1148 3900 missa
1195 3837 1327 3900 fuit
1370 3836 1809 3914 Valentiam,
1858 3837 2044 3917 quod
2090 3854 2250 3900 eam
2277 3838 2488 3900 vellet
2526 3835 2603 3898 P.
2644 3836 2964 3915 Ignatius
2994 3835 3067 3898 in

608 3944 1112 4024 Hispaniensia
1154 3953 1399 4007 nostra
1446 3943 1762 4023 Collegia
1804 3944 2072 4020 induci,
2117 3952 2185 4006 et
2239 3943 2563 4024 placebat
2616 3943 2737 4004 illa
2783 3942 3067 4022 quidem

603 4050 677 4114 P.
712 4050 1151 4131 Hieronymo
1182 4050 1391 4113 valde
1421 4062 1498 4114 ut
1526 4051 1837 4114 medium
1867 4051 2140 4128 efficaX,
2172 4051 2336 4113 licet
2363 4050 2573 4113 valde
2603 4050 3061 4128 laboriosum,

599 4159 691 4222 ad
740 4158 1068 4221 civitates
1115 4156 1641 4236 reformandas;
1696 4155 2070 4221 Valentiae
2122 4166 2360 4220 tamen
2405 4165 2695 4238 propter
2730 4157 3065 4236 generale

596 4265 930 4344 studium,
965 4266 1038 4328 in
1068 4283 1207 4345 quo
1240 4265 1583 4329 exercitia
1613 4266 2008 4328 litterarum
2031 4264 2549 4343 humaniorum,
2577 4263 3068 4344 philosophiae

598 4382 669 4435 et
696 4373 1098 4451 theologiae
1137 4373 1629 4436 tractabantur
1670 4373 2069 4452 diligenter,
2112 4390 2255 4436 non
2283 4371 2659 4435 videbatur
2703 4389 2787 4434 ea
2826 4371 3066 4435 induci

603 4496 839 4559 posse.

723 4585 868 4648 531.
953 4586 1142 4650 Inter
1173 4586 1450 4667 aliquos
1482 4585 1781 4650 Romam
1809 4587 2068 4650 missos
2099 4605 2142 4650 a
2180 4585 2255 4648 P.
2299 4586 2737 4664 Hieronymo
2776 4585 3066 4664 quidam

604 4694 948 4757 sacerdos
979 4695 1341 4774 cantaber,
1373 4694 1445 4756 in
1468 4695 1720 4758 studiis
1742 4705 2146 4776 provectuS,
2174 4695 2326 4772 fuit,
2352 4702 2428 4756 ut
2458 4694 2606 4773 ipse
2629 4701 2867 4755 tamen
2897 4692 3070 4755 fate-
