3679 5414
739 453 850 514 690
1657 453 1912 513 Cimon.
1956 452 2107 513 Soc.
2150 454 2182 527 J
2197 470 2291 512 Es.

742 601 1206 679 religionibus
1234 600 1369 663 hoc
1399 600 1949 677 commendaret,
1979 600 2298 662 orabant.
2327 598 2466 662 Sed
2489 598 2889 663 Cardinalis
2912 617 3198 681 respon·

739 708 841 772 dit
870 726 949 770 se
990 725 1136 770 non
1166 706 1409 770 videre
1448 720 1651 769 extra
1695 704 2161 785 Societatem,
2209 707 2323 770 cui
2367 714 2548 787 opus
2577 717 2819 787 posset
2851 724 3208 771 commen-

743 815 923 879 dari.
957 814 1286 894 Oportuit
1314 814 1551 894 itaque
1582 823 1658 877 ut
1690 813 1965 893 aliquos
2015 831 2090 875 se
2135 813 2518 877 missurum
2565 813 2638 877 P.
2687 813 2918 877 Miron
2948 816 3210 895 recipe-

738 933 881 1002 ret,
922 939 1194 1002 paucos
1225 930 1494 999 tamen,
1529 921 1692 1001 quia
1724 938 1996 1000 paucos
2040 920 2350 991 habebat
2388 919 2730 984 SocietaS.
2778 921 3212 987 Nominatim

738 1029 1128 1110 postulavit
1181 1028 1581 1093 Cardinalis
1630 1029 1707 1092 P.
1766 1027 2174 1092 Cornelium
2226 1026 2280 1106 ¹,
2336 1027 2454 1107 qui
2501 1027 2651 1108 Jam
2708 1028 2779 1091 in
2828 1029 2948 1092 illo
2989 1045 3213 1108 regno

739 1137 971 1200 fuerat
1001 1146 1070 1199 et
1099 1154 1248 1215 reS,
1283 1136 1470 1198 illius
1509 1115 1924 1216 perspectas
1965 1120 2303 1210 habebat;
2350 1146 2418 1197 et
2460 1136 2787 1214 quamvis
2827 1134 2977 1215 ejus
3014 1154 3209 1217 prae-

738 1244 968 1307 sentia
999 1245 1073 1306 in
1101 1243 1543 1321 Portugallia
1573 1243 1748 1305 satis
1793 1241 2205 1305 necessaria
2249 1250 2467 1319 esset,
2516 1244 2766 1320 negari
2807 1252 3046 1306 tamen
3074 1244 3210 1306 hoc

739 1351 920 1430 Regi
950 1360 1019 1413 et
1051 1349 1587 1413 Cardinali‘non
1618 1350 1868 1430 potuit.

760 1458 765 1463 ’
855 1456 996 1519 600.
1084 1455 1452 1519 Venerunt
1510 1457 1581 1520 in
1637 1455 2149 1536 Portugalliam
2206 1456 2481 1519 litterae
2532 1455 2785 1537 quibus
2836 1457 3206 1520 constabat

736 1565 1059 1644 galerum
1090 1563 1611 1628 cardinalitium
1643 1582 1685 1626 a
1716 1561 1790 1627 P.
1824 1563 2213 1627 Francisco
2259 1581 2403 1626 non
2445 1563 2837 1627 admissum
2878 1571 2978 1642 et,
3021 1581 3108 1627 ne
3147 1565 3210 1626 ei

735 1671 1199 1749 conferretur,
1234 1690 1277 1734 a
1306 1670 1380 1733 P.
1415 1670 1691 1751 Ignatio
1723 1680 2050 1733 curatum
2080 1687 2259 1750 esse;
2295 1680 2363 1734 et
2395 1670 2634 1734 Infans
2665 1670 3088 1749 Cardinalis,
3122 1689 3209 1734 ac

734 1779 1176 1858 LudovicuS,
1211 1788 1279 1841 et
1310 1779 1458 1859 ipse
1488 1777 1665 1857 Rex,
1701 1796 1862 1841 cum
1895 1794 2158 1856 magna
2189 1778 2299 1840 sui
2330 1778 2818 1841 aedificatione
2848 1778 2918 1841 id
2949 1778 3211 1842 intelle·

735 1895 992 1950 xerunt
1022 1895 1090 1948 et
1121 1903 1274 1948 rem
1305 1902 1737 1965 magnopere
1767 1885 2275 1966 probaverunt.

851 1992 993 2055 601.
1082 1992 1335 2056 Mulier
1359 1991 1707 2072 quaedam
1731 1992 2011 2071 nobiliS,
2039 2009 2220 2072 quae
2244 1992 2641 2070 legitimum
2661 1991 3040 2057 haeredem
3062 1997 3208 2057 nul·

734 2101 879 2162 lum
908 2100 1236 2179 habebat,
1272 2108 1521 2180 sponte
1545 2082 1677 2161 sua
1702 2108 1897 2161 mota
1921 2106 2059 2177 est,
2095 2108 2173 2162 ut
2204 2106 2365 2179 post
2395 2107 2697 2161 mortem
2726 2100 3001 2180 aliquos
3031 2100 3206 2163 redi-

734 2217 847 2270 tus
891 2207 1207 2285 Collegio
1252 2206 1811 2287 Ulyssiponensi=
1834 2206 2289 2285 relinqueret,
2333 2206 2454 2285 qui
2494 2205 2586 2268 ad
2624 2207 3050 2285 quingentos
3090 2226 3205 2272 au·

734 2333 898 2378 reos
947 2316 1253 2394 singulis·
1299 2315 1503 2377 annis
1555 2313 2055 2376 ascendebant.
2105 2312 2392 2376 Interim
2443 2322 2681 2376 autem
2731 2313 2897 2376 dum
2942 2314 3214 2378 reditus

732 2439 881 2484 non
898 2421 1203 2483 habebat
1229 2420 1623 2499 Collegium
1649 2418 1774 2483 Sti.
1801 2418 2098 2483 Antonii
2128 2428 2202 2482 et
2229 2420 2322 2483 ad
2345 2420 2630 2482 modum
2655 2420 3026 2484 domorum
3049 2440 3207 2502 pro·

732 2529 1081 2592 fessarum
1137 2546 1227 2591 ex
1277 2529 1744 2608 eleemosynis
1794 2528 2116 2606 vivebat,
2175 2527 2363 2606 quod
2413 2544 2453 2589 a
2505 2527 2700 2605 Rege
2757 2528 2829 2590 in
2888 2528 3206 2607 singulos

732 2652 960 2698 annos
989 2636 1407 2715 donabatur,
1440 2636 1515 2698 P.
1552 2635 1782 2699 Miron
1812 2653 1956 2699 non
1985 2619 2145 2698 esse
2172 2634 2684 2698 admittendum
2728 2636 2801 2698 in
2842 2647 3204 2716 posterum

733 2744 1036 2823 censuit;
1071 2745 1232 2824 quia
1264 2763 1353 2807 ex
1382 2744 1854 2824 eleemosynis
1891 2761 2067 2824 pure
2104 2744 2352 2806 vivere
2396 2743 2488 2806 ad
2529 2743 2811 2806 modum
2856 2744 3201 2824 professa·

728 2869 889 2915 rum
927 2852 1300 2915 domorum
1337 2853 1591 2915 debere
1642 2851 2119 2915 existimabat.
2168 2851 2538 2932 Temporis
2589 2861 2827 2915 tamen
2866 2868 3201 2920 successu

731 2958 982 3023 domus
1021 2978 1063 3023 a
1103 2960 1419 3039 Collegio
1463 2969 1796 3039 separata
1841 2968 1983 3034 est,
2031 2968 2099 3021 et
2144 2959 2470 3040 utrinque
2514 2958 2912 3022 institutum
2953 2960 3199 3047 melius

731 3056 1105 3130 observari
1134 3067 1383 3146 potuit.

845 3173 985 3237 602.
1076 3172 1485 3237 Praefectus
1513 3173 1642 3236 fuit
1675 3173 1914 3236 domui
1943 3175 2058 3236 vel
2095 3173 2393 3252 collegio
2439 3170 2569 3235 Sti.
2616 3172 2910 3236 Antonii
2950 3171 3027 3235 P.
3073 3173 3199 3236 Ur-

725 3281 984 3360 banuS,
1039 3281 1157 3361 qui
1201 3281 1492 3344 nimiam
1530 3281 1930 3343 libertatem
1971 3280 2043 3342 in
2083 3299 2166 3343 ea
2207 3298 2284 3344 se
2335 3281 2694 3342 invenisse
2745 3280 3194 3360 querebatur,

726 3388 905 3450 adeo
937 3398 1034 3468 ut,
1070 3389 1131 3451 si
1162 3390 1250 3451 ab
1281 3389 1515 3466 aliquo
1547 3386 1986 3450 confessario
2017 3386 2039 3417 ²
2072 3387 2335 3451 Rector
2375 3396 2645 3469 peteret
2690 3403 3001 3467 quonam
3040 3387 3194 3464 iret,

726 3492 967 3575 iniquo
1000 3496 1239 3558 animo
1269 3494 1457 3557 hanc
1487 3495 2129 3572 interrogationem
2157 3494 2406 3573 ferret;
2440 3497 2768 3576 quamvis
2809 3495 2997 3558 enim
3034 3494 3196 3556 boni

724 3611 960 3664 essent
991 3602 1332 3681 operarii,
1368 3601 1517 3663 sine
1548 3599 1923 3680 disciplina
1954 3601 2395 3666 obedientiae
2425 3603 2726 3666 instituti
2754 3601 3058 3665 fuerant.
3091 3599 3195 3663 Eo

723 3720 1041 3789 tempore
1072 3709 1473 3788 perturbari
1501 3724 1616 3770 res
1663 3707 2091 3787 incipiebant
2123 3709 2194 3771 in
2237 3726 2323 3772 ea
2366 3710 2771 3790 provincia,
2819 3709 2907 3772 de
2945 3707 3198 3789 quibus

721 3813 928 3878 infra.
958 3814 1210 3879 Effecit
1241 3824 1477 3878 tamen
1507 3814 1678 3893 ipse,
1707 3813 1861 3876 Deo
1887 3813 2205 3895 J'uvante,
2232 3825 2307 3879 ut
2338 3815 2770 3880 domesticae
2801 3832 2916 3879 res
2945 3814 3197 3886 melius

714 3920 921 4001 juxta
954 3922 1254 3985 instituti
1281 3921 1507 3984 nostri
1534 3920 1891 3983 rationem
1921 3921 2183 3986 habere
2217 3922 2625 4003 inciperent.

810 4125 827 4157 ¹
890 4125 1185 4169 Cornelium
1217 4126 1425 4169 Gomez.

790 4198 825 4228 '¹
884 4196 992 4241 Hoc
1027 4207 1131 4242 est:
1167 4199 1210 4242 si
1246 4200 1311 4242 ab
1345 4198 1517 4252 aliquo
1551 4196 1837 4249 sacerdote,
1877 4198 1959 4250 qui
1999 4198 2168 4252 domo,
2204 4200 2576 4243 confessionum
2608 4197 2975 4242 audiendarum
2996 4197 3201 4252 gratia„

726 4269 1115 4324 egrediebatur,
1138 4270 1382 4314 Rector...
