3679 5414
678 472 801 530 448
1602 470 1856 529 Canon.
1899 469 2053 529 Soc.
2095 470 2234 542 jas,

692 635 825 681 nus
854 616 1081 679 Roma
1128 617 1310 679 mitti
1360 616 1835 695 postulabant.
1891 615 2236 694 Magister
2284 614 2606 695 Baptista
2645 614 2883 678 Velati
2934 616 3161 679 tribus

688 724 1060 788 ordinibus
1097 740 1477 804 puerorum
1517 732 1759 786 ternas
1797 723 2160 802 lectioneS,
2204 723 2444 803 captui
2482 740 2728 786 eorum
2767 740 3160 787 accommo-

684 831 931 913 datas,
992 831 1294 911 legebat,
1349 840 1420 894 et
1471 831 1542 894 id
1593 830 1877 911 quidem
1926 847 2171 909 mane;
2223 839 2385 909 post
2436 829 2801 894 meridiem
2855 846 3162 908 graecae

686 939 1208 1019 grammaticae
1236 939 1616 1001 lectionem
1645 937 1974 1016 addebat,
2007 946 2077 1001 et
2106 938 2252 1000 suis
2292 955 2376 999 ac
2406 936 2484 999 Ρ.
2529 936 2822 1000 Oliverii
2861 936 3161 1018 discipu·

692 1046 781 1109 lis
808 1046 1198 1109 vernacula
1237 1045 1478 1124 lingua
1518 1045 1891 1125 epistolam
1935 1044 2277 1125 dictabat,
2322 1060 2536 1124 quam
2575 1044 2648 1106 in
2684 1044 2983 1107 latinum
3019 1062 3162 1107 ser·

694 1171 976 1217 monem
1026 1161 1546 1232 converterent,
1601 1162 1670 1215 et
1718 1151 2008 1215 easdem
2055 1153 2393 1232 epistolas
2444 1151 2866 1216 emendandi
2914 1169 3162 1216 curam

693 1261 1022 1324 habebat.
1085 1260 1466 1324 Praeterea
1525 1259 1978 1323 subminister
2039 1269 2194 1323 erat
2254 1259 2556 1338 collegii,
2621 1269 2690 1323 et
2738 1260 2905 1339 quia
2955 1260 3158 1331 alius,

696 1369 815 1449 qui
845 1369 980 1431 hoc
1011 1368 1316 1431 officium
1351 1376 1770 1447 praestaret,
1805 1385 1950 1431 non
1980 1367 2256 1444 aderat,
2295 1368 2634 1447 emptoris
2664 1365 2890 1430 officio
2919 1367 3163 1447 sunge-

695 1476 926 1554 batur,
961 1483 1030 1538 et
1060 1476 1255 1537 olera
1285 1492 1376 1537 ex
1412 1474 1569 1537 soro
1600 1483 1670 1537 et
1700 1474 1841 1537 alia
1869 1475 2276 1537 necessaria
2307 1475 2824 1555 comportabat.
2868 1474 2956 1537 Et
2984 1473 3163 1537 nihi·

695 1582 1002 1646 lominus
1027 1582 1270 1644 diebus
1296 1581 1517 1660 festiS,
1553 1591 1630 1645 ut
1660 1581 1929 1644 dictum
1957 1590 2086 1660 est,
2121 1581 2699 1645 concionabatur.
2727 1579 2867 1644 Sed
2890 1598 3054 1644 cum
3078 1580 3165 1643 de

696 1689 810 1752 his
842 1688 1424 1769 occupationibus
1447 1688 1522 1750 P.
1558 1688 1908 1767 Ignatium
1934 1686 2437 1766 admonuisset,
2459 1686 2668 1766 jussit
2689 1688 2804 1750 ille
2828 1705 2955 1767 per
2984 1688 3161 1751 litte-

696 1813 818 1859 ras
848 1805 925 1858 ut
956 1795 1233 1859 emendi
1266 1811 1483 1857 onere
1513 1794 1896 1873 levaretur,
1933 1812 2094 1858 cum
2122 1796 2543 1875 praesertim
2576 1794 2666 1857 ad
2704 1794 3167 1875 praedicatio-

698 1921 861 1967 nem
889 1902 1075 1965 serio
1105 1901 1575 1965 exercendam
1603 1920 1764 1965 eum
1793 1902 1867 1964 in
1896 1912 2258 1982 posterum
2286 1919 2550 1965 vacare
2587 1903 2821 1981 vellet,
2855 1902 2948 1965 ad
2978 1903 3166 1981 quod

697 2010 1166 2073 ministerium
1191 2011 1365 2072 satis
1389 2010 1503 2071 ille
1526 2026 1922 2090 propensus
1946 2018 2122 2088 erat,
2149 2010 2477 2088 quamvis
2496 2009 2723 2072 necin
2748 2010 3167 2088 theologicis

695 2135 830 2181 nec
854 2116 1358 2196 philosophicis
1386 2116 1638 2179 studiis
1676 2116 1909 2179 adhuc
1946 2125 2277 2179 versatus
2307 2126 2516 2179 esset.
2560 2116 2964 2195 Antequam
2993 2134 3166 2180 vero

701 2234 1163 2304 praeceptum
1204 2224 1279 2287 Ρ.
1328 2223 1585 2301 Ignatii
1614 2223 2017 2301 accederet,
2054 2222 2205 2303 jam
2243 2224 2392 2303 ipse
2437 2223 2525 2286 ab
2570 2223 2797 2286 officio
2828 2225 3165 2303 emptoris

700 2330 1040 2395 liberatus
1070 2339 1224 2393 erat
1248 2348 1338 2393 ex
1368 2348 1451 2393 eo
1484 2340 1822 2409 tempore,
1858 2348 1996 2409 quo
2025 2331 2099 2393 in
2129 2330 2521 2394 cathedrali
2549 2332 2850 2393 ecclesia
2890 2332 3166 2395 concio-

702 2438 1018 2501 nandum
1046 2437 1181 2516 ipsi
1212 2436 1373 2515 fuit;
1403 2437 1564 2517 quia
1588 2436 1664 2499 P.
1698 2435 1995 2500 Alberto
2024 2455 2165 2500 non
2196 2438 2446 2500 decere
2475 2436 2857 2501 admodum
2885 2437 3166 2501 videba-

702 2553 821 2608 tur
845 2562 977 2607 nec
1009 2544 1099 2607 ad
1123 2544 1643 2607 conciliandam
1673 2545 2171 2607 auctoritatem
2201 2543 2532 2625 expedire
2559 2553 2635 2607 ut
2665 2555 2936 2625 emptor
2961 2546 3166 2609 simul

702 2660 772 2715 et
792 2651 1048 2714 summi
1070 2640 1793 2732 templi'concionator
1810 2661 2240 2715 cerneretur.
2266 2650 2423 2715 Non
2445 2653 2671 2732 potuit
2693 2663 2929 2716 tamen
2951 2653 3167 2717 omni·

702 2777 794 2822 no
820 2776 979 2822 eum
1004 2759 1290 2821 scholae
1315 2759 1673 2821 laboribus
1706 2759 2103 2837 sublevare,
2130 2768 2208 2822 ut
2239 2759 2526 2822 liberius
2558 2761 3016 2824 concionibus
3044 2779 3168 2824 va-

705 2875 933 2946 caret;
976 2867 1140 2946 quia
1172 2866 1387 2929 alium
1424 2867 1541 2945 qui
1572 2866 1636 2929 ei
1679 2866 1751 2929 in
1791 2867 2037 2929 schola
2075 2867 2487 2930 succederet
2524 2884 2670 2930 non
2709 2868 3036 2931 habebat.
3080 2869 3168 2931 Et

694 2973 881 3036 haec
898 2974 1169 3036 minuta
1192 2973 1391 3037 libuit
1414 2974 1797 3053 explicare,
1823 2983 1902 3036 ut
1924 2973 2359 3052 intelligatur
2383 2991 2597 3054 quam
2617 2976 2862 3055 paucis
2889 2985 2958 3038 et
2982 2975 3165 3038 debi-

702 3081 884 3161 libus
907 3082 1254 3161 operariis
1278 3080 1518 3143 divina
1539 3081 2004 3160 providencia
2028 3080 2117 3144 ad
2143 3097 2478 3159 magnam
2510 3082 3074 3146 aedificationem
3094 3090 3166 3144 et

692 3188 1143 3268 spiritualem
1173 3188 1481 3251 fructum
1509 3189 1932 3268 populorum
1963 3197 2300 3251 uteretur.

1379 3507 1924 3571 COLLEGIUM
1965 3506 2498 3574 MUTINENSE

822 3722 923 3785 74.
1010 3721 1152 3787 Sub
1210 3731 1626 3785 autumnum
1680 3720 1889 3802 hujus
1945 3724 2114 3785 anni
2169 3723 2565 3803 Collegium
2622 3722 3016 3787 Mutinense
3073 3725 3171 3787 in-

693 3829 1039 3891 choatum
1080 3837 1210 3891 est.
1260 3827 1441 3907 Quia
1484 3837 1722 3891 tamen
1752 3828 2012 3892 ibidem
2053 3829 2129 3892 Ρ.
2177 3827 2543 3910 Sylvester
2590 3830 2956 3894 Landinus
3008 3840 3173 3894 ante

698 3935 1004 4014 Collegii
1031 3936 1443 3999 missionem
1474 3935 1762 4015 agebat,
1797 3935 1885 3999 de
1914 3936 2056 4014 his,
2091 3954 2272 4016 quae
2317 3937 2405 4000 ab
2449 3956 2533 4001 eo
2583 3947 2788 4016 gesta
2832 3950 2995 4001 sunt
3037 3939 3173 4002 hoc

704 4059 917 4122 ann0,
959 4042 1158 4123 prius
1188 4043 1545 4120 agendum
1585 4051 1714 4105 est.
1758 4042 2341 4107 Valetudinarius
2390 4045 2505 4107 ille
2546 4044 2828 4125 quidem
2870 4062 3170 4126 corpore

694 4149 865 4228 suit,
902 4159 971 4213 et
1000 4158 1237 4212 tamen
1267 4149 1577 4228 quotidie
1607 4152 1824 4212 semel
1856 4151 2109 4213 saltem
2136 4149 2274 4214 hoc
2313 4159 2630 4231 tempore
2663 4161 2769 4215 est
2798 4153 3171 4216 conciona-

696 4265 845 4336 tuS,
877 4256 1138 4336 partim
1166 4256 1238 4318 in
1268 4256 1571 4319 ecclesia
1602 4256 2164 4336 Conversarum,
2197 4257 2460 4337 partim
2502 4258 2575 4320 in
2612 4259 2973 4338 parochiis
3003 4259 3170 4322 civi·

694 4365 902 4443 tatis,
937 4363 1167 4444 ipsum
1196 4363 1630 4443 Episcopum
1664 4364 2090 4428 comitand0.
2123 4363 2475 4428 Numerus
2507 4374 2745 4429 autem
2765 4365 3173 4446 frequenter

672 4471 1182 4534 confitentium
1212 4479 1281 4532 et
1313 4471 1988 4534 communicantium
2016 4489 2160 4534 non
2189 4472 2417 4534 solum
2445 4482 2913 4536 conservatus
2950 4474 3075 4537 sed
3103 4482 3174 4536 et

702 4589 955 4642 auctus
1002 4577 1155 4657 fuit,
1211 4578 1395 4641 sicut
1443 4586 1511 4641 et
1561 4577 1957 4659 spiritualia
1996 4578 2333 4642 exercitia
2375 4579 2646 4660 primae
2685 4580 3171 4644 hebdomadae

698 4685 1026 4765 plurimis
1068 4685 1354 4749 tradita.
