3679 5414
1574 473 1702 532 ΑΝ.
1757 473 1896 533 1552
2857 473 2969 532 603

499 615 735 694 diveS,
770 618 927 697 qui,
963 619 1289 683 omnibus
1318 620 1620 700 relictiS‚
1655 637 1732 683 se
1759 621 1943 683 velle
1973 619 2130 682 Deo
2162 619 2432 682 servire
2475 618 2853 683 affirmavit
2894 627 2963 683 et

498 722 964 787 adsumenda
994 727 1338 790 exercitia
1364 726 1460 790 ad
1485 727 1966 791 eremitorium
1992 725 2463 806 Magdalenae
2485 743 2561 789 se
2585 735 2965 790 venturum

499 829 895 912 constituit;
950 832 1138 913 quod
1176 834 1751 898 Archidiaconus
1785 834 1934 915 jam
1975 834 2206 897 dictus
2255 845 2323 897 et
2372 834 2493 896 alii
2530 850 2606 896 se
2643 833 2969 898 facturos

497 948 940 1018 receperunt.
2504 952 2512 959 ·

618 1044 758 1107 432.
847 1046 982 1110 Die
1012 1049 1282 1127 martis,
1316 1058 1476 1128 post
1506 1066 1813 1127 sacrum,
1849 1066 2010 1112 cum
2039 1047 2366 1112 Patribus
2393 1048 2465 1111 in
2498 1050 2814 1128 ipsorum
2857 1065 2963 1111 re-

496 1149 795 1215 fectorio
844 1171 1178 1234 pransuS,
1235 1157 1424 1235 apud
1472 1156 1760 1220 eosdem
1810 1173 1973 1219 cum
2022 1155 2506 1219 consolatione
2555 1165 2624 1219 et
2661 1156 2963 1219 utilitate

499 1276 743 1322 eorum
795 1262 1259 1326 concionatus
1309 1273 1445 1342 est;
1487 1272 1557 1326 et
1597 1273 1761 1345 post
1799 1263 2168 1327 meridiem
2203 1280 2292 1326 ex
2333 1264 2504 1325 urbe
2544 1262 2846 1326 decessit
2895 1271 2965 1326 et

499 1366 870 1431 officialem
909 1370 1244 1451 Episcopi
1281 1388 1443 1434 cum
1478 1371 1638 1434 aliis
1675 1370 2133 1452 primoribus,
2180 1371 2298 1450 qui
2339 1369 2687 1434 deducere
2730 1370 2964 1451 ipsum

499 1475 839 1538 volebant
868 1495 958 1540 ex
988 1479 1195 1558 urbe,
1229 1478 1331 1541 ire
1362 1479 1756 1558 prohibuit,
1801 1477 2132 1557 quamvis
2170 1477 2676 1540 archidiacono
2714 1487 2785 1540 et
2823 1478 2963 1540 cui·

500 1581 665 1645 dam
704 1584 1051 1647 canonico
1090 1601 1217 1665 per
1255 1585 1878 1649 mediam-leucam
1914 1585 2159 1647 venire
2194 1584 2546 1664 permisit,
2587 1594 2655 1647 et
2698 1599 2964 1663 magna

500 1688 796 1752 affectos
832 1692 1322 1755 consolatione
1352 1709 1507 1769 eoS,
1555 1693 1737 1756 sicut
1777 1701 1847 1755 et
1883 1692 2129 1755 urbem
2167 1691 2599 1770 Victoriam,
2655 1691 2962 1772 reliquit.

499 1796 574 1859 In
606 1798 964 1878 oppidum,
997 1799 1187 1880 quod
1216 1799 1480 1862 Villam
1510 1817 1774 1863 novam
1802 1808 2091 1878 vocant,
2125 1817 2209 1862 eo
2232 1797 2345 1861 die
2366 1798 2724 1878 pervenit,
2751 1808 2822 1861 et
2851 1798 2965 1861 die

499 1905 833 1968 mercurii
859 1923 1068 1969 mane
1091 1906 1184 1969 ad
1207 1908 1545 1987 templum
1574 1906 1869 1970 Missam
1899 1908 2384 1970 celebraturus
2405 1906 2622 1986 venit,
2650 1923 2790 1985 qua
2810 1924 2965 1986 per-

497 2020 689 2084 acta,
725 2013 888 2076 licet
912 2004 1575 2094 plueret,‘Bilbaum
1609 2030 1860 2076 versus
1889 2013 2253 2094 pergebat.

615 2118 755 2182 433.
844 2119 1376 2201 Exspectabam
1405 2130 1643 2184 autem
1667 2137 1829 2183 eum
1861 2122 1933 2183 in
1962 2120 2222 2200 oppido
2251 2119 2629 2200 DurangO,
2666 2129 2736 2182 et
2765 2137 2964 2200 prae—

500 2233 615 2288 tor
643 2242 806 2289 cum
834 2228 1176 2291 comitatu
1204 2229 1555 2291 honorato
1585 2245 1747 2291 eum
1776 2228 2057 2308 excepit
2086 2228 2256 2289 etin
2297 2226 2632 2308 oppidum
2663 2227 2965 2306 induxit,

499 2332 615 2395 ubi
661 2344 824 2413 post
863 2351 1147 2397 sacrum
1184 2352 1316 2414 pro
1356 2351 1554 2398 more
1604 2351 1732 2398 suo
1777 2334 2240 2397 concionatus
2270 2342 2396 2396 est.
2432 2333 2823 2396 Zornozam
2853 2351 2963 2396 eo-

499 2439 661 2502 dem
708 2439 821 2503 die
873 2458 1332 2521 progressuS,
1385 2442 1480 2505 ibi
1529 2442 1641 2505 die
1691 2440 1978 2505 veneris
2017 2440 2337 2520 sequenti
2385 2448 2454 2503 et
2495 2440 2852 2503 celebrare
2896 2452 2965 2504 et

502 2547 917 2610 concionari
942 2549 1439 2623 constituerat;
1476 2549 1602 2612 sed
1631 2558 1831 2612 tanta
1867 2549 1976 2611 vis
2005 2548 2291 2627 pluviae
2330 2547 2719 2624 deciderat,
2754 2556 2831 2611 ut
2874 2548 2965 2610 ad

499 2655 876 2719 ecclesiam
904 2657 1212 2720 transire
1240 2673 1384 2720 non
1423 2656 1762 2737 potuerit,
1810 2673 1973 2720 cum
2016 2671 2319 2735 magnus
2363 2654 2648 2736 quidam
2687 2662 2973 2720 torrens

502 2762 695 2824 viam
734 2762 836 2825 sic
875 2763 1289 2827 inundasset
1328 2774 1405 2827 ut
1443 2764 1820 2827 transitum
1871 2781 2012 2826 non
2056 2763 2516 2843 permitteret.
2560 2762 2716 2826 Hoc
2755 2763 2969 2826 etiam

505 2866 759 2947 injuria
809 2872 1151 2950 temporis
1201 2871 1435 2935 effecit
1474 2889 1562 2934 ne
1601 2890 1692 2934 ex
1730 2871 1990 2950 oppido
2026 2870 2343 2933 Zornoza
2383 2880 2532 2932 toto
2573 2869 2685 2932 die
2728 2880 2967 2950 posset

502 2975 857 3039 recedere.

620 3081 761 3145 434.
851 3081 1187 3164 Sequenti
1228 3094 1465 3148 autem
1503 3085 1824 3148 Bilbaum
1865 3094 2029 3147 ante
2068 3084 2432 3148 meridiem
2470 3083 2794 3164 pervenit
2839 3101 2968 3163 per

500 3200 888 3270 praerupta
918 3192 1268 3272 quaedam
1315 3193 1658 3255 montium
1687 3194 1877 3272 loca,
1912 3201 1987 3254 ut
2018 3208 2363 3272 aquarum
2398 3190 2795 3253 molestiam
2824 3191 2967 3252 evi-

499 3305 705 3360 taret.
749 3297 1059 3362 Divertit
1101 3310 1336 3362 autem
1377 3300 1470 3362 ad
1506 3300 1855 3379 hospitale
1897 3315 2289 3379 pauperum
2330 3315 2491 3360 cum
2533 3314 2795 3377 magna
2840 3314 2969 3360 sua

502 3405 1021 3485 consolatione,
1054 3423 1186 3469 nec
1217 3405 1381 3468 inde
1421 3406 1633 3468 avelli
1676 3407 1925 3485 potuit.
1969 3406 2072 3468 Eo
2115 3421 2192 3466 se
2230 3404 2692 3483 magistratus
2730 3403 2970 3485 oppidi

502 3510 688 3574 illius
738 3530 900 3576 cum
944 3523 1196 3576 senatu
1246 3523 1316 3576 et
1358 3513 1786 3593 primoribus
1824 3512 1918 3575 ad
1960 3528 2121 3575 eum
2166 3511 2617 3574 salutandum
2661 3512 2968 3573 contule-

506 3627 692 3695 runt,
727 3628 796 3682 et
826 3618 1135 3683 officiose
1165 3614 1404 3682 om'nia
1435 3619 1875 3694 obtulerunt;
1912 3629 1981 3681 et
2010 3618 2265 3680 nobilis
2295 3617 2580 3697 quidam
2617 3616 2974 3680 Dominus

502 3725 876 3788 Tristanus
925 3727 1011 3789 de
1062 3726 1526 3805 LeguizamO,
1581 3726 1701 3806 qui
1759 3725 2210 3805 praepositus
2266 3723 2490 3804 major
2549 3725 2964 3802 vocabatur,

503 3848 663 3894 cum
694 3832 1034 3896 comitatu
1061 3834 1566 3913 primariorum
1607 3831 1927 3895 virorum
1957 3830 2280 3894 eumdem
2309 3830 2572 3893 invisit.
2608 3830 2741 3893 Hic
2769 3848 2966 3910 prae-

501 3948 609 4001 ter
639 3957 910 4002 morem
939 3941 1189 4003 concio
1229 3941 1301 4003 in
1330 3939 1515 4002 diem
1558 3948 1969 4019 sequentem
1997 3956 2122 4019 per
2152 3955 2580 4019 praeconem
2609 3938 2969 4018 publicata

503 4054 643 4123 est;
677 4055 769 4124 et,
803 4047 969 4128 quia
997 4064 1188 4109 nova
1219 4046 1569 4127 quaedam
1599 4046 1818 4109 Missa
1848 4044 2270 4109 celebranda
2296 4054 2481 4125 erat,
2510 4054 2670 4125 post
2693 4046 2970 4107 concio-

501 4168 665 4214 nem
694 4169 779 4215 ea
811 4153 1029 4216 dilata
1060 4162 1189 4216 est.
1222 4153 1386 4216 Fuit
1417 4162 1655 4216 autem
1685 4169 1992 4232 magnae
2020 4152 2343 4215 utilitatis
2373 4153 2551 4215 haec
2589 4151 2862 4229 concio,
2896 4152 2967 4214 in

503 4258 859 4322 dominica
910 4260 1357 4339 sexagesima
1401 4260 1666 4323 habita.
1713 4258 1887 4323 Post
1923 4259 2291 4322 meridiem
2341 4260 2464 4322 vix
2514 4260 2705 4322 aliud
2754 4276 2967 4338 quam

502 4367 894 4430 salutantes
923 4367 1301 4448 primarios
1329 4368 1525 4432 viros
1568 4368 1899 4448 excipere
1937 4385 2021 4431 ac
2068 4367 2420 4431 dimittere
2451 4368 2676 4448 potuit
2698 4416 2713 4446 ,
2758 4377 2828 4430 et
2865 4376 2966 4430 ta·

501 4489 664 4535 men
690 4472 763 4536 in
793 4474 976 4537 diem
1004 4476 1214 4537 lunae
1246 4484 1679 4556 sequentem,
1704 4476 1779 4539 in
1807 4493 1947 4555 quo
1978 4474 2318 4538 cathedra
2340 4474 2417 4537 B.
2447 4473 2636 4537 Petri
2660 4476 2969 4538 celebra-

502 4590 640 4661 tur,
692 4581 762 4644 in
812 4583 988 4645 aede
1038 4579 1165 4645 Sti.
1226 4582 1521 4646 Antonii
1575 4583 1992 4662 praedicare
2043 4580 2303 4646 debuit.
2364 4581 2628 4644 Fuerat
2685 4580 2969 4661 quidem

503 4688 700 4767 prius
729 4706 814 4752 ea
845 4689 1096 4752 concio
1146 4690 1529 4753 venerabili
1569 4689 1851 4752 cuidam
1890 4689 2225 4768 religioso
2269 4687 2793 4767 commendata,
2841 4690 2966 4752 sed
