3679 5414
670 432 755 491 ‚02
1597 426 1853 486 Canos.
1895 424 2048 486 Soc.
2089 426 2228 499 Jsss.

680 586 755 640 et
786 577 883 639 ita
911 624 923 652 ,
958 591 1120 637 cum
1149 573 1349 636 initio
1383 573 1563 636 duae
1592 574 1709 635 vel
1737 581 1883 635 tres
1925 571 2406 636 confessiones
2435 589 2575 634 una
2604 571 2675 633 in
2705 571 3147 636 hebdomada

687 692 923 746 essent
953 681 1265 759 auditae,
1307 689 1559 759 postea
1602 679 1896 757 triginta
1935 688 2004 741 et
2044 679 2518 758 quadraginta
2560 678 3048 757 audiebantur,
3080 688 3149 741 et

689 790 779 853 ad
820 787 1186 867 octoginta
1229 803 1449 865 usque
1501 803 1746 849 earum
1801 802 2137 848 numerus
2181 784 2559 865 aliquando
2603 786 2934 864 accessit,
2989 802 3149 848 cum

691 907 929 959 tamen
959 893 1208 957 unicus
1245 902 1432 955 esset
1469 893 1622 971 ipse
1658 891 1734 955 P.
1778 891 2115 955 Nicolaus
2149 892 2380 955 sacris
2415 891 2776 954 ordinibus
2810 892 3146 955 initiatus

684 1003 1109 1082 Complures
1132 1009 1368 1064 autem
1381 999 1864 1063 confessiones
1886 1000 2256 1078 generales
2275 999 2493 1062 totius
2503 1000 2695 1062 vitae
2706 1000 3146 1077 exstiterunt3

689 1120 764 1173 et
793 1110 853 1172 si
884 1108 1165 1189 quando
1194 1107 1446 1170 messis
1483 1107 1555 1170 in
1587 1107 1888 1170 ecclesia
1928 1107 2221 1186 propria
2259 1106 2533 1185 deerat,
2579 1106 2851 1186 aliquos
2888 1122 3152 1185 egenos

687 1224 1164 1297 aegrotosque
1197 1214 1547 1277 invisebat
1565 1260 1579 1289 ,
1624 1231 1924 1293 quorum
1953 1222 2248 1291 peccata
2277 1230 2404 1293 per
2442 1222 2965 1276 sacramentum
2992 1230 3151 1293 poe-

692 1324 1031 1387 nitentiae
1054 1321 1424 1402 expiabat3
1468 1329 1865 1383 moerentes
1905 1319 2258 1382 consolari
2306 1331 2374 1383 et
2414 1320 2504 1382 ad
2541 1319 2959 1400 patientiam
2994 1320 3150 1382 hor-

694 1431 832 1493 tari
862 1429 1227 1504 studebat3
1261 1428 1531 1506 belgaS,
1567 1426 1686 1506 qui
1715 1427 2102 1489 vernacula
2130 1426 2263 1506 ipsi
2286 1425 2529 1505 lingua
2557 1426 2954 1503 utebantur,
2990 1422 3149 1506 quo-

695 1554 852 1600 rum
882 1534 1203 1599 Venetiis
1236 1551 1539 1612 magnus
1569 1542 1676 1596 est
1706 1549 2074 1611 numeruS,
2109 1532 2200 1595 ad
2222 1542 2747 1595 sacramentum
2778 1532 3150 1596 consessio-

695 1645 805 1706 nis
835 1641 1254 1706 adducebat.
1293 1640 1540 1720 Coepit
1570 1649 1806 1702 autem
1841 1640 2334 1702 auctoritatem
2358 1637 2698 1718 majorem
2721 1638 2796 1702 P.
2826 1638 3159 1702 Nicolaus

697 1750 828 1812 sibi
879 1748 1258 1812 conciliare
1309 1747 1687 1809 occasione
1758 1746 2221 1827 quorumdam
2283 1746 2681 1826 belgarum,
2747 1746 2997 1826 quibus
3047 1746 3158 1810 die

696 1857 1149 1921 Pentecostes
1188 1856 1259 1918 in
1300 1864 1543 1918 nostro
1591 1856 1854 1917 sacello
1892 1854 1963 1916 in
2004 1855 2389 1917 vernacula
2429 1855 2602 1935 ipsis
2641 1855 2906 1934 lingua,
2949 1863 3026 1917 ut
3064 1855 3160 1917 illi

696 1965 1072 2044 rogabant,
1099 1962 1562 2026 concionatus
1601 1969 1741 2040 est,
1775 1961 1896 2041 qui
1923 1977 2186 2040 magna
2217 1962 2700 2024 consolatione
2729 1970 2893 2024 sunt
2931 1961 3163 2025 affecti

689 2081 765 2136 et
793 2073 1057 2135 famam
1086 2071 1376 2151 spiritus
1415 2078 1486 2132 et
1523 2067 1888 2131 doctrinae
1927 2076 2138 2148 atque
2180 2068 2653 2148 eloquentiae,
2698 2086 2859 2132 cum
2898 2085 3160 2148 magna

691 2178 1162 2243 admiratione
1212 2177 1391 2240 inter
1452 2193 1624 2238 suae
1679 2175 1915 2254 gentis
1972 2174 2293 2237 homines
2349 2175 2833 2255 divulgabant.
2890 2174 3165 2256 Aliquis

693 2287 911 2349 etiam
940 2301 1346 2365 germanus,
1381 2282 1756 2345 lutherana
1785 2281 2064 2344 haeresi
2093 2280 2419 2361 infectuS,
2453 2282 2542 2345 ab
2571 2282 2820 2345 eodem
2853 2281 2929 2344 P.
2962 2281 3161 2345 Nico·

698 2395 833 2471 la0‚
863 2392 981 2471 qui
1014 2389 1393 2454 admodum
1426 2389 1498 2451 in
1528 2387 2035 2451 controversiis
2059 2387 2459 2467 hujusmodi
2489 2390 2902 2468 dogmatum
2924 2407 3161 2452 versa·

701 2510 813 2562 tus
842 2507 1017 2577 erat,
1052 2495 1332 2575 adjutus
1362 2503 1470 2558 est
1503 2495 1542 2558 ¹.

823 2603 956 2668 138.
1046 2604 1532 2683 Exoptaverat
1584 2618 2017 2682 magnopere
2068 2601 2411 2666 Dominus
2460 2603 2787 2667 Andreas
2833 2604 3154 2684 Lipoma-

670 2730 854 2805 φης,
902 2711 1126 2791 Prior,
1179 2709 1255 2774 P.
1311 2710 1675 2773 Andream
1722 2709 2052 2772 Frusium
2091 2709 2163 2772 in
2202 2710 2519 2789 Collegio
2556 2711 2675 2774 illo
2714 2729 2841 2774 suo
2885 2711 3163 2775 Veneto

698 2837 913 2900 penes
944 2836 1020 2881 se
1050 2818 1343 2896 habere,
1382 2834 1544 2880 cum
1576 2816 1651 2879 P.
1687 2815 2059 2879 Nicolaum
2086 2816 2159 2878 in
2187 2818 2494 2897 operarii
2522 2805 2757 2898 potius
2789 2835 3001 2898 quam
3035 2818 3163 2881 Re-

698 2926 917 2989 ctoris
948 2924 1174 2988 officio
1198 2922 1688 3004 occupandum
1711 2931 2055 3002 censeret,
2081 2940 2214 2986 nec
2236 2923 2307 2986 id
2329 2923 2523 2987 Patri
2546 2925 2822 3005 Ignatio
2847 2925 3164 3005 displice-

697 3034 853 3113 bat,
899 3032 1023 3094 sed
1063 3030 1423 3111 suggessit
1462 3038 1539 3093 ut
1577 3030 1723 3092 suis
1759 3030 2012 3093 litteris
2056 3048 2098 3092 a
2139 3028 2479 3110 Pro-rege
2517 3031 2789 3114 Joanne
2836 3032 2922 3095 de
2960 3032 3167 3112 Vega

693 3157 862 3204 -eum
888 3148 1161 3220 peteret
1193 3136 1283 3200 ad
1306 3137 1543 3200 veneti
1565 3137 1848 3216 collegii
1878 3136 2408 3208 institutionem.
2442 3137 2617 3201 Cum
2649 3147 2884 3201 autem
2914 3157 3037 3202 eas
3061 3139 3164 3202 lit-

700 3259 893 3311 teras
923 3245 1126 3308 Prior
1156 3244 1581 3325 scripsisset,
1613 3242 1926 3325 Joannes
1955 3244 2041 3306 de
2072 3243 2303 3323 Vega,
2338 3245 2457 3324 qui
2488 3246 2848 3324 augmenti
2878 3255 3166 3309 nostrae
3257 3263 3261 3267 '

699 3353 1076 3418 Societatis
1106 3351 1487 3415 admodum
1511 3351 1892 3428 studiosuS,
1919 3351 2155 3413 nonin
2178 3349 2415 3414 Sicilia
2440 3360 2738 3431 tantum,
2765 3353 2891 3416 sed
2911 3353 3166 3434 ubique

783 3595 802 3626 ¹
860 3594 1114 3637 Polancus
1131 3626 1142 3645 ,
1164 3604 1229 3636 ex
1249 3592 1652 3643 commissione,
1674 3590 1718 3632 N
1724 3589 1890 3633 icolao
1911 3591 2186 3644 Gaudan0‚
2217 3592 2278 3634 de
2312 3593 2422 3647 ejus
2449 3593 2656 3647 itinere,
2680 3594 2888 3647 studiis,
2911 3595 3164 3638 concioni-

703 3669 813 3718 bus,
833 3665 1041 3716 litteris,
1062 3671 1177 3717 etc„
1202 3665 1253 3706 12
1272 3663 1495 3717 Aprilis;
1519 3663 1581 3705 de
1601 3662 1794 3705 litteris
1827 3662 2003 3705 italice
2038 3668 2121 3705 sat
2157 3664 2283 3707 bene
2319 3664 2554 3718 scriptis,
2585 3664 2647 3707 de
2678 3664 2850 3710 Fulvii
2883 3667 3082 3719 studiis,
3105 3666 3164 3709 de

699 3737 996 3792 gratiarum
1015 3747 1105 3779 seu
1127 3735 1434 3778 facultatum
1454 3733 1916 3777 communicatione
1933 3765 1943 3785 ,
1966 3734 2027 3776 de
2049 3735 2357 3779 lectionibus
2376 3736 2596 3789 publicis
2629 3742 2685 3779 ut
2714 3737 2894 3781 videat
2915 3749 2982 3782 an
3004 3738 3167 3782 nostri

703 3806 1004 3852 scholastici
1025 3816 1116 3848 eas
1135 3805 1356 3847 debeant
1380 3804 1523 3847 adire
1545 3809 1598 3846 et
1619 3813 1735 3846 cum
1767 3804 2015 3856 proximis
2049 3805 2369 3855 conversari,
2399 3812 2450 3849 et
2486 3817 2548 3849 ne
2583 3806 2798 3850 Roberti
2820 3805 3069 3862 Stephani
3090 3806 3169 3850 Bi-

705 3880 821 3924 bliis
854 3883 1069 3922 utantur
1102 3889 1194 3920 nec
1229 3874 1434 3919 Fratris
1469 3874 1770 3931 Hieronymi
1805 3874 2220 3929 (Savonarolae?)
2255 3877 2416 3926 libris.
2451 3878 2504 3920 26
2541 3877 2752 3932 Aprilis;
2788 3886 2844 3922 ut
2877 3884 3088 3934 satagat
3119 3880 3168 3923 in

703 3949 989 3996 ministerio
1008 3947 1248 3993 audiendi
1264 3946 1609 3992 consessiones
1630 3958 1684 3989 se
1706 3957 1967 3999 exercere,
1990 3947 2087 3990 etsi
2108 3959 2211 3998 eos,
2232 3960 2358 4002 quos
2379 3949 2679 3992 confitentes
2699 3949 2894 4002 audiat,
2917 3961 3167 4004 quaerere

703 4026 756 4068 in
774 4022 980 4078 plateis,
1000 4022 1218 4073 ratibus,
1254 4030 1315 4062 ac
1347 4018 1677 4062 xenodochiis
1711 4018 1915 4072 debeat,
1952 4019 1999 4062 11
2034 4018 2174 4062 Maii.
2208 4019 2371 4073 Idem,
2403 4031 2470 4064 ex
2503 4021 2895 4075 commissione,
2929 4023 3168 4067 Andreae

701 4095 1004 4150 Lipomano,
1024 4093 1085 4136 de
1106 4091 1411 4135 lectionibus
1433 4090 1566 4134 domi
1587 4089 1823 4133 Venetiis
1845 4090 2122 4142 inchoatiS,
2155 4102 2256 4134 una
2276 4091 2571 4146 theologiae
2604 4097 2655 4135 et
2686 4103 2898 4136 casuum
2918 4094 3172 4137 conscien-

686 4167 812 4210 'tiae
833 4176 927 4220 per
947 4164 1217 4207 Nicolaum
1238 4161 1561 4215 Gaudanum,
1585 4162 1752 4205 altera
1775 4161 2133 4206 humaniorum
2154 4163 2449 4207 litterarum
2478 4174 2571 4217 per
2603 4163 2846 4208 Fulvium
2867 4163 3161 4218 Cardulum,

703 4237 887 4280 eadem
908 4236 1005 4279 die.
1029 4235 1171 4278 Idem
1190 4233 1405 4278 Nicolao
1427 4232 1693 4286 Gaudano,
1730 4239 1786 4276 ut
1820 4234 1952 4276 bono
1986 4234 2157 4277 animo
2188 4235 2273 4288 sit,
2303 4235 2424 4289 quia
2458 4236 2628 4279 nullus
2658 4235 2739 4278 his
2774 4236 3029 4279 mensibus
3060 4237 3172 4281 mit·

691 4307 863 4362 ‘tetur,
886 4308 1046 4351 donec
1068 4311 1213 4349 certo
1232 4310 1434 4349 constet
1468 4315 1646 4348 eorum
1679 4305 2044 4348 sustentationi
2078 4316 2110 4349 a
2145 4305 2325 4357 Priore
2357 4307 2638 4361 provisum,
2675 4308 2726 4349 17
2760 4307 2898 4360 Maii;
2920 4306 3087 4351 eidem
3107 4308 3169 4351 de

705 4379 920 4424 Andrea
941 4378 983 4422 F
987 4378 1142 4431 rusio,
1165 4383 1222 4421 ut
1243 4378 1293 4421 in
1314 4377 1424 4431 ejus
1446 4377 1498 4420 in
1518 4375 1851 4419 Germaniam
1870 4376 2153 4431 profecturi
2175 4379 2344 4422 locum
2361 4379 2623 4432 succedat,
2647 4378 2901 4422 venetias
2920 4379 3171 4423 mittendo

703 4462 823 4494 cum
844 4450 1010 4493 tribus
1032 4449 1148 4494 aliis
1168 4448 1540 4499 sacerdotibuS,
1557 4447 1611 4490 24
1629 4446 1767 4501 Maii;
1803 4447 1865 4490 de
1897 4447 2197 4492 ministeriis
2230 4450 2281 4493 in
2312 4451 2664 4504 proximorum
2694 4450 3018 4504 spiritualem
3037 4450 3174 4495 atili·

708 4528 887 4575 tatem,
905 4521 965 4563 de
984 4521 1228 4576 jubilaeo,
1245 4521 1272 4563 7
1286 4519 1314 4571 J
1318 4518 1439 4563 unii.
1463 4517 1697 4572 Ignatius
1716 4518 1961 4562 Andreae
1979 4519 2291 4576 Lipomano,
2315 4522 2375 4565 de
2399 4521 2625 4566 Caesare
2647 4520 2813 4564 Helmi
2836 4520 3087 4567 Venetias
3106 4524 3172 4567 ad

709 4593 906 4637 Prioris
928 4593 1200 4637 arbitrium
1221 4592 1392 4646 misso;
1421 4591 1676 4636 Polancus
1701 4589 1887 4636 Fulvio
1908 4591 2148 4644 Cardulo,
2171 4593 2230 4636 de
2254 4593 2557 4638 difficultate
2578 4591 2869 4637 inveniendi
2899 4593 2985 4647 qui
3007 4593 3174 4638 officio

705 4666 854 4719 coqui
875 4667 1001 4709 bene
1026 4666 1287 4719 fungatur,
1305 4666 1358 4708 27
1379 4663 1715 4718 Septembris.
