3679 5414
742 470 853 529 524
1658 471 1913 532 Canon.
1957 471 2116 532 Soc.
2155 472 2297 545 JES.

746 616 1076 678 cessariis
1118 616 1382 679 nostris
1430 617 1900 697 prospiceret,
1947 616 2340 697 injunctum
2382 626 2511 679 est.
2568 616 2757 681 Satis
2806 624 3044 681 tamen
3092 637 3220 682 res

743 723 899 803 ipsa
929 723 1167 786 docuit
1197 733 1539 805 quantum
1569 725 1719 805 spei
1749 725 1820 787 in
1850 724 2477 805 pollicitationibus
2513 723 2916 804 hujusmodi
2956 728 3218 789 consti«

745 830 847 901 tui
876 830 1163 894 deberet
1180 829 1237 889 ⁷¹.

860 937 1000 1000 266.
1091 938 1296 1018 Quod
1323 938 1415 1001 ad
1446 939 1729 1001 scholas
1760 939 2032 1018 attinet,
2062 939 2389 1019 quamvis
2428 938 2629 1002 multi
2669 939 2941 1001 nobiles
2980 938 3216 1001 adole-2

742 1055 1020 1108 scentes
1050 1045 1141 1108 ad
1172 1063 1294 1108 eas
1324 1045 1747 1109 accederent
1776 1055 1846 1110 et
1873 1046 2184 1109 fructum
2212 1063 2353 1109 non
2377 1045 2878 1127 poenitendum
2899 1046 3210 1127 percipe«

740 1161 921 1230 rent,
950 1169 1111 1215 cum
1135 1161 1373 1215 tamen
1402 1152 1629 1232 major
1658 1171 1828 1233 pars
1851 1163 2395 1233 praeceptorum
2419 1153 2926 1216 ultramontani
2949 1161 3218 1228 essent„

748 1258 1020 1321 nonita
1062 1277 1306 1322 eorum
1353 1260 1850 1340 pronunciatio
1887 1261 2253 1340 placebat,
2297 1269 2372 1322 ut
2414 1260 2715 1323 eruditio
2744 1260 3217 1340 probabatur,

742 1366 978 1445 itaque
1016 1366 1302 1445 rogavit
1343 1366 1510 1430 Dux
1548 1366 1808 1429 Montis
1848 1366 2108 1430 Leonis
2147 1365 2222 1429 P.
2267 1365 2620 1445 Ignatium
2658 1384 2784 1446 per
2827 1367 3103 1429 litteras
3133 1376 3220 1433 ut.

743 1490 904 1536 cum
933 1471 1009 1535 P.
1039 1471 1450 1537 Salmerone
1481 1473 1827 1553 quosdam
1857 1473 2137 1536 italicae
2167 1474 2455 1553 linguae
2476 1473 2846 1553 Neapolim
2875 1474 3207 1536 mitteret.

740 1579 883 1657 Ipsi
912 1579 1128 1643 etiam
1147 1589 1669 1661 praeceptores,
1696 1580 2121 1661 praesertim
2147 1580 2264 1661 qui
2294 1598 2384 1643 ex
2413 1580 2764 1660 superiori
2792 1587 2860 1644 et
2889 1579 3210 1644 inferiori

744 1685 1132 1749 Germania
1163 1696 1396 1767 erant,
1431 1688 1612 1751 inter
1644 1705 1823 1769 quos
1853 1685 2241 1750 Balduinus
2271 1687 2361 1748 ab
2400 1687 2712 1767 Angelo,
2745 1689 2928 1750 male
2968 1687 3212 1750 admo-

745 1792 913 1856 dum
942 1794 1014 1856 in
1042 1802 1208 1857 aere
1237 1792 1705 1876 Neapolitano
1736 1794 2074 1858 valebant
2102 1792 2147 1857 ¹².

866 1900 1007 1964 267.
1095 1902 1282 1965 Inter
1327 1903 1600 1984 aliquos
1644 1902 1763 1983 qui
1812 1902 2114 1966 Romam
2165 1902 2256 1965 ad
2306 1900 2734 1966 Societatem
2777 1903 2975 1966 missi
3024 1912 3214 1984 sunt,

744 2008 1047 2071 Michael
1090 2008 1397 2089 VigneS,
1442 2009 1662 2073 frater
1705 2009 2127 2090 Hieronymi
2170 2009 2333 2087 fuit,
2380 2018 2449 2071 et
2489 2009 2610 2071 alii
2650 2017 2799 2072 tam
2839 2010 3037 2073 multi
3076 2010 3213 2073 hoc

745 2116 975 2195 ipsum
1006 2116 1345 2195 optabant
1374 2126 1450 2179 ut
1472 2117 1713 2197 plures
1736 2134 1951 2197 quam
1975 2115 2347 2178 duodecim
2372 2115 2623 2178 eodem
2644 2124 2961 2196 tempore
2984 2116 3060 2180 Ρ.
3087 2116 3216 2179 Βο-

745 2221 1006 2285 badilla
1037 2223 1382 2287 scriberet
1411 2223 1483 2286 id
1507 2241 1549 2286 a
1580 2241 1656 2286 se
1685 2224 2112 2303 postulasse,
2141 2232 2209 2285 et
2235 2221 2519 2303 quidem
2538 2240 2682 2285 non
2705 2222 2985 2286 infimae
3006 2233 3221 2286 notae

745 2329 1090 2392 homines
1125 2330 1309 2393 Nam
1340 2330 1521 2393 inter
1552 2330 1916 2393 molestias
1946 2347 2089 2392 non
2121 2330 2445 2408 exiguaS,
2480 2346 2744 2409 magna
2783 2340 3020 2393 tamen
3062 2338 3217 2393 erat

748 2435 1146 2499 aedificatio
1198 2437 1526 2516 Collegii,
1583 2435 1785 2516 cujus
1834 2436 2221 2499 adventum
2262 2436 2333 2498 in
2385 2436 2932 2517 quadragesima
2974 2453 3231 2500 omnes

746 2544 1291 2606 concionatores
1323 2544 1962 2620 denunciaverant,
1997 2544 2124 2607 sed
2162 2554 2231 2607 et
2272 2544 2428 2624 ipsa
2468 2541 2843 2607 Societatis
2881 2544 3219 2607 exercitia

751 2660 1125 2730 perspecta
1167 2651 1270 2716 sic
1320 2651 1910 2717 commendabant
1962 2660 2040 2714 ut
2089 2653 2230 2715 tale
2282 2668 2460 2732 opus
2509 2668 2871 2732 nunquam
2922 2650 3224 2732 Neapoli·

753 2758 969 2821 fuisse
998 2759 1230 2822 visum
1259 2760 1583 2824 homines
1604 2760 2017 2823 faterentur.
2043 2759 2132 2822 Et
2159 2760 2286 2838 sic,
2315 2759 2376 2821 si
2398 2760 2620 2823 verba
2649 2758 2740 2822 ad
2770 2760 3231 2823 sustentati&

748 2883 912 2928 nem
963 2866 1281 2930 sufficere
1329 2867 1752 2948 potuissent,
1796 2866 2233 2930 abundasset
2276 2867 2562 2929 omnino
2606 2865 3019 2946 Collegium.
3075 2865 3218 2929 Alii

749 2985 987 3035 tamen
1017 2983 1299 3037 centum
1328 2974 1525 3037 aurei
1555 2983 1836 3053 praeter
1867 2975 2159 3054 primos,
2196 2989 2370 3054 quos
2400 2972 2554 3053 ipso
2586 2973 2658 3035 in
2687 2973 2888 3037 initio
2917 2973 3140 3051 dedit,
3177 2991 3220 3036 a

748 3077 1087 3159 Pro-rege
1115 3098 1244 3160 per
1272 3081 1687 3144 Mardonem
1716 3081 1938 3143 habiti
1968 3090 2154 3159 sunt,
2188 3089 2258 3142 et
2288 3081 2376 3143 ab
2408 3080 2566 3143 aliis
2595 3081 2734 3143 alia
2764 3078 2809 3143 ³.

836 3357 852 3388 ¹
911 3356 1163 3400 Polancus
1178 3390 1189 3411 ,
1212 3367 1278 3400 ex
1298 3368 1455 3410 com„
1477 3356 1623 3400 Patri
1643 3356 1857 3400 Nicolao
1892 3354 2163 3399 Bobadilla
2178 3387 2189 3408 ,
2212 3355 2274 3397 de
2297 3354 2727 3399 confraternitate
2752 3366 2846 3410 pro
2867 3357 3217 3410 redemptione

752 3428 1105 3482 captivorum,
1127 3429 1155 3471 5
1172 3427 1363 3472 Martii.
1381 3428 1566 3471 Eidem
1585 3434 1642 3472 ut
1663 3429 1870 3472 litteras
1891 3426 2090 3471 indicas
2111 3426 2290 3470 Fratri
2320 3426 2566 3483 Dionysio
2598 3427 2657 3469 de
2690 3426 2922 3471 Caesena
2942 3430 3230 3472 communi-2

752 3504 851 3550 cet,
878 3500 927 3542 19
945 3499 1136 3544 Martii.
1158 3499 1339 3544 Eidem
1360 3511 1546 3546 causas
1566 3501 1800 3555 exponit,
1823 3499 2007 3554 quibus
2039 3506 2207 3543 motus
2236 3498 2472 3553 Ignatius
2497 3500 2694 3554 iudicat
2726 3500 2919 3544 nostris
2950 3512 3050 3544 non
3071 3513 3222 3556 expe·

751 3571 859 3614 dire
895 3582 1072 3615 curam
1106 3571 1437 3625 hospitalium
1471 3571 1691 3624 habere3
1722 3572 1966 3614 hortatur
1996 3576 2170 3614 tamen
2203 3575 2288 3623 ut,
2324 3570 2374 3613 ni
2409 3571 2576 3625 majus
2606 3571 2837 3614 divinum
2866 3573 3136 3615 servitium
3168 3571 3221 3615 id

752 3643 1017 3697 impediat,
1052 3653 1106 3686 se
1141 3648 1422 3697 promptos,
1458 3649 1706 3697 quantum
1739 3642 1852 3685 fieri
1885 3641 2065 3696 possit,
2101 3640 2168 3684 ad
2203 3641 2531 3684 serviendum
2564 3635 2796 3695 aegrotis
2832 3643 3137 3697 exhibeant,
3168 3643 3234 3686 26

752 3713 953 3766 Martii,
976 3714 1110 3757 idem
1130 3714 1371 3758 Andreae
1394 3714 1455 3757 de
1487 3714 1683 3758 Oviedo
1702 3720 1760 3758 ut
1779 3723 1874 3768 per
1894 3712 2090 3756 Ducem
2110 3712 2477 3765 MontisleoniS,
2510 3711 2789 3757 societatis
2809 3713 3025 3769 Neapoli
3055 3720 3223 3768 prote·

752 3791 975 3839 ctorem,
998 3791 1143 3829 curet
1163 3797 1225 3828 ne
1247 3785 1465 3829 Pro-rex
1485 3786 1551 3830 ad
1572 3785 1831 3840 Ignatium
1859 3785 2056 3828 scribat
2088 3784 2149 3827 de
2173 3784 2381 3838 negotio
2406 3784 2680 3839 hospitalis
2702 3785 3101 3839 redemptionis;
3125 3798 3229 3837 non⁴

753 3857 889 3900 enim
918 3857 1152 3910 Ignatius
1170 3858 1329 3900 etiam
1348 3857 1632 3912 postulanti
1653 3856 1886 3910 Pro-regi
1908 3855 2152 3899 concedet
2174 3854 2309 3909 quod
2326 3854 2549 3910 petitur,
2581 3861 2633 3898 et
2665 3857 2946 3900 verendum
2975 3863 3055 3901 est
3088 3869 3151 3901 ne
3172 3859 3224 3901 ld

755 3928 986 3982 Pro-regi
1008 3940 1106 3971 non
1129 3928 1400 3983 displiceat
1421 3930 1631 3984 ejusque
1659 3927 1887 3972 animum
1907 3939 1939 3970 a
1962 3926 2222 3971 societate
2244 3931 2296 3969 et
2317 3927 2529 3980 proinde
2552 3938 2584 3970 a
2604 3934 2848 3971 nascente
2882 3927 3234 3983 Neapolitano.

755 3999 985 4053 Collegio
1004 4005 1234 4052 avertat,
1253 3999 1309 4042 30
1328 4000 1544 4054 Aprilis.
1567 3998 1709 4042 Idem
1729 3998 1772 4042 N
1778 4000 1942 4042 icolao
1964 3996 2254 4049 Bobadilla,
2285 4008 2347 4039 ne
2383 3997 2555 4040 animo
2586 3997 2919 4053 despondeat,
2938 4000 3029 4043 sed
3050 4009 3230 4044 certus

754 4072 822 4115 sit
843 4072 971 4115 nihil
992 4073 1058 4115 ab
1087 4071 1314 4126 Ignatio,
1338 4071 1473 4126 quod
1495 4070 1773 4115 societatis
1794 4070 2032 4113 instituto
2062 4079 2161 4112 non
2193 4068 2495 4121 conveniat,
2527 4068 2669 4113 circa
2702 4069 3088 4124 Redemptionis
3107 4082 3225 4116 con·

754 4142 1141 4187 fraternitatem
1160 4142 1516 4196 statuendum,
1541 4144 1587 4186 11
1609 4141 1761 4194 Junii.
1784 4140 1980 4184 Eadem
2001 4141 2082 4184 die
2105 4139 2339 4194 Ignatius
2361 4138 2676 4196 Hieronymo
2708 4141 2906 4195 Vignes
2924 4148 2982 4185 ut
3003 4143 3234 4186 solerter

755 4220 901 4258 curet
924 4226 985 4257 ne
1008 4215 1120 4269 quis
1140 4213 1358 4258 Romam
1376 4214 1591 4267 scribat,
1616 4213 1895 4268 quidquam
1916 4211 2224 4267 postulando
2241 4211 2374 4266 quod
2397 4210 2676 4256 Societatis
2691 4213 2930 4258 instituto
2952 4221 3232 4269 repugnen

754 4285 961 4330 Similes
980 4286 1031 4329 18
1048 4286 1185 4340 Junil
1204 4286 1345 4329 dedit
1366 4285 1512 4340 Lupo
1534 4285 1595 4328 de
1611 4283 1901 4328 Mardones.

836 4358 860 4389 ¹
914 4357 1194 4410 Polancus,
1225 4368 1290 4400 ex
1319 4368 1469 4409 com„
1489 4356 1731 4400 Andreae
1755 4356 1815 4400 de
1839 4355 2063 4409 Oviedo,
2086 4366 2148 4398 ne
2171 4365 2344 4399 omnes
2364 4354 2812 4400 indiscriminatim
2833 4362 3061 4412 nostros,
3079 4368 3236 4412 prae-.

756 4429 938 4473 sertim
953 4429 1183 4484 juniores
1198 4460 1209 4482 ,
1231 4440 1347 4475 cum
1368 4429 1598 4472 externis
1619 4428 1756 4482 loqui
1777 4428 1916 4472 sinat
1931 4461 1942 4482 ,
1963 4427 2018 4470 30
2037 4426 2289 4481 januarii.

837 4501 860 4533 ³
915 4501 1193 4551 Polancus,
1212 4511 1278 4544 ex
1298 4511 1447 4552 com„
1465 4499 1678 4543 Nicolao
1713 4499 1985 4543 Bobadilla
2020 4499 2080 4542 de
2115 4497 2417 4553 Hieronymi
2438 4497 2634 4551 Vignes
2670 4497 2852 4552 fratre,
2887 4511 2948 4542 ne
2983 4511 3100 4544 eum
3128 4501 3233 4550 nisi,

757 4579 873 4627 post
893 4579 1150 4617 aestatem
1180 4573 1428 4616 admittat
1444 4604 1455 4626 ,
1478 4572 1567 4614 sed
1588 4572 1796 4615 interim
1817 4572 1868 4615 in
1890 4571 2082 4614 litteris
2102 4575 2344 4612 exerceat
2367 4575 2417 4612 et
2437 4570 2616 4613 videat
2647 4581 2800 4624 quam
2828 4582 2972 4625 spem
2989 4583 3232 4626 perseve«

758 4644 907 4688 randi
928 4645 980 4688 in
998 4646 1130 4688 bono
1152 4644 1416 4699 proposito
1438 4643 1615 4698 saciat,
1648 4643 1701 4686 12
1719 4642 1920 4695 Martii;
1944 4642 2109 4685 eidem
2131 4640 2447 4697 Hieronymo
2467 4641 2669 4695 Vignes
2686 4674 2698 4696 ,
2721 4642 2781 4685 de
2804 4643 2916 4697 ejus
2943 4643 3108 4688 fratre
3141 4644 3230 4689 Mi-

758 4715 941 4758 chaele
971 4715 1024 4759 in
1054 4715 1368 4759 Societatem
1391 4715 1643 4770 admissO,
1665 4721 1782 4768 etc„
1801 4715 1829 4757 9
1847 4713 2063 4768 Aprilis.
