3679 5414
1628 452 1754 510 AN.
1803 452 1940 509 1550
2935 449 3012 505 29

533 612 604 662 et
634 617 724 662 ex
753 599 864 661 his
893 599 1108 677 aliqui
1141 616 1263 661 eas
1303 599 1766 678 reliquerunt,
1804 605 1873 659 et
1903 595 2023 658 alii
2051 612 2128 658 se
2157 595 2229 657 id
2268 594 2582 657 facturos
2621 604 2783 656 sunt
2811 594 3002 673 polli-

535 707 677 768 citi.
713 705 891 769 Cum
921 715 1158 768 autem
1189 705 1388 767 multi
1427 714 1694 782 essent,
1729 704 1871 783 qui,
1905 712 2065 783 post
2111 702 2559 783 sponsalitia,
2606 700 3006 781 quindecim

533 824 602 875 et
652 812 905 891 viginti
957 828 1184 874 annos
1234 811 1386 873 sine
1437 810 1869 873 matrimonii
1912 819 2362 871 sacramento
2403 817 2471 870 et
2517 807 3005 869 benedictione

536 920 897 982 Ecclesiae
929 936 1090 981 cum
1120 918 1402 998 sponsis
1434 908 1817 1010 vixissent,
1856 915 2135 979 curavit
2163 933 2289 996 per
2319 914 2674 995 publicum
2698 914 3004 976 edictum

534 1038 610 1089 ut
642 1025 739 1104 id,
773 1025 962 1104 quod
992 1026 1235 1089 deerat
1266 1026 1473 1105 ipsiS,
1521 1025 1991 1105 suppleretur,
2035 1031 2103 1085 et
2132 1022 2545 1102 priusquam
2583 1020 3004 1084 benedictio·

533 1150 695 1195 nem
723 1133 1087 1195 Ecclesiae
1118 1132 1555 1211 acciperent,
1589 1138 1888 1211 peccata
1927 1128 2458 1205 confiterentur;
2494 1128 2684 1208 quod
2724 1127 2822 1190 illi
2851 1144 3002 1207 per-

533 1240 830 1303 libenter
870 1249 1033 1301 sunt
1071 1238 1417 1316 exsecuti,
1451 1248 1519 1300 et
1558 1237 1702 1300 bini
1746 1248 1869 1299 aut
1898 1236 2082 1299 terni
2112 1236 2202 1298 ad
2241 1233 2765 1314 suscipiendam
2800 1234 3004 1296 bene-

534 1347 917 1409 dictionem
946 1345 1311 1408 Ecclesiae
1342 1362 1505 1407 cum
1535 1360 1802 1423 magna
1842 1342 2326 1405 consolatione
2369 1340 2678 1403 civitatis
2718 1338 3010 1402 accede-

535 1455 725 1517 bant.
763 1453 941 1516 Cum
982 1452 1198 1515 etiam
1228 1451 1628 1530 complures
1669 1449 2019 1529 religiosi,
2052 1448 2305 1512 litteris
2345 1446 2755 1527 apostolicis
2795 1446 3004 1525 impe-

533 1560 760 1637 tratis,
796 1559 867 1621 id
896 1557 1258 1621 narrando
1285 1557 1469 1638 quod
1496 1574 1636 1619 non
1669 1556 1767 1619 ita
1792 1574 1868 1618 se
1894 1554 2657 1631 habebat„facultatem
2678 1552 3007 1616 manendi

536 1674 740 1729 extra
792 1665 1228 1727 monasteria
1267 1664 1796 1743 impetrassent,
1861 1661 2247 1740 recognitis
2303 1659 2703 1739 hujusmodi
2755 1660 3009 1722 litteris

538 1772 1072 1853 deprehendens
1113 1771 1370 1833 falsam
1417 1769 1903 1833 narrationem
1931 1768 2048 1830 vel
2098 1767 2284 1848 quod
2313 1784 2564 1845 causa,
2610 1783 2790 1846 quae
2840 1776 3007 1828 tunc

542 1879 1014 1956 adserebatur,
1046 1876 1191 1957 jam
1225 1885 1598 1955 cessasset,
1635 1876 1724 1938 ad
1755 1892 1884 1938 sua
1916 1875 2348 1937 monasteria
2379 1891 2501 1936 eos
2540 1873 3008 1936 removendos

543 1986 843 2049 curavit.
879 1984 1152 2047 Deinde
1183 1985 1312 2048 sub
1342 1983 1552 2047 finem
1582 1983 1790 2063 hujus
1827 1982 1996 2045 anni
2024 1982 2115 2044 ad
2145 1976 2575 2044 visitandam
2603 1980 3006 2058 dioecesim,

543 2111 725 2174 quae
755 2093 1053 2174 publicis
1081 2092 1395 2174 peccatis
1424 2093 1582 2171 plus
1612 2090 1787 2153 satis
1814 2088 2294 2166 insorduerat,
2329 2106 2404 2151 se
2436 2087 2735 2150 contulit
2773 2085 2814 2149 ¹.

658 2200 760 2264 55.
849 2200 926 2263 In
949 2198 1184 2263 Sicilia
1206 2216 1323 2262 res
1345 2197 1720 2261 Societatis
1743 2198 1880 2260 hoc
1901 2214 2091 2259 anno
2115 2212 2576 2277 progressum
2595 2195 2809 2257 etiam
2829 2194 3008 2256 fece·

543 2317 743 2385 runt;
786 2316 854 2369 et
886 2305 1035 2385 jam
1072 2307 1226 2385 ipso
1267 2323 1454 2367 anno
1496 2305 1811 2382 ineunte,
1862 2303 2385 2366 confessionum
2422 2318 2758 2364 numerus
2799 2300 3008 2363 solito

543 2414 770 2495 major
815 2413 944 2476 fuit
989 2421 1058 2475 et
1107 2419 1621 2491 consequenter
1671 2411 2279 2489 communionum;
2334 2409 2714 2472 conciones
2763 2409 2999 2486 etiam,

541 2539 722 2602 quae
771 2539 813 2583 a
866 2519 1166 2582 diversis
1230 2518 1702 2595 habebantur,
1764 2527 1833 2581 et
1892 2517 2271 2598 praecipue
2327 2534 2507 2596 quae
2564 2533 2606 2576 a
2666 2515 3014 2594 magistro

539 2628 922 2690 Benedicto
987 2626 1284 2704 PalmiO,
1353 2624 1668 2687 nondum
1734 2623 2136 2703 sacerdote,
2196 2624 2526 2704 frequens
2583 2610 3008 2686 auditorium

539 2735 926 2812 habebant3
979 2744 1047 2797 et
1076 2733 1466 2814 spiritualia
1509 2733 1849 2796 exercitia
1898 2750 2026 2813 pro
2080 2749 2274 2795 more
2313 2731 2730 2812 quibusdam
2780 2731 3008 2794 trade·

538 2843 819 2905 bantur.

656 2949 758 3012 56.
850 2948 1052 3027 Quod
1074 2957 1311 3011 autem
1333 2947 1420 3010 de
1438 2948 1879 3028 probationis
1895 2946 2104 3009 domo
2123 2946 2521 3008 inchoanda
2545 2945 2664 3025 agi
2681 2954 3007 3025 coeptum

541 3066 720 3144 erat,
761 3051 1007 3136 primis
1054 3054 1259 3135 hujus
1308 3055 1476 3117 anni
1519 3054 1876 3116 mensibus
1927 3053 2018 3115 ad
2069 3052 2395 3115 effectum
2445 3052 2823 3114 deductum
2872 3062 2998 3113 est.

538 3163 873 3225 Vicinam
901 3160 1282 3242 quamdam
1313 3161 1629 3241 Collegio
1660 3161 1951 3222 domum
1983 3160 2147 3222 huic
2178 3159 2497 3222 instituto
2533 3166 3005 3238 opportunam

540 3269 936 3332 conducere
958 3269 1383 3346 nitebantur,
1415 3268 1539 3330 sed
1562 3268 1677 3347 pio
1708 3268 1872 3330 huic
1897 3267 2093 3347 operi
2114 3265 2438 3328 invidens
2460 3264 2764 3328 Satanas
2789 3266 3002 3327 multa

538 3376 1040 3456 impedimenta
1071 3374 1462 3455 objiciebat.
1501 3373 1847 3437 Obtentae
1871 3373 2151 3453 quidem
2173 3373 2453 3435 fuerant
2473 3372 2749 3434 litterae
2774 3390 2816 3433 a
2840 3370 3002 3434 Pro·

539 3464 708 3565 rege
756 3484 1028 3566 Joanne
1071 3482 1156 3544 de
1206 3482 1412 3561 Vega
1452 3482 1545 3543 ad
1592 3481 1901 3543 nobilem
1943 3479 2344 3560 quemdam,
2390 3476 2591 3558 cujus
2629 3496 2713 3541 ea
2754 3478 3004 3542 domus

537 3603 722 3670 erat;
756 3590 880 3654 sed
910 3608 1052 3652 non
1082 3598 1190 3651 est
1218 3589 1450 3651 visum
1477 3587 1552 3650 P.
1587 3586 1822 3650 Natali
1855 3588 1955 3649 eis
1994 3604 2150 3648 esse
2188 3585 2526 3649 utendum
2556 3603 2643 3647 ne
2698 3586 2841 3647 vim
2876 3586 3006 3648 sibi

536 3698 781 3761 inferri
811 3697 1137 3760 dominus
1172 3696 1424 3759 domus
1455 3703 1887 3775 quereretur.
1943 3693 2137 3756 Deus
2182 3704 2421 3755 tamen
2449 3693 2662 3755 aliam
2703 3710 3007 3755 commo-

541 3806 806 3869 diorem
838 3823 922 3868 ac
954 3804 1368 3866 viciniorem
1400 3802 1685 3864 domum
1711 3802 1875 3864 huic
1915 3801 2111 3880 operi
2151 3800 2491 3879 providit,
2526 3810 2594 3861 et
2634 3800 2862 3880 primo
2894 3800 3005 3861 die

542 3912 1150 3993 quadragesimae,
1185 3909 1513 3972 admissis
1535 3910 1800 3988 aliquot
1823 3907 2109 3970 novitiis
2132 3907 2316 3970 inter
2339 3925 2483 3984 θος,
2518 3907 2636 3985 qui
2659 3905 2748 3968 ad
2773 3904 3000 3969 Socie-

542 4028 757 4082 tatem
779 4017 1268 4098 adspirabant,
1296 4016 1546 4078 domus
1568 4003 1652 4077 e'a
1677 4015 1982 4077 habitari
2006 4023 2255 4094 coepta
2281 4022 2409 4092 est,
2438 4031 2618 4094 quae
2641 4014 2824 4076 inter
2847 4030 3002 4093 pro-

541 4127 842 4189 bationis
871 4124 1121 4188 domos
1150 4125 1455 4204 primum
1484 4124 1718 4185 locum
1747 4122 1998 4184 sortita
2028 4130 2167 4200 est;
2201 4121 2381 4184 sicut
2413 4131 2481 4183 et
2511 4121 2781 4201 primus
2805 4138 3002 4201 prae·

541 4233 768 4296 sectus
795 4232 925 4295 fuit
954 4231 1028 4293 P.
1067 4231 1435 4294 Cornelius
1466 4229 1909 4305 Vischaven‚
1937 4229 2057 4308 qui
2099 4227 2345 4290 decem
2382 4230 2497 4290 vel
2528 4228 2852 4290 undecim
2886 4246 3004 4290 no-

544 4341 754 4403 vitios
784 4338 1103 4417 (totidem
1141 4338 1328 4400 enim
1365 4346 1433 4399 et
1479 4354 1620 4399 non
1650 4336 1952 4415 amplius
1991 4335 2405 4398 admittendi
2443 4336 2578 4398 hoc
2616 4353 2804 4398 anno
2848 4353 3000 4415 pro·

625 4546 639 4576 ¹
698 4545 967 4594 pontacus,
992 4553 1058 4585 ex
1079 4542 1471 4591 commissione,
1510 4541 1654 4584 Patri
1690 4539 2062 4593 christophoro
2097 4541 2158 4583 de
2194 4539 2411 4595 Madrid,
2448 4540 2690 4594 Tranam,
2727 4542 2787 4585 de
2827 4542 3003 4587 visita·

544 4617 697 4668 tione,
718 4623 817 4660 etc.
839 4615 894 4658 22
915 4612 1235 4666 Novembrls;
1260 4613 1319 4655 de
1341 4611 1577 4655 doctrina
1599 4611 1885 4654 christiana
1901 4611 2144 4665 docenda,
2166 4611 2377 4655 mittens
2398 4613 2444 4656 ei
2465 4623 2558 4655 sex
2573 4612 2799 4668 ejusdem
2817 4614 3009 4657 doctri—

546 4698 641 4730 nae
663 4689 880 4741 libellos,
899 4687 954 4729 26
976 4684 1291 4728 Decembris.
