3679 5414
705 430 814 487 472
1615 434 1871 495 Canos.
1914 436 2071 504 Soc.
2112 438 2251 510 Jsss.

702 575 1099 656 Collegium
1119 578 1664 658 Neapolitanum
1686 584 2248 661 promovendum
2271 586 2715 665 destinasset,
2742 589 2906 668 quia
2927 601 3167 654 aestus

704 685 1036 763 ingruere
1065 696 1444 766 coeperant
1476 706 1605 750 nec
1636 690 2018 754 admodum
2060 702 2455 772 opportune
2484 691 2860 773 ‘Neapolim
2899 697 3166 777 ingres-

701 807 912 854 surus
942 791 1077 854 hac
1107 802 1379 856 aestate
1407 795 1804 875 videbatur,
1837 796 2138 877 injunxit
2170 801 2235 862 ei
2277 809 2354 861 ut
2378 800 2824 880 [Florentiam
2862 805 3159 886 veniret,

700 905 771 959 et
823 898 918 961 ibi
963 900 1265 994 legendo
1315 909 1384 963 et
1435 904 1926 968 concionando
1983 906 2167 969 hanc
2224 916 2568 971 aestatem
2625 910 2974 990 exigeret,
3033 914 3164 975 sub

701 1016 1116 1082 autumnum
1168 1008 1469 1072 Romam
1518 1019 1587 1073 et
1635 1010 2007 1092 Neapolim
2058 1023 2434 1094 venturus;
2494 1034 2632 1095 quo
2693 1026 3042 1098 ternpore,
3102 1021 3163 1082 si

700 1111 775 1174 Ρ.
829 1114 1139 1196 Jacobus
1186 1115 1476 1195 Laynez
1523 1118 2003 1183 valetudinem
2050 1131 2571 1201 recuperasset,
2612 1123 3047 1189 Florentiam
3087 1136 3162 1190 ut

699 1221 1006 1300 veniret,
1041 1231 1109 1285 et
1137 1239 1255 1284 res
1286 1223 1454 1285 novi
1483 1225 1669 1287 illius
1699 1225 1998 1304 Collegii
2027 1238 2507 1307 promoveret,
2554 1229 2942 1309 injunctum
2981 1245 3155 1298 erat.

697 1328 984 1390 Interim
1014 1337 1252 1392 autem
1280 1328 1446 1393 dum
1468 1331 1544 1393 P.
1572 1332 1860 1412 Laynez
1891 1333 2278 1397 valetudini
2300 1337 2829 1415 recuperandae
2859 1349 2928 1401 et
2956 1357 3158 1420 quar·

698 1446 909 1498 tanae
937 1438 1397 1516 expellendae
1427 1438 1640 1501 dabat
1671 1457 1994 1520 operam,
2028 1442 2301 1521 aliquos
2326 1440 2646 1521 juveneS,
2679 1446 2798 1523 qui
2828 1446 3157 1511 videban-

692 1551 809 1605 tur
840 1542 1073 1605 idonei
1098 1541 1473 1607 Societatis
1501 1546 1846 1623 institutO,
1877 1546 1965 1609 ad
1988 1546 2414 1612 Societatem
2437 1548 2790 1614 adducere
2819 1554 3159 1617 sollicitus

692 1659 849 1713 erat
882 1649 922 1713 ¹.

1334 1973 1464 2037 DE
1506 1974 1978 2040 COLLEGIO
2023 1975 2510 2040 PATAVINO

817 2186 949 2250 132.
1038 2188 1441 2267 Antequam
1463 2188 1734 2268 PatreS,
1760 2190 1879 2268 qui
1901 2207 1943 2251 a
1964 2189 2281 2253 Concilio
2299 2202 2763 2269 recesserant,
2781 2192 3155 2256 Patavium

688 2296 1034 2374 venirent,
1063 2296 1325 2359 nostris
1356 2296 1450 2358 ibi
1480 2305 1809 2376 praeerat
1838 2296 1915 2359 P.
1949 2297 2269 2378 Elpidius
2298 2298 2694 2376 UgolettuS,
2729 2308 2797 2362 et
2828 2301 3154 2379 quamvis

603 2441 614 2453 -
687 2405 919 2467 nullus
962 2404 1426 2466 concionator
1465 2413 1587 2466 aut
1624 2405 1848 2466 lector
1888 2404 1983 2467 ibi
2023 2406 2358 2484 populum
2396 2406 2772 2484 excitaret,
2821 2415 2890 2468 et
2927 2408 3153 2470 nostri

684 2510 833 2572 suis
864 2511 1112 2573 studiis
1143 2510 1392 2573 darent
1424 2527 1749 2590 operam,
1780 2512 1997 2591 aliqui
2020 2521 2279 2590 tamen,
2314 2512 2432 2591 qui
2463 2513 2909 2591 gravissimis
2941 2516 3149 2577 mole·

685 2617 840 2679 stiis
896 2616 989 2679 ad
1045 2635 1393 2681 summam
1448 2618 2012 2696 desperationem
2070 2618 2353 2681 adducti
2404 2619 2852 2696 videbantur,
2905 2638 3150 2684 eorum

684 2742 906 2804 opera
936 2726 1237 2788 recreati
1268 2735 1337 2788 et
1367 2726 1680 2789 animum
1709 2736 2172 2804 resumenteS,
2211 2718 2476 2790 nostris‘
2515 2728 2827 2791 amicitia
2867 2728 3149 2809 conjun-

685 2833 985 2896 ctissimi
1027 2833 1295 2896 dimissi
1346 2843 1532 2897 sunt.
1585 2833 1856 2896 Nobilis
1905 2834 2122 2897 etiam
2153 2834 2439 2915 quidam
2468 2834 2997 2914 NeapolitanuS,
3032 2837 3150 2915 qui

684 2941 946 3004 multos
984 2959 1210 3003 annos
1249 2960 1290 3004 a
1333 2942 1774 3004 confessione
1815 2941 2283 3018 abstinuerat,
2328 2961 2371 3005 a
2410 2941 2717 3022 quodam
2755 2960 2842 3004 ex
2883 2944 3151 3006 nostris

684 3048 855 3111 olim
883 3048 1016 3110 sibi
1046 3058 1215 3110 noto
1245 3048 1337 3111 ad
1366 3048 1763 3126 Collegium
1796 3048 2165 3125 deductuS,
2198 3066 2342 3110 non
2371 3050 2599 3111 solum
2630 3049 2907 3111 animae
2937 3051 3150 3113 saluti

683 3173 809 3235 per
854 3155 1372 3219 confessionem
1423 3156 1776 3219 consuluit
1827 3164 1897 3218 et
1938 3156 2130 3219 vitae
2169 3156 2631 3219 mutationem
2671 3157 2858 3218 serio
2896 3174 3148 3237 propo-

681 3264 845 3342 suit,
879 3265 1004 3327 sed
1033 3264 1167 3326 nisi
1197 3263 1617 3345 quibusdam
1655 3263 2033 3343 impeditus
2072 3264 2372 3326 nexibus
2408 3263 2688 3342 fuisset,
2731 3263 2823 3325 ad
2861 3274 3147 3326 nostrae

679 3368 1058 3434 Societatis
1128 3370 1529 3450 ingressum
1584 3371 1794 3433 valde
1865 3389 1941 3433 se
2010 3388 2440 3450 propensum
2509 3370 2946 3434 ostendebat.
3006 3370 3149 3434 Sex

681 3487 1043 3557 septemve
1091 3480 1452 3557 muliereS,
1497 3495 1801 3557 quarum
1838 3479 1989 3541 vita
2028 3479 2437 3559 turpissimo
2473 3479 2839 3541 libidinum
2879 3480 3149 3557 gurgiti

680 3587 1015 3649 immersa
1046 3594 1221 3663 erat,
1255 3594 1632 3666 postquam
1661 3584 1736 3649 P.
1772 3586 2052 3665 Elpidio
2076 3586 2444 3648 confessae
2468 3594 2654 3663 sunt,
2683 3585 2781 3648 ita
2811 3603 2933 3648 eas
2955 3594 3149 3649 ante·

680 3702 885 3757 actae
934 3694 1125 3756 vitae
1175 3692 1552 3774 poenituit,
1606 3702 1684 3756 ut
1733 3695 1805 3757 in
1856 3694 2373 3757 Corversarum
2429 3693 2940 3756 monasterium
2989 3710 3147 3756 sese

675 3801 919 3863 statim
947 3802 1264 3881 recipere
1303 3802 1594 3879 vellent,
1638 3811 1707 3865 et
1745 3801 2075 3882 quamvis
2116 3801 2301 3864 illius
2343 3801 2479 3863 loci
2519 3801 2850 3879 angustia
2889 3800 2960 3862 id
3000 3817 3146 3862 non

676 3908 1097 3987 permiserit,
1125 3908 1315 3971 vitae
1346 3916 1584 3970 tamen
1619 3908 1961 3987 pristinae
1999 3908 2334 3971 nuncium
2372 3908 2798 3970 remiserunt
2837 3916 2906 3968 et
2935 3906 3145 3968 hone·

675 4024 864 4077 stam
893 4015 1181 4077 vivendi
1210 4016 1558 4078 rationem
1588 4016 1915 4078 inierunt.
1952 4015 2319 4093 Quaedam
2347 4014 2562 4076 etiam
2591 4014 2762 4089 alia,
2806 4033 2896 4076 ex
2935 4014 3146 4076 domo

675 4120 1073 4201 cujusdam,
1109 4123 1295 4203 apud
1325 4139 1535 4202 quem
1564 4122 1856 4185 honeste
1885 4139 2026 4184 non
2057 4121 2451 4201 tenebatur,
2486 4121 2767 4184 cuidam
2796 4120 3146 4183 Patavino

674 4230 834 4292 viro
865 4230 1153 4310 optimo,
1188 4238 1264 4293 ut
1293 4230 1365 4292 in
1394 4230 1615 4310 ipsius
1642 4229 1912 4292 familia
1942 4230 2235 4292 honeste
2264 4228 2578 4307 viveret,
2614 4228 2875 4293 tradita
2905 4237 3033 4291 est.

804 4335 937 4400 133.
1028 4335 1331 4415 Quidam
1368 4337 1584 4399 etiam
1615 4335 1896 4416 juvenis
1939 4336 2271 4415 egregiae
2311 4335 2590 4414 indoliS,
2625 4336 2743 4414 qui
2773 4353 2848 4398 se
2878 4335 3145 4398 nostris

759 4613 774 4646 ¹
834 4613 1067 4668 Ignatius
1088 4614 1232 4657 Patri
1252 4614 1478 4671 Laynez,
1501 4621 1555 4658 ut
1579 4614 1898 4658 Florentiam
1923 4615 2130 4658 tandem
2152 4626 2206 4657 se
2229 4615 2478 4667 conserat,
2501 4614 2683 4658 habita
2703 4621 2876 4656 tamen
2893 4612 3145 4667 peculiari

671 4697 802 4729 suae
823 4687 1138 4731 valetudinis
1159 4686 1358 4729 ratione
1374 4720 1384 4739 ,
1404 4687 1460 4729 30
1480 4687 1695 4740 Aprilis.
