3679 5414
779 467 888 525 754
1701 467 1954 527 Cimon.
1998 469 2151 528 Soc.
2195 471 2334 542 jas.

779 612 1087 676 orationi
1115 631 1257 676 non
1288 630 1553 693 paucas
1584 613 1799 676 horas
1829 613 2239 692 tribuerent;
2273 614 2384 677 his
2408 614 2624 678 etiam
2653 614 2826 694 ipsis
2855 615 3259 677 hominibus

754 720 1184 800 spirituales
1215 720 1749 783 exhortationes
1788 719 1975 783 idern
2014 719 2225 783 Pater
2255 720 2584 796 faciebat,
2619 730 2696 784 ut
2724 738 2768 783 a
2806 721 3017 784 rebus
3046 722 3257 784 vanis

780 825 872 889 ad
893 827 1242 890 viciniora
1266 828 1475 890 saluti
1499 836 1568 890 et
1592 828 1727 908 ipsi
1758 827 2201 906 accederent,
2228 838 2296 891 et
2326 828 2505 891 alios
2535 828 2867 909 exemplo·
2882 845 3011 891 suo
3036 828 3250 893 addu-

776 944 1041 996 cerent.

898 1040 1041 1104 718.
1128 1039 1523 1104 Duodecim
1552 1050 1674 1104 aut
1702 1041 2106 1121 quindecim
2144 1058 2290 1104 non
2327 1042 2648 1121 vulgaris
2684 1050 2895 1105 notae
2924 1042 3253 1106 homines

778 1147 872 1210 ad
916 1146 1293 1211 Societatis
1332 1157 1618 1212 nostrae
1657 1150 2056 1212 institutum
2096 1148 2577 1230 adspirabant.
2628 1148 2877 1229 Coepit
2916 1159 2987 1212 et
3027 1150 3265 1218 sextis,

779 1253 1005 1334 feriiS,
1047 1256 1643 1335 quemadmodum
1685 1255 1885 1320 Goae
1935 1255 2177 1333 fiebat,
2230 1257 2554 1319 homines
2604 1255 2696 1319 ad
2742 1256 3252 1338 poenitentiam

776 1379 1207 1442 provocare,
1243 1372 1312 1426 et
1351 1364 1505 1443 ipso
1547 1364 1747 1426 initio
1794 1380 2011 1443 supra
2051 1363 2342 1442 triginta
2373 1372 2576 1426 erant
2604 1363 2744 1427 viri
2780 1363 3147 1442 honorati,
3176 1375 3253 1427 et

779 1468 964 1532 inter
999 1487 1121 1533 eos
1161 1470 1376 1550 aliqui
1423 1470 1784 1550 conjugati
1824 1479 1894 1533 et
1932 1469 2380 1548 Lascharini,
2409 1470 2528 1550 qui
2566 1488 2643 1533 se
2673 1470 2974 1550 flagellis
3002 1470 3248 1535 caede-

777 1576 968 1652 bant;
1005 1595 1134 1640 nec
1167 1578 1319 1641 dies
1350 1578 1603 1657 aliquis
1633 1579 2044 1641 elabebatur
2074 1579 2244 1658 quin
2276 1579 2494 1657 aliqui
2517 1578 2588 1640 in
2618 1577 2920 1642 ecclesia
2951 1576 3252 1658 Collegii

777 1685 1003 1748 nostri
1040 1696 1492 1749 sacramenta
1536 1704 1679 1749 non
1728 1688 2156 1767 acciperent.
2206 1686 2475 1765 Quibus
2527 1695 2764 1749 autem
2812 1686 3056 1748 diebus
3102 1703 3255 1750 non

777 1792 1237 1872 praedicabat
1267 1792 1342 1856 Ρ.
1377 1793 1738 1871 Melchior,
1773 1811 1897 1857 eos
1921 1792 2290 1856 audiendis
2313 1792 2875 1856 confessionibus
2895 1792 3249 1871 impende·

775 1899 918 1961 bat.
953 1899 1175 1962 Erant
1206 1910 1441 1963 autem
1473 1901 1634 1963 illae
1673 1910 1820 1963 tarn
1851 1900 2255 1981 frequentes
2284 1911 2359 1962 ut
2390 1917 2602 1980 saepe
2634 1917 2677 1962 a
2707 1899 2866 1962 cibo
2896 1899 3248 1978 capiendo

776 2005 1129 2069 hominem
1161 2007 1619 2070 excluderent
1663 2024 1886 2086 usque
1926 2007 2016 2070 ad
2044 2024 2441 2088 vesperam.
2476 2006 2745 2070 Diebus
2773 2005 3145 2069 dominicis
3174 2005 3251 2068 in

771 2113 1166 2177 cathedrali
1198 2130 1405 2177 mane
1436 2113 2021 2193 concionabatur,
2057 2123 2218 2193 post
2248 2113 2613 2177 meridiem
2651 2114 2724 2176 in
2776 2112 3092 2192 Collegio
3124 2130 3247 2175 no·

770 2229 944 2299 stro;
979 2220 1225 2283 diebus
1257 2231 1493 2284 autem
1521 2221 1806 2284 veneris
1836 2221 1909 2283 in
1939 2218 2189 2283 eodem
2220 2220 2537 2301 Collegio
2570 2237 2777 2283 mane
2814 2229 2882 2282 et
2913 2236 3240 2300 vespere,

770 2335 844 2388 et
863 2335 1031 2390 tunc
1055 2326 1141 2390 de
1169 2328 1624 2407 poenitentia.

894 2433 1032 2496 719.
1123 2434 1316 2497 Misit
1344 2434 1691 2498 Dominus
1721 2451 2021 2513 gravem
2044 2434 2421 2515 quemdam
2445 2434 2772 2497 morbum
2799 2433 2872 2496 in
2902 2434 3099 2497 illum
3120 2451 3245 2514 po-

771 2541 1038 2619 pulum,
1073 2549 1142 2603 et
1173 2543 1433 2604 multos
1462 2558 1551 2604 ex
1590 2542 1970 2621 gentilibus
2014 2551 2083 2605 et
2126 2541 2489 2605 saracenis
2530 2540 2616 2604 de
2655 2540 2887 2604 medio
2928 2542 3239 2616 sustulit,

771 2647 995 2727 quiin
1035 2648 1401 2712 itineribus
1431 2649 1725 2712 extincti
1753 2648 2324 2728 inveniebantur,
2352 2658 2420 2712 et
2449 2648 2695 2712 decem
2719 2657 2841 2713 aut
2869 2646 3247 2713 duodecim

773 2755 1153 2835 lusitanos;
1185 2774 1315 2819 nec
1347 2776 1388 2820 a
1420 2775 1558 2837 quo
1599 2757 1889 2820 morbus
1933 2774 2056 2821 eos
2093 2757 2505 2837 invadebat,
2548 2758 2734 2820 ultra
2772 2756 3026 2836 viginti
3070 2772 3243 2836 qua-

773 2871 937 2925 tuor
961 2863 1183 2926 ’horas
1222 2866 1637 2945 superstites
1676 2873 1903 2928 erant.
1947 2864 2080 2927 Hic
2112 2865 2398 2927 morbus
2428 2880 2689 2943 magno
2718 2871 2991 2927 terrore
3019 2864 3243 2927 homi-

775 2987 903 3033 nes
933 2972 1293 3034 concussit
1323 2971 1713 3049 (mordecin
1744 2972 2067 3035 morbum
2097 2971 2511 3048 vocabant),
2541 2969 2741 3051 cujus
2771 2971 3146 3034 occasione
3169 2983 3243 3035 et

771 3078 1327 3157 supplicationes
1363 3079 1689 3159 publicae
1731 3078 1881 3142 fieri
1919 3088 1987 3142 et
2029 3088 2481 3141 sacramenta
2515 3077 2950 3157 frequentari
2988 3095 3242 3159 coepe-

772 3194 971 3264 runt,
1005 3196 1072 3247 et
1104 3185 1195 3248 ad
1220 3184 1606 3266 jubilaeum
1636 3187 2092 3250 obtinendum
2133 3203 2208 3249 se
2246 3203 2667 3266 comparare
2707 3185 3086 3249 veniebant
3117 3186 3243 3248 ali-

769 3292 1056 3371 quando
1095 3302 1308 3356 noctu
1349 3293 1596 3356 fientes
1645 3305 1714 3357 et
1756 3303 2045 3374 propter
2095 3293 2324 3356 Deum
2373 3303 2747 3374 precantes
2796 3301 2873 3356 ut
2921 3293 3243 3374 ipsorum

767 3399 1256 3463 confessiones
1287 3400 1634 3463 audirent.
1667 3402 1913 3481 Itaque
1942 3400 2018 3464 P.
2045 3400 2390 3464 Melchior
2418 3409 2633 3464 noctu
2658 3401 2916 3481 diuque
2945 3417 3107 3463 cum
3135 3401 3244 3464 eis

770 3508 1275 3587 occupabatur,
1310 3509 1638 3588 quamvis
1677 3510 1750 3572 in
1792 3509 2424 3589 supplicationibus
2461 3508 2728 3572 eisdem
2767 3509 3012 3571 diebus
3043 3508 3242 3572 disti·

768 3622 1076 3677 neretur.
1111 3614 1256 3678 Alii
1286 3616 1499 3678 etiam
1540 3616 1800 3679 fratres
1838 3614 2153 3695 eJusdem
2183 3615 2480 3696 Collegii
2510 3624 2968 3694 aegrotantes
2995 3614 3235 3697 hujus·

767 3719 959 3782 modi
988 3723 1344 3784 consolari
1384 3733 1451 3785 et
1492 3722 1953 3786 morientibus
1993 3724 2326 3786 assistere
2365 3721 2759 3785 studebant.
2803 3722 3066 3803 Magno
3109 3724 3237 3786 ita·

761 3844 902 3906 que
925 3826 1206 3891 fervore
1231 3828 1321 3891 ad
1339 3828 1630 3908 jubilaei
1651 3830 1962 3909 gratiam
1990 3829 2444 3892 obtinendam
2467 3846 2543 3892 se
2564 3829 2868 3910 populus
2890 3830 3005 3893 ille
3029 3848 3239 3910 para-

768 3933 908 4011 bat,
950 3934 1164 3997 immo
1196 3945 1263 3997 et
1294 3954 1385 3997 ex
1414 3936 1703 3999 civitate
1734 3936 1961 4000 Chaul
1990 3954 2066 3999 se
2095 3935 2618 4016 praeparabant
2646 3945 2725 3999 ut
2756 3939 3239 4017 compluribus

760 4041 1073 4120 navigiis
1098 4042 1188 4105 ad
1211 4039 1597 4120 jubilaeum
1618 4043 1930 4121 Bazaini,
1958 4060 2165 4123 quem
2188 4043 2450 4106 nostris
2471 4043 2544 4106 in
2566 4045 2887 4107 ecclesiis
2909 4042 3237 4108 Pontifex

758 4160 1239 4227 concesserat,
1269 4151 1867 4230 consequendum.
1896 4149 2278 4214 Crescebat
2300 4151 2537 4230 itaque
2560 4152 2811 4214 messis
2843 4169 2928 4214 ac
2957 4150 3235 4215 fructus

757 4255 1171 4336 spiritualiS,
1207 4265 1275 4319 et
1303 4243 1604 4337 populus
1636 4275 1678 4319 a
1708 4257 2264 4320 detractionibus
2310 4257 2656 4338 pristinis,
2702 4258 2955 4339 quibus
3000 4257 3236 4322 fuerat

762 4363 970 4426 valde
1013 4364 1398 4443 obnoxiuS,
1443 4383 1518 4428 se
1550 4373 2052 4445 revocaverat,
2096 4373 2164 4427 et
2196 4365 2481 4427 veniam
2520 4365 2830 4428 invicem
2869 4365 3229 4445 petebant.

877 4469 1020 4532 720.
1105 4471 1264 4552 Ipso
1317 4471 1429 4534 die
1472 4471 1549 4535 B.
1594 4468 1804 4535 Petro
1852 4480 1922 4533 et
1970 4470 2189 4534 Paulo
2240 4489 2448 4535 sacro
2492 4472 2565 4535 in
2609 4472 2970 4536 civitatem
3022 4473 3229 4536 Tana

757 4574 835 4637 P.
866 4577 1208 4642 Melchior
1241 4579 1795 4642 concionaturus
1818 4579 2153 4658 perrexit,
2180 4588 2249 4641 et
2280 4579 2371 4642 ad
2394 4578 2683 4658 Jubilaei
2714 4580 3022 4660 gratiam
3053 4581 3231 4645 obti-

749 4683 1061 4746 nendam
1101 4685 1423 4748 homines
1473 4686 1830 4748 instruxit.
1874 4682 2325 4748 Domesticos
2366 4687 2580 4749 etiam
2623 4688 2695 4749 in
2738 4686 3053 4768 Collegio
3094 4687 3228 4751 Ba-
