3679 5414
637 480 749 538 572
1328 440 1342 453 ι
1555 476 1809 537 ennox.
1853 476 2008 535 See.
2050 477 2189 550 Jas.

640 624 792 704 ejus
824 641 1180 687 recessum
1214 623 1451 686 sensit.
1489 621 1728 686 Nostri
1759 632 2029 700 autem,
2066 643 2107 685 a
2137 623 2390 703 quibus
2432 623 2690 686 mirum
2721 623 2790 685 in
2822 623 3111 686 modum

641 732 1094 811 diligebatur,
1128 745 1270 793 non
1301 748 1377 793 sc
1409 730 1731 793 amisisse
1763 730 1888 792 sed
1921 730 1990 793 in
2022 732 2296 793 coelum
2325 729 2600 792 misisse
2628 738 3108 810 protectorem

638 839 1172 916 existimabant;
1204 847 1272 901 et
1303 837 1402 901 ita
1430 854 1572 900 non
1602 840 1832 900 solum
1859 837 2183 900 Viennae
2212 837 2338 901 sed
2375 838 2533 900 aliis
2569 838 2785 900 etiam
2826 837 2900 900 in
2927 838 3110 901 locis

639 946 980 1026 peculiari
1018 945 1504 1008 consolatione
1543 945 1770 1007 nostri
1818 944 2332 1024 afficiebantur,
2383 944 2549 1008 dum
2591 943 2739 1024 ejus
2780 954 3105 1025 mortem,

636 1053 759 1132 qui
804 1061 1001 1115 tanta
1044 1069 1205 1115 cum
1252 1051 1656 1130 integritate
1710 1069 1796 1114 ac
1842 1051 2188 1114 charitate
2232 1052 2548 1128 vixerat,
2596 1052 2975 1115 transitum
3019 1053 3111 1116 ad

637 1160 860 1223 vitam
889 1160 1301 1239 perbeatam
1334 1159 1405 1220 in
1444 1157 1750 1221 Domino
1792 1157 2275 1235 confidebant,
2326 1156 2509 1220 unde
2535 1156 2922 1238 societati,
2967 1177 3110 1222 ma-

638 1267 751 1343 gis
798 1284 1014 1348 quam
1061 1266 1226 1328 dum
1272 1265 1584 1343 vivebat,
1640 1266 1788 1328 suis
1832 1264 2195 1344 suffragiis
2240 1266 2430 1328 utilis
2472 1283 2627 1328 esse
2668 1277 2928 1346 posset.
2977 1265 3113 1345 Qui

638 1373 841 1436 aliter
899 1372 1048 1452 ejus
1116 1372 1484 1435 decessum
1552 1372 2139 1450 considerabant,
2201 1382 2277 1435 ut
2333 1372 2545 1435 amici
2603 1372 3107 1436 Universitatis

635 1480 821 1543 illius
851 1490 920 1542 et
950 1480 1237 1558 Curiae,
1271 1480 1768 1542 Ferrarienses
1799 1480 2046 1557 etiam,
2081 1488 2149 1542 et
2178 1479 2576 1542 Cardinalis
2605 1477 3095 1559 AugustanuS,

639 1597 708 1650 et
747 1588 867 1650 alii
905 1587 1218 1667 plurimi,
1272 1604 1514 1649 amare
1554 1584 1703 1665 ejus
1746 1586 2010 1649 obitum
2054 1586 2421 1650 fleverunt.
2467 1585 2923 1649 Providentia
2967 1587 3100 1650 Dei

635 1695 977 1775 peculiari
1005 1695 1273 1757 factum
1299 1705 1408 1756 est
1440 1702 1546 1772 ut,
1583 1704 1744 1756 ante
1776 1694 1999 1774 ipsius
2030 1694 2432 1772 decessum,
2468 1694 2861 1772 Collegium
2892 1695 3104 1758 Vien-

635 1819 852 1865 nense
901 1810 1049 1865 tam
1098 1811 1289 1864 recte
1343 1801 1738 1864 institutum
1787 1810 1857 1863 et
1901 1810 2045 1863 tam
2095 1801 2404 1880 egregiis
2455 1802 2800 1881 operariis
2850 1802 3106 1866 instru-

635 1918 827 1973 ctum
854 1910 1390 1988 relinqueretur.
1437 1907 1787 1987 Quamdiu
1822 1909 2004 1970 vixit
2048 1909 2121 1970 in
2161 1927 2274 1985 eo,
2311 1908 2682 1987 diligenter
2724 1909 3108 1972 admodum

636 2017 709 2078 in
751 2015 1254 2096 promovendis
1297 2014 1447 2095 ejus
1490 2015 1881 2077 commodis
1932 2015 2415 2094 spiritualibus
2466 2033 2550 2078 ac
2595 2015 3107 2095 temporalibus

637 2123 1066 2198 elaboravit;
1105 2121 1337 2185 studia
1373 2122 1587 2185 etiam
1632 2121 2009 2200 diligenter
2051 2123 2437 2201 promovit3
2492 2122 2675 2185 unde
2719 2123 2848 2185 sub
2898 2141 2982 2186 eo
3029 2124 3107 2186 in

636 2230 962 2293 omnibus
992 2245 1427 2309 magnopere
1459 2247 1704 2292 omnes
1735 2229 2227 2309 proficiebant;
2274 2239 2375 2306 et,
2422 2247 2583 2292 cum
2623 2247 2972 2293 summam
3006 2231 3104 2293 in-

618 2335 944 2399 'venisset
975 2335 1298 2399 Viennae
1327 2347 1395 2400 et
1428 2336 2013 2398 concionatorum
2052 2344 2120 2398 et
2159 2337 2503 2399 lectorum
2541 2336 2958 2399 idoneorum
2988 2354 3107 2416 pe·

634 2444 944 2521 nuriam,
980 2462 1155 2522 quos
1187 2443 1524 2522 diximuS,
1560 2444 2103 2506 concionatores
2133 2451 2201 2505 et
2232 2445 2533 2506 lectores
2563 2444 2880 2524 reliquit,
2914 2453 2984 2508 et
3027 2452 3105 2507 ut

635 2569 713 2613 se
743 2560 1158 2613 exercerent
1180 2549 1478 2631 juvenes
1511 2550 1582 2613 in
1609 2551 2023 2629 germanica
2054 2551 2334 2629 lingua,
2387 2568 2523 2630 quo
2556 2551 2625 2614 in
2658 2552 3109 2615 concionato-

636 2675 753 2721 res
784 2657 1188 2737 evaderent,
1223 2657 1524 2720 curavit.
1561 2657 1766 2720 Zelus
1797 2657 2050 2721 domus
2089 2656 2224 2720 Dei
2266 2674 2542 2739 semper
2581 2658 2655 2721 in
2688 2676 2771 2721 eo
2807 2675 3111 2739 magnus

637 2765 799 2843 fuit,
842 2775 909 2827 et
952 2782 1382 2845 magnopere
1412 2764 1896 2844 affligebatur,
1932 2783 2094 2828 cum
2118 2782 2471 2829 venenum
2504 2766 2917 2830 lutheranae
2943 2766 3109 2830 infe·

640 2873 897 2935 ctionis
926 2881 1072 2935 tam
1101 2875 1240 2935 late
1285 2872 1529 2952 spargi
1575 2871 1880 2950 videret,
1930 2884 2003 2937 ut
2049 2891 2179 2935 nec
2224 2872 2560 2954 Episcopi
2589 2891 2720 2936 nec
2751 2875 3112 2954 principes

636 2981 831 3043 vires
861 2980 1286 3043 sufficientes
1315 2980 1406 3042 ad
1435 2997 1593 3043 eam
1623 2980 2115 3060 expellendam
2160 2980 2423 3043 habere
2454 2981 2898 3052 viderentur.
2937 2991 3007 3045 et
3040 2982 3113 3044 in

638 3104 942 3168 poenam
992 3088 1308 3150 haeresis
1343 3086 1655 3150 furorem
1696 3096 2063 3150 turcarum
2109 3086 2478 3150 imminere
2518 3088 2656 3150 illis
2698 3088 3111 3167 regionibus

633 3193 822 3274 justo
853 3194 988 3257 Dei
1010 3182 1276 3275 Judicio
1318 3195 1630 3257 timebat.
1677 3194 2251 3274 Quibuscumque
2291 3202 2527 3257 tamen
2571 3195 2964 3259 rationibus
2993 3214 3109 3277 po-

638 3311 821 3364 terat
851 3319 978 3381 pro
1009 3302 1217 3364 domo
1248 3301 1383 3364 Dei
1412 3318 1487 3363 se
1519 3301 1943 3380 opponebat.
1979 3299 2111 3362 Vir
2138 3300 2272 3364 fuit
2300 3302 2749 3379 mitissimuS,
2795 3312 2862 3365 et
2895 3303 3110 3367 omni·

637 3409 770 3471 bus
797 3426 927 3488 pro
958 3427 1087 3472 sua
1124 3408 1517 3471 humilitate
1558 3407 1913 3486 amabiliS,
1963 3417 2032 3471 et
2070 3425 2200 3488 pro
2245 3426 2376 3471 sua
2418 3408 2791 3488 prudentia
2844 3419 2914 3472 et
2955 3428 3111 3474 san·

635 3517 880 3580 ctitate
909 3515 1393 3592 veneranduS,
1427 3533 1516 3577 ex
1556 3514 1802 3594 primis
1841 3514 1916 3577 P.
1962 3514 2220 3592 Ignatii
2266 3515 2510 3595 sociiS,
2560 3517 2632 3579 in
2678 3517 2942 3580 ditione
2973 3516 3114 3580 Du·

637 3624 740 3685 cis
779 3620 1178 3686 Sabaudiae
1217 3631 1464 3697 natuS,
1506 3621 1629 3684 sed
1673 3622 1743 3684 in
1785 3621 1991 3685 Italia
2036 3631 2105 3684 et
2153 3621 2539 3685 Germania
2570 3624 2993 3702 praesertim
3024 3625 3112 3687 de

635 3730 974 3808 religione
1004 3730 1394 3792 christiana
1438 3729 1698 3809 optime
1743 3729 2059 3791 meritus
2107 3727 2266 3791 Non
2309 3730 2732 3809 sepelierunt
2764 3728 2919 3809 ejus
2950 3748 3103 3793 cor-

635 3853 769 3916 pus
797 3836 867 3899 in
897 3838 1156 3915 templo
1187 3837 1276 3899 D.
1305 3835 1692 3914 Dominici,
1731 3837 1893 3916 quia
1930 3836 2308 3899 timebatur
2337 3836 2488 3900 sore
2525 3847 2599 3900 ut
2640 3837 2732 3900 ad
2772 3838 3109 3902 munitio-

635 3960 799 4005 nem
826 3943 1021 4005 urbis
1064 3961 1148 4005 ea
1194 3943 1443 4005 domus
1485 3960 1649 4006 cum
1693 3945 1955 4022 templo
2001 3944 2379 4022 aliquando
2410 3944 2845 4020 dirueretur,
2881 3945 3110 4008 sedin

636 4052 897 4130 templo
928 4050 1220 4113 Patrum
1250 4049 1493 4114 Sancti
1533 4049 1937 4127 Francisci,
1996 4051 2112 4131 qui
2160 4051 2504 4129 peculiari
2546 4069 2707 4114 eum
2757 4052 3109 4116 charitate

636 4156 1048 4236 diligebant.
1082 4156 1587 4222 Convenerunt
1618 4168 1857 4220 autem
1887 4157 2295 4220 sacerdotes
2327 4174 2488 4220 cum
2520 4156 2865 4237 Magistro
2896 4158 3108 4223 Petro

637 4263 1086 4344 SchorichiO,
1133 4265 1321 4345 quod
1361 4282 1452 4327 ex
1482 4265 1996 4343 antiquioribus
2048 4265 2108 4327 is
2158 4275 2376 4343 esset,
2423 4273 2492 4327 et
2536 4265 2609 4327 in
2659 4263 3114 4346 Superiorem

638 4372 1002 4452 elegerunt
1057 4371 1135 4434 P.
1189 4372 1560 4435 Nicolaum
1607 4371 2016 4451 Lanoyum,
2072 4372 2296 4435 donec
2344 4370 2420 4435 P.
2476 4371 2797 4451 Ignatius
2849 4374 3118 4454 aliquid

635 4488 982 4544 statueret
1008 4497 1022 4558 ;
1055 4480 1176 4559 qui
1205 4488 1445 4542 tamen
1474 4490 1722 4559 postea
1753 4479 2079 4541 eumdem
2107 4478 2488 4543 Rectorem
2521 4480 2634 4542 vel
2666 4479 3115 4543 confirmavit

637 4588 755 4651 vel
785 4588 1092 4650 instituit
1126 4585 1167 4649 ¹.

647 4700 652 4707 ¹
720 4720 737 4751 ¹
793 4720 1057 4764 Elucidari
1076 4752 1087 4771 .
1111 4706 1503 4773 confirmarique
1526 4719 1659 4762 haec
1683 4726 1895 4772 possunt
1917 4720 2108 4763 litteris
2130 4720 2441 4772 praesertim
2462 4718 2506 4763 N
2510 4720 2660 4763 {colai
2685 4719 3115 4774 Launoyi,·1’etri
