3679 5414
1663 438 1792 498 Au.
1837 437 1974 502 1551
2016 466 2022 472 ·
2938 435 3041 494 311

557 585 816 647 'vincia
854 596 924 647 et
968 602 1213 649 omnes
1249 585 1457 649 unius
1500 584 1718 649 animi
1759 601 1918 647 esse
1966 600 2128 648 cum
2156 582 2436 662 optimo
2486 581 2851 661 proposito
2887 580 3042 644 Deo

574 689 935 754 serviendi
974 700 1045 754 et
1097 692 1480 755 salutarem
1524 690 1601 755 P.
1649 690 2019 755 Francisci
2048 689 2447 757 doctrinam
2487 688 2858 767 sequendi,
2900 705 3039 751 ma-

571 814 792 877 gnam
829 798 905 861 in
942 797 1309 863 affectibus
1346 798 1711 862 hominum
1751 806 1820 860 et
1862 797 1935 859 in
1978 795 2433 860 conscientiis
2478 795 3043 859 emendationem

561 906 791 980 ‘cerni3
830 922 1010 985 quae
1042 906 1300 984 omnia,
1333 904 1394 969 si
1422 904 1762 969 resideret
1794 904 2052 968 ibidem
2081 902 2158 966 P.
2190 903 2642 981 FranciscuS,
2675 901 3041 966 confirma-

573 1022 849 1091 rentur,
898 1029 1057 1076 cum
1107 1029 1369 1092 magno
1404 1013 1647 1076 labore
1689 1012 1763 1075 in
1803 1011 2383 1076 reformationem
2422 1027 2669 1073 eorum
2711 1026 2797 1072 ac
2838 1010 3041 1089 spiri·

575 1120 838 1182 tualem
867 1120 1169 1183 salutem
1198 1119 1588 1197 incumbat,
1621 1127 1876 1183 etcum
1898 1119 1961 1182 ei
1983 1119 2156 1182 nihil
2177 1135 2320 1180 non
2343 1118 2663 1181 homines
2693 1115 3035 1193 deferant,

479 1218 486 1225 ’
575 1243 734 1288 cum
764 1225 1163 1305 intelligant
1198 1225 1352 1289 Deo
1384 1235 1530 1289 tam
1560 1243 1717 1289 esse
1755 1226 2231 1306 conjunctum,
2280 1224 2458 1288 adeo
2498 1233 2576 1287 ut
2617 1224 2708 1287 sit
2749 1240 3041 1303 persua-

575 1350 734 1396 sum
772 1333 944 1412 ipsis
985 1350 1113 1413 per
1156 1333 1343 1396 hunc
1380 1342 1706 1397 sanctum
1744 1334 1979 1396 virum
2021 1334 2202 1396 velle
2244 1332 2475 1396 Deum
2515 1332 2816 1403 salutem
2865 1330 3039 1410 ipsis

573 1437 898 1503 conferre
934 1438 974 1502 ¹.

692 1547 832 1611 291.
919 1547 1356 1611 Parochialis
1405 1548 1621 1611 etiam
1661 1547 2019 1615 ecclesiae⁴
2048 1555 2322 1627 pastor,
2370 1545 2556 1610 Solis
2585 1545 3031 1624 cognomine,

573 1654 808 1718 subdit
843 1654 973 1716 14.ει
1003 1654 1419 1718 Decembris
1446 1655 1801 1717 neminem
1838 1672 1996 1718 esse
2035 1668 2375 1732 magnum
2403 1653 2519 1716 vel
2547 1669 2881 1733 parvum,
2918 1652 3035 1732 qui

577 1762 648 1824 Ρ.
702 1762 1088 1825 Francisco
1129 1780 1273 1825 non
1323 1760 1606 1824 obediat
1648 1771 1718 1824 et
1765 1770 2040 1826 tantum
2090 1760 2612 1824 reformationis
2661 1760 3033 1839 Vergarae

567 1870 772 1935 cerni
800 1878 875 1932 ut
899 1868 1047 1949 jam
1075 1870 1571 1948 Vergarenses
1599 1869 1856 1933 vicinis
1881 1867 2400 1949 quodammodo
2426 1867 2836 1931 concionari
2866 1867 3032 1936 inci—

571 1977 790 2055 piant.
825 1976 1168 2055 Quamvis
1196 1976 1386 2040 enim
1407 1976 1556 2057 jam
1584 1985 1981 2041 recesserat
2008 1976 2083 2039 P.
2118 1976 2577 2053 FranciscuS,
2611 1975 2911 2056 populus
2943 1975 3032 2037 ad

571 2084 909 2162 pietatem
950 2102 1345 2165 propensus
1393 2093 1463 2148 et
1506 2084 1728 2148 vitam
1775 2084 2182 2147 christianis
2230 2083 2521 2162 dignam
2562 2083 2852 2146 relictus
2900 2092 3029 2159 est·;

567 2208 738 2255 nam
767 2191 1160 2255 ventitabat
1200 2209 1290 2255 ex
1335 2192 1739 2256 eremitorio
1770 2191 2237 2270 Magdalenae
2266 2208 2351 2253 eo
2380 2198 2450 2253 et
2480 2190 3034 2253 concionabatur

569 2315 730 2365 cum
778 2284 1078 2364 summa
1103 2299 1590 2363 aedificatione
1640 2308 1709 2362 et
1766 2298 2088 2378 plurimis
2136 2306 2662 2361 sacramentum
2698 2297 3033 2361 Euchari-

572 2405 751 2468 stiae
795 2406 1270 2483 ministrabat;
1320 2423 1446 2486 per
1494 2407 1701 2471 varia
1749 2406 1966 2469 etiam
2015 2405 2154 2468 alia
2203 2407 2362 2467 loca
2409 2393 2848 2468 discurrebat
2891 2390 3035 2468 non

570 2514 799 2576 solum
854 2513 1271 2593 provinciae
1330 2513 1789 2593 Guipuzcoae
1839 2511 1965 2576 sed
2014 2512 2228 2576 etiam
2270 2510 2449 2592 ejuS,
2505 2529 2686 2590 quae
2735 2511 3034 2575 Vizcaia

571 2620 861 2699 proprio
891 2620 1173 2683 nomine
1203 2620 1481 2684 dicitur.
1515 2619 1843 2684 Affirmat
1882 2620 2068 2683 idem
2104 2628 2352 2699 pastor
2380 2637 2534 2696 eote,
2569 2619 2686 2700 qui
2716 2618 3032 2682 christia—

570 2744 741 2791 num
768 2726 1059 2791 vivendi
1097 2728 1385 2791 modum
1419 2728 1879 2807 ignorabant,
1923 2728 2119 2791 illum
2161 2726 2493 2794 didicisse
2521 2735 2590 2790 et
2620 2727 2738 2807 qui
2776 2723 3032 2790 medio-

570 2833 785 2897 criter
822 2835 1017 2914 prius
1059 2836 1433 2916 vivebant,
1483 2837 1585 2899 sic
1621 2835 2009 2916 profecisse
2050 2843 2128 2898 ut
2167 2835 2327 2898 aliis
2369 2835 2709 2914 incipiant
2754 2836 3031 2898 concio·

573 2942 765 3019 nari;
811 2953 880 3005 et
924 2943 1226 3022 genibus
1253 2944 1455 3008 flexis
1500 2952 2019 3023 congregatum
2061 2942 2397 3023 oppidum
2439 2959 2481 3004 a
2523 2940 2601 3004 P.
2648 2942 3033 3005 Francisco

573 3050 854 3127 petebat
897 3058 971 3113 ut
1019 3050 1204 3131 apud
1248 3068 1325 3113 se
1367 3052 1729 3115 resideret.
1776 3049 2202 3114 Sacerdotes
2244 3067 2387 3112 non
2419 3049 2660 3129 pauci,
2695 3048 2786 3112 ad
2813 3048 3033 3128 perfe-

571 3155 798 3219 ctiora
828 3157 1137 3236 excitati,
1170 3159 1459 3239 propria
1490 3159 1887 3238 relinquere
1916 3174 2096 3236 quae
2117 3155 2573 3237 possidebant
2596 3164 2664 3219 et
2695 3155 2849 3219 Deo
2880 3172 3033 3236 per-

573 3262 826 3327 fectius
876 3264 1146 3328 servire
1198 3266 1739 3330 constituebant.
1794 3264 2286 3329 Emendicavit
2328 3262 2604 3345 publice
2652 3265 3032 3344 eleemosy-

574 3387 741 3434 nam
769 3371 1026 3435 ibidem
1055 3371 1132 3434 P.
1164 3373 1623 3452 Franciscus,
1670 3373 1854 3437 sicut
1892 3373 1965 3437 in
2004 3371 2264 3452 oppido
2308 3370 2393 3434 de
2435 3370 2715 3450 Ognate
2743 3370 3031 3449 fecerat,

570 3494 753 3556 quae
783 3478 1019 3541 omnia
1050 3479 1406 3558 augebant
1437 3480 1625 3559 apud
1652 3482 1991 3560 populum
2028 3487 2097 3542 et
2137 3477 2675 3541 admirationem
2705 3486 2775 3541 et
2803 3477 3034 3541 aedifi-

575 3584 856 3648 tionem.
892 3583 1051 3648 Non
1072 3581 1180 3648 est
1212 3594 1450 3649 tamen
1481 3585 1873 3665 Collegium
1904 3587 2217 3649 oblatum
2245 3585 2620 3663 Vergarae
2650 3602 2693 3649 a
2721 3584 2797 3648 P.
2833 3585 3033 3664 Igna·

573 3691 671 3753 tio
702 3691 1115 3772 admissum,
1150 3710 1314 3757 cum
1341 3693 1469 3756 vix
1499 3694 1590 3757 ad
1623 3692 2031 3773 Ognatense
2060 3692 2405 3767 homines,
2437 3693 2857 3773 praesertim
2884 3691 3035 3772 eJus

572 3798 877 3878 linguae,
913 3808 1083 3864 tunc
1114 3801 1402 3881 quidem
1440 3801 1781 3881 temporis
1818 3800 2242 3864 sufficerent.
2286 3799 2499 3862 Forte
2529 3799 2792 3878 aliquid
2820 3800 3035 3864 etiam

570 3905 644 3968 P.
701 3906 996 3971 Antonii
1047 3907 1133 3971 de
1182 3909 1422 3972 Araoz
1473 3908 1930 3988 propensioni
1979 3909 2052 3971 in
2102 3906 2236 3971 hac
2278 3915 2481 3987 parte
2523 3905 2863 3970 donatum
2901 3917 3029 3984 est;

570 4014 897 4093 quamvis
926 4014 1334 4094 Ognatense
1367 4015 1769 4094 ,Collegium
1796 4032 2259 4095 progressum
2294 4033 2715 4097 prosperum
2740 4034 2886 4080 non
2904 4018 3031 4079 hav

572 4121 802 4185 buerit
825 4121 870 4184 ³.

685 4227 827 4292 292.
915 4229 1093 4294 Cum
1141 4230 1405 4310 aliquid
1455 4230 1546 4294 ad
1589 4231 2067 4295 conscientiae
2115 4248 2289 4295 suae
2337 4231 2642 4310 quietem
2692 4230 3031 4312 majorem

571 4333 644 4395 P.
677 4334 1109 4402 Franciscus
1137 4346 1533 4418 expeteret,
1566 4338 1757 4402 misit
1794 4338 1888 4402 ad
1924 4355 2085 4402 eum
2114 4338 2192 4401 P.
2224 4339 2539 4419 Ignatius
2578 4339 3028 4419 subscriptio—

2800 4605 2891 4614 .-ν”

652 4612 668 4643 ¹
729 4611 979 4657 Beltrami
999 4614 1296 4658 litterarum
1313 4622 1563 4674 excerpta
1582 4615 1835 4670 quaedam
1855 4615 2012 4660 affert
2034 4615 2369 4671 Ctnmuncos,
2392 4617 2425 4659 1.
2448 4628 2491 4660 c.

647 4683 671 4712 ¹
730 4682 860 4727 Vide
883 4685 1096 4738 parochi
1117 4686 1452 4740 vertas-ensis
1470 4687 1537 4730 ad
1559 4686 1816 4741 leuntiam
1836 4687 2117 4731 litterula
2137 4685 2472 4740 Cauruacos,
2497 4690 2529 4731 1.
2553 4697 2596 4729 c.
