3679 5414
1650 486 1777 544 Aa.
1823 486 1962 545 1552
2724 464 2731 471 ’
2928 487 3041 545 475

569 632 866 708 scilicet,
902 633 1474 712 quandoquidem
1503 633 1653 712 ipse
1683 632 2006 711 Angelus
2036 633 2127 694 ad
2158 633 2395 695 omnia
2425 633 2685 695 Christi
2716 634 3038 712 pauperi-

558 739 690 801 bus
719 731 1183 818 relinquend‘a
1211 756 1608 819 propensus
1639 748 1847 815 esset,
1875 756 2017 800 non
2042 739 2135 801 ab'
2155 739 2260 801 eis
2282 748 2555 819 partem
2579 756 2739 802 eam
2762 740 3035 802 subtra-

560 833 783 923 heret,
816 853 892 908 ut
921 844 1204 924 fratreS‚
1245 846 1360 926 qui
1391 845 1682 908 ditiores
1714 845 1870 926 ipso
1900 855 2127 923 erant,
2164 847 2394 924 magis
2423 849 2908 927 locupletaret.
2938 847 3040 910 At·

559 969 753 1015 mors
784 952 1172 1016 succedens
1203 971 1290 1016 ne
1323 953 1680 1016 immutari
1708 960 1949 1032 posset
1978 953 2165 1032 quod
2189 953 2339 1033 jam
2362 962 2807 1031 testamentO,
2830 953 3034 1033 juxta

559 1059 635 1122 P.
671 1049 908 1123 Frusii
938 1068 1267 1138 mentem,
1305 1053 1767 1123 constitutum
1796 1068 1972 1138 erat,
2009 1059 2243 1123 effecit
2278 1059 2318 1123 ¹.

688 1168 822 1230 139.
911 1168 1091 1232 Cum
1122 1178 1360 1231 autem
1389 1168 1465 1230 P.
1500 1168 1818 1246 Ignatius
1857 1167 1947 1230 ad
1993 1167 2291 1247 Collegii
2334 1169 2616 1230 romani
2671 1167 3035 1245 lectioneS,

560 1293 742 1356 quae
782 1277 867 1339 de
909 1276 1235 1338 omnibus
1275 1269 1728 1338 facultatibus
1768 1284 1972 1337 erant
2015 1276 2569 1355 praelegendae,
2614 1275 3037 1355 praesertim

559 1393 719 1462 post
738 1392 1110 1463 acceptum
1137 1400 1319 1445 onus
1344 1382 1638 1461 Collegii
1665 1382 2076 1445 Germanici
2099 1383 2536 1459 instituendi,
2565 1381 2640 1443 P.
2670 1381 3038 1445 Andream

556 1489 615 1552 F
617 1491 890 1553 rusium
919 1490 1242 1553 Venetiis
1271 1507 1430 1552 cum
1454 1489 1797 1568 magistro
1822 1489 2075 1552 Fulvio
2103 1489 2416 1553 Cardulo
2442 1500 2843 1567 evocasset,
2873 1506 3033 1569 sug-

556 1596 851 1675 gerebat
893 1596 969 1658 P.
1018 1598 1305 1676 Laynez
1349 1596 1718 1676 perutilem
1759 1596 2080 1658 Venetiis
2125 1613 2281 1659 esse
2322 1598 2677 1675 publicam
2721 1597 3035 1677 ejusdem

555 1703 786 1766 Frusii
818 1704 1256 1780 concionem,
1291 1721 1422 1765 nec
1453 1720 1608 1766 esse
1640 1703 1880 1776 alium,
1916 1704 2034 1783 qui
2066 1703 2137 1765 in
2168 1722 2253 1766 eo
2285 1721 2574 1767 munere
2604 1705 2743 1783 ipsi
2773 1705 3031 1767 substi-

556 1819 905 1888 tueretur,
947 1828 1077 1872 nec
1119 1811 1210 1873 ad
1250 1810 1731 1872 conscientiae
1769 1827 1982 1872 casus
2024 1809 2453 1873 decidendos
2496 1811 2711 1873 alium
2757 1812 2848 1873 ibi
2890 1812 3033 1874 ido-

557 1935 767 1980 neum
811 1919 1147 1997 relinqui,
1199 1927 1269 1979 et
1308 1917 1631 1979 eumdem
1672 1916 1747 1979 P.
1808 1916 2175 1979 Andream
2212 1917 2575 1980 fundatori
2619 1928 3041 1997 pergratum

463 2022 470 2028 “
555 2042 737 2087 esse.
772 2024 1240 2087 Nihilominus
1264 2024 1549 2102 negotio
1573 2023 1733 2086 fidei
1756 2031 1826 2085 et
1857 2022 2059 2086 Sedis
2083 2024 2545 2103 Apostolicae
2577 2026 2816 2087 omnia
2847 2033 3031 2104 p'ost·

559 2132 884 2193 habenda
914 2131 989 2193 P.
1027 2132 1344 2210 Ignatius
1374 2130 1593 2192 sensit
1623 2138 1691 2192 et
1723 2140 1799 2192 ut
1829 2148 2077 2192 secum
2116 2130 2190 2192 P.
2226 2130 2589 2194 Andream
2634 2133 2783 2211 ipse
2826 2133 3033 2194 duce·

559 2246 664 2300 ret
694 2287 707 2316 ,
768 2255 931 2300 cum
984 2237 1423 2299 Florentiam
1478 2237 1752 2300 veniret
1783 2285 1796 2314 ,
1861 2238 2075 2299 simul
2134 2254 2294 2299 cum
2354 2237 2668 2300 Doctore
2724 2239 3039 2301 Martino

570 2344 827 2408 Olavio
858 2343 901 2406 ¹.

688 2451 820 2514 140.
909 2450 1253 2513 Adfuerat
1286 2451 1369 2525 15,
1405 2460 1479 2512 ut
1509 2468 1725 2530 supra
1764 2451 2027 2514 dictum
2066 2461 2204 2530 est,
2252 2451 2571 2515 Concilio
2618 2452 3033 2515 Tridentino

557 2567 626 2620 et
656 2568 817 2638 post
846 2556 995 2637 ejus
1025 2558 1560 2637 suspensionem
1584 2557 1957 2620 Patavium
1983 2569 2300 2636 venerat,
2330 2559 2566 2621 animo
2592 2576 2886 2638 prorsus
2912 2559 3029 2621 de-

564 2666 861 2731 liberato
892 2675 969 2730 ut
1006 2663 1347 2730 Societati
1386 2683 1462 2728 se
1503 2665 1819 2743 dederet;
1855 2675 1923 2729 et
1963 2675 2265 2745 quatuor
2305 2683 2513 2729 arcas
2554 2667 2893 2730 librorum
2935 2667 3036 2733 ibi

562 2773 959 2837 servandas
990 2775 1345 2853 attulerat,
1382 2774 1606 2836 donec
1635 2773 1960 2851 Romam,
1997 2790 2135 2853 quo
2166 2774 2316 2853 ipse
2347 2784 2507 2854 post
2538 2784 2881 2837 aestatem
2914 2792 3029 2836 ve-

562 2883 713 2945 nire
732 2881 1152 2960 destinabat,
1173 2880 1639 2959 deferrentur3
1661 2892 1730 2943 et
1750 2899 1913 2943 cum
1937 2882 2115 2943 alios
2136 2881 2354 2944 libros
2381 2882 2684 2944 Lovanii
2712 2881 3029 2960 haberet,

560 2991 739 3052 alios
770 2989 1221 3068 Ingolstadii,
1258 2997 1334 3051 ut
1367 2989 1645 3068 priores
1685 2988 1843 3050 illos
1873 2987 1948 3051 P.
1986 2988 2376 3066 AdrianuS,
2419 2988 2852 3067 posteriores
2877 2988 3031 3051 Col-

560 3098 823 3177 legium
847 3096 1255 3159 Viennense
1283 3095 1574 3158 haberet
1608 3095 2093 3157 constituerat.
2147 3096 2301 3175 Ipse
2336 3105 2606 3173 autern,
2650 3106 3034 3175 antequam

561 3204 861 3267 Romam
890 3202 1186 3281 veniret,
1223 3202 1313 3264 ad
1345 3202 1419 3264 P.
1454 3201 1739 3264 Petrum
1772 3202 1859 3264 de
1889 3199 2082 3279 Sot0,
2112 3202 2277 3264 olim
2300 3202 2760 3282 Imperatoris
2792 3202 3035 3267 Caroli

559 3311 1103 3388 confessarium,
1138 3309 1618 3387 invisendum,
1660 3309 1779 3388 qui
1820 3327 1911 3371 ex
1950 3308 2240 3388 Dilinga
2280 3309 2620 3371 recedens
2662 3310 2732 3372 in
2774 3309 3031 3389 oppido

560 3417 867 3499 quodam
885 3416 1447 3495 salisburgensis
1461 3416 1793 3495 Episcopi
1816 3433 2036 3496 prope
2061 3415 2399 3479 ditionem
2417 3415 2439 3446 ³
2464 3416 2907 3493 versabatur,
2929 3416 3035 3479 ire

561 3526 1047 3601 constituerat;
1081 3541 1247 3585 nam
1277 3522 1428 3603 ejus
1459 3523 1772 3585 amicitia
1801 3523 2177 3603 plurimum
2203 3541 2372 3586 usus
2396 3532 2572 3586 erat.
2602 3524 2760 3586 Non
2782 3524 3033 3603 proba-

564 3634 737 3696 bant
768 3633 840 3695 id
869 3631 1247 3694 admodum
1279 3631 1506 3693 nostri
1536 3630 1816 3709 Patres,
1852 3632 1976 3694 sed
2019 3648 2151 3693 nec
2191 3631 2686 3711 impediebant.
2732 3630 2828 3694 At
2872 3648 3036 3694 cum

641 3802 658 3834 ¹
716 3801 989 3854 Polancus,
1012 3810 1078 3842 ex
1098 3811 1248 3847 com„
1270 3799 1509 3842 Andreae
1532 3797 1734 3851 Frus10,
1756 3798 1817 3840 de
1839 3799 2042 3851 Angelo
2066 3798 2309 3847 Sui-iano,
2330 3810 2477 3853 posse
2500 3810 2641 3848 eum,
2666 3799 2707 3841 si
2730 3798 2876 3848 velit,
2900 3798 3030 3840 redi·

569 3880 653 3916 tus
674 3884 738 3915 ex
758 3872 865 3915 suis
885 3872 1031 3914 bonis
1053 3870 1283 3924 Collegio
1304 3870 1564 3913 Patavino
1584 3870 1875 3924 relinquere
1901 3870 1964 3912 ad
1987 3870 2113 3913 duos
2149 3869 2215 3913 ibi
2254 3870 2573 3924 professores
2604 3870 2831 3921 alendos;
2855 3880 3041 3923 oppor-

565 3944 821 3988 tuniorem
841 3943 1225 3996 facilioremque
1247 3941 1455 3984 modum
1475 3941 1570 3984 hos
1591 3940 1788 3984 reditus
1809 3941 1875 3983 ad
1910 3943 2069 3984 talem
2092 3952 2299 3995 scopum
2330 3942 2381 3984 in
2402 3946 2714 3985 testamento
2735 3940 3038 3994 assignandi

563 4015 804 4058 fortassis
824 4014 932 4057 fore
964 4025 1114 4067 quem
1146 4013 1235 4056 alii
1255 4014 1364 4067 jam
1386 4018 1678 4065 tenuerunt,
1702 4024 1789 4063 sc..
1811 4020 1869 4055 ut
1892 4013 2004 4055 illos
2025 4012 2223 4055 reditus
2252 4012 2452 4066 ignatio
2478 4013 2757 4056 tradendos
2780 4008 3034 4066 injungat,

558 4087 644 4140 qui
665 4098 754 4129 eos
773 4086 1030 4129 Patavino
1053 4084 1282 4139 Collegio
1304 4085 1615 4138 applicabit;
1638 4085 1698 4126 de
1720 4084 1816 4127 hoc
1838 4091 2012 4127 tamen
2036 4085 2363 4138 legisperitos
2386 4084 2598 4130 adeant.
2620 4095 2895 4138 eorumque
2918 4094 3036 4126 con-

558 4159 674 4202 silio
696 4164 963 4211 regantur,
987 4158 1038 4200 17
1059 4157 1256 4211 Aprilis
1272 4163 1322 4200 et
1345 4157 1372 4199 7
1391 4156 1528 4200 Maii.

640 4230 664 4261 ἱ
717 4229 995 4275 Polancus.
1031 4239 1096 4271 ex
1125 4240 1283 4280 com.1
1305 4228 1546 4271 Andreae
1580 4229 1639 4270 de
1668 4226 1875 4281 Frusis‚
1898 4235 1954 4271 nt
1976 4227 2192 4271 Romam
2222 4228 2435 4271 veniens
2468 4226 2697 4270 Bononia
2720 4233 2959 4271 transeat
2981 4234 3039 4271 et

560 4301 676 4344 inde
709 4301 912 4344 itineris
948 4301 1139 4344 socium
1174 4299 1414 4343 Fulvium
1449 4299 1730 4342 Cardulum
1760 4299 1971 4351 habeat,
2003 4305 2053 4343 et
2090 4301 2296 4343 interim
2331 4311 2569 4353 graecas,
2607 4299 2879 4351 hebraeas,
2916 4304 3041 4353 etc„

558 4373 856 4427 positiones
876 4385 968 4427 pro
989 4373 1276 4415 studiorum
1299 4371 1346 4414 in
1371 4371 1601 4425 Collegio
1623 4382 1836 4414 romano
1857 4371 2194 4415 renovatione
2229 4376 2527 4425 praeparet,
2550 4372 2602 4413 27
2625 4372 2877 4424 Augusti;
2902 4371 3036 4415 idem

561 4444 828 4498 Alphonso
861 4444 1129 4488 Saimeron
1163 4450 1218 4486 ut
1255 4442 1521 4486 Florentia
1558 4442 1774 4485 Romam
1794 4444 1972 4486 veniat
2011 4454 2126 4486 eum
2159 4442 2346 4487 Fulvio
2368 4442 2618 4495 Cardulo,
2642 4442 2708 4486 ibi
2740 4443 3041 4497 relinquens

561 4515 815 4569 Frusium,
838 4517 922 4570 qui
939 4524 1054 4570 post
1076 4516 1185 4558 dies
1207 4516 1404 4569 aliquot
1425 4515 1526 4557 iter
1547 4526 1661 4557 cum
1685 4513 1849 4557 Olave
1867 4515 2102 4569 arripiet,
2126 4514 2179 4558 10
2199 4514 2536 4569 Septembris.

613 4588 637 4619 ⁵
693 4587 795 4641 Sic;
819 4589 1143 4642 suspicamur
1165 4591 1339 4630 tamen
1371 4585 1653 4629 Polancum
1676 4588 1833 4629 verbo
1866 4587 2124 4629 ditionem
2149 4593 2238 4629 aut
2260 4586 2361 4629 alio
2393 4586 2565 4637 simili,
2588 4586 2721 4639 quod
2755 4597 2854 4629 non
2889 4586 3038 4631 intel-

561 4659 688 4703 lexit
713 4660 974 4711 librarius,
1006 4660 1173 4702 locum
1206 4658 1436 4702 indicare
1468 4658 1693 4701 voluisse
1724 4658 1892 4712 magis
1912 4664 2090 4702 notum
2122 4668 2274 4712 quam
2311 4658 2434 4701 illud
2468 4656 2879 4711 salisburgensis
2914 4657 3041 4711 Epi-

558 4732 719 4785 scopi,
742 4731 826 4775 ubi
849 4738 962 4774 erat
986 4730 1173 4774 Petrus
1194 4730 1254 4773 de
1279 4729 1418 4773 soto,
