3679 5414
690 506 801 570 330
1617 505 1871 566 Canon.
1914 504 2067 567 Soc.
2108 506 2248 580 Jsss.

692 640 1250 716 sustentaturum
1298 670 1374 714 se
1424 652 1829 732 recipiebat.
1892 650 2184 714 Gratias
2233 653 2299 715 ei
2347 653 2493 731 egit
2540 651 2618 715 P.
2658 651 3047 715 „Torrensis
3083 662 3154 716 et

692 760 1028 823 nuncium
1050 759 1237 822 misit
1262 759 1353 822 ad
1377 758 1450 821 P.
1480 758 2026 838 Provincialem,
2053 759 2174 839 qui
2196 776 2358 821 cum
2379 758 2457 821 P.
2484 759 2870 822 Francisco
2893 760 3156 838 Borgia

695 869 769 929 in
797 866 1182 930 Cantabria
1213 876 1379 928 tunc
1410 867 1854 945 versabatur,
1889 875 1958 928 et
1982 864 2320 929 Roderici
2349 866 2435 929 d'e
2473 862 2815 946 Dueg'nas
2852 866 3161 947 postula*

694 974 959 1036 tionem
998 974 1064 1037 ei
1113 973 1410 1053 aperuit.
1466 972 1758 1036 Addidit
1797 982 1869 1036 et
1907 991 2075 1037 suas
2113 974 2384 1037 litteras
2431 974 2726 1053 ipsemet
2767 973 3165 1038 Rodericus

695 1081 882 1144 idem
912 1080 1237 1160 petendo.
1272 1079 1526 1144 Visum
1557 1090 1663 1143 est
1692 1090 1930 1144 autem
1958 1080 2034 1143 P.
2062 1080 2516 1161 Provinciali,
2543 1099 2620 1144 re
2643 1081 3167 1147 communicata

693 1206 859 1251 cum
889 1188 965 1250 P.
999 1188 1058 1250 F
1060 1189 1411 1268 rancisc0,
1446 1188 1957 1251 admittendum
1988 1206 2144 1251 esse
2175 1189 2363 1270 quod
2392 1189 2503 1251 vir
2535 1187 2692 1267 pius
2717 1198 2787 1251 et
2829 1189 3163 1267 copiosus

695 1295 1087 1358 Rodericus
1117 1295 1475 1373 offerebat,
1510 1305 1578 1358 et
1619 1304 1914 1375 uterque
1943 1295 2225 1376 scripsit
2255 1294 2331 1359 P.
2377 1292 2712 1359 Torrensi
2748 1304 2824 1358 ut
2860 1295 3010 1376 ejus
3046 1313 3165 1376 pe-

696 1403 926 1466 titioni
956 1402 1355 1466 satisfieret.

707 1528 712 1535 ·
816 1508 957 1572 338.
1046 1509 1425 1573 Praemisit
1475 1528 1649 1590 ergo
1679 1511 1758 1575 P.
1792 1510 2053 1574 Torres
2082 1509 2159 1572 P.
2193 1510 2588 1591 Baptistam
2639 1484 2960 1573 Sanchez
3002 1525 3164 1573 cum

698 1618 916 1695 soci0,
945 1627 1012 1681 et
1036 1626 1197 1697 post
1227 1635 1354 1680 sex
1384 1620 1498 1681 vel
1527 1627 1797 1698 septem
1829 1618 1980 1680 dies
2003 1617 2192 1680 misit
2215 1617 2510 1681 fratrem
2532 1615 2988 1693 Sevillanum,
3016 1618 3168 1697 qui,
3272 1624 3284 1634 ‘

698 1725 1395 1803 quamvis-sacerdos
1424 1742 1567 1787 non
1597 1735 1773 1804 erat,
1816 1725 2193 1806 prudentia
2236 1742 2322 1787 ac
2364 1725 2612 1806 spiritu
2642 1733 2711 1787 et
2759 1724 3168 1804 cognitione

702 1848 941 1893 rerum
974 1819 1348 1910 Societatis
1377 1832 1740 1912 praeditus
1769 1841 1947 1910 erat,
1981 1843 2056 1896 ut
2087 1841 2392 1895 mentem
2420 1831 2754 1895 Roderici
2785 1832 3035 1894 melius
3065 1831 3163 1893 in-

700 1938 1081 2018 telligeret,
1115 1939 1233 2018 qui
1264 1948 1625 2019 tepescere
1657 1939 2168 2020 aliquantulum
2196 1938 2569 2001 videbatur
2598 1934 2670 2000 in
2697 1937 2836 2000 hoc
2865 1954 3077 2016 opere
3097 1946 3169 1999 et

702 2063 844 2108 non
873 2046 1121 2109 dotare
1153 2046 1492 2108 reditibus
1522 2045 1647 2109 sed
1676 2056 1951 2109 tantum
1982 2046 2466 2126 Methymnam
2497 2044 2925 2108 Societatem
2953 2040 3171 2107 addu«

704 2170 866 2216 cere
897 2154 1079 2216 velle
1102 2153 1494 2216 videbatur.
1523 2152 1948 2217 Admonitus
1972 2154 2047 2216 P.
2076 2155 2315 2217 Araoz
2341 2152 2702 2234 respondit
2716 2147 2877 2216 'rem
2904 2169 2989 2214 eo
3010 2169 3170 2232 pro-

705 2276 1031 2338 gressam
1062 2277 1248 2339 esse,
1281 2269 1359 2323 ut
1395 2260 1984 2324 retrocedendum
2013 2278 2156 2323 non
2186 2269 2404 2339 esset;
2447 2269 2614 2323 tunc
2654 2276 2850 2338 erg0,
2884 2255 3173 2339 praeter

704 2366 782 2428 P.
827 2366 1220 2447 Baptistam
1260 2384 1346 2430 ac
1386 2366 1842 2447 Sevillanum,
1875 2368 2076 2431 ‘misit
2115 2367 2601 2448 Methymnam
2640 2366 2717 2429 P.
2751 2365 3167 2429 Maximilia-

706 2491 877 2536 num
910 2473 1272 2553 Capellam
1314 2492 1399 2537 ac
1439 2472 1826 2537 Doctorem
1871 2474 2255 2538 Castellum
2299 2491 2463 2537 cum
2492 2472 3169 2550 duobusfratribuS,

711 2591 779 2642 et
810 2580 1096 2643 domum
1126 2590 1449 2661 paratam
1480 2599 1522 2643 a
1551 2580 1901 2644 Roderico
1931 2581 2018 2644 de
2049 2580 2414 2661 DuegnaS,
2450 2581 2776 2662 quamvis
2813 2579 3169 2643 conducti-

710 2688 910 2766 tiam,
954 2687 1346 2752 inhabitare
1388 2698 1793 2769 coeperunt,
1842 2689 2164 2753 eamdem
2202 2688 2472 2753 scilicet
2512 2704 2724 2770 qua-m
2761 2687 2969 2752 modo
3013 2704 3175 2768 pro—-

708 2795 941 2875 priam
971 2796 1401 2875 inhabitant,
1446 2807 1514 2859 et
1552 2798 1842 2877 reliquis
1877 2796 2280 2877 praefectus
2319 2796 2449 2859 fuit
2486 2797 2708 2859 frater
2745 2793 3171 2872 SevillanuS,

709 2902 875 2965 licet
906 2901 1245 2965 sacerdos
1275 2919 1419 2965 non
1450 2902 1658 2966 esset.
1703 2902 1842 2967 Sed
1881 2920 2042 2966 cum
2087 2904 2420 2984 tepiditas
2454 2902 2784 2966 Roderici
2824 2902 2895 2965 id
2936 2911 3175 2982 postu*

711 3009 860 3072 lare
890 3008 1276 3089 videretur,
1309 3018 1649 3073 evocatus
1677 3010 1808 3073 fuit
1835 3009 1912 3072 P.
1949 3010 2345 3089 TorrensiS,
2373 3009 2510 3088 cui,
2538 3026 2699 3072 cum
2721 3027 2805 3072 eo
2828 3009 3169 3087 venisset,

706 3116 940 3178 fassus
971 3125 1078 3179 est
1119 3116 1511 3179 Rodericus
1550 3135 1627 3180 se
1664 3117 1935 3180 reditus
1974 3116 2145 3180 dare
2187 3135 2330 3180 non
2372 3134 2603 3196 posse,
2648 3125 2717 3179 et
2766 3114 3173 3194 significare

708 3222 1084 3286 videbatur
1107 3240 1181 3286 se
1208 3222 1574 3303 operarios
1596 3233 1872 3286 tantum
1894 3241 2037 3287 non
2062 3223 2484 3303 Collegiales
2500 3233 2770 3304 optare.
2796 3222 2978 3301 Quia
2999 3240 3178 3286 vero

709 3329 989 3393 vicinus
1013 3329 1159 3410 jam
1189 3338 1343 3392 erat
1372 3329 1642 3393 Doctor
1672 3330 1935 3410 Araoz,
1970 3331 2062 3393 ad
2104 3349 2265 3393 eum
2304 3328 2547 3410 rejecit
2584 3330 2769 3393 hanc
2810 3330 3173 3392 tractatio-

709 3423 870 3499 nem
902 3437 1295 3500 Torrensis.
1341 3436 1700 3516 Colligens
1729 3447 1967 3500 tamen
1997 3455 2074 3500 se
2114 3436 2504 3500 Rodericus
2547 3437 3047 3501 animadvertit
3074 3436 3175 3499 sa-

711 3542 845 3606 cile
875 3560 1030 3606 esse
1060 3532 1269 3623 posse
1301 3544 1472 3606 dare
1498 3552 1783 3606 centum
1799 3553 1867 3607 et
1891 3544 2431 3624 quinquaginta,
2460 3545 2574 3607 vel
2598 3553 2877 3607 centum
2901 3554 3177 3624 septua-

710 3649 912 3729 ginta
952 3648 967 3680 ¹
999 3650 1218 3712 annui
1245 3650 1515 3713 reditus
1544 3660 1613 3713 et
1644 3651 1742 3714 ita
1780 3649 2212 3729 significavit
2241 3650 2317 3713 P.
2353 3651 2689 3714 Torrensi
2727 3668 2850 3714 eos
2886 3668 2963 3713 se
3001 3649 3177 3712 dare

713 3758 893 3818 velle
931 3766 1000 3819 et
1050 3757 1503 3838 privilegium
1551 3756 1949 3837 huJ'usmodi
1998 3758 2270 3821 reditus
2313 3775 2389 3821 se
2430 3759 2670 3821 statim
2721 3758 3071 3836 daturum,
3113 3758 3175 3820 si

712 3849 893 3943 opus
933 3872 1150 3943 esset;
1195 3865 1521 3945 quamvis
1560 3875 1830 3945 postea,
1877 3865 2303 3929 adveniente
2342 3865 2419 3929 P.
2473 3865 2926 3940 Provinciali,
2980 3866 3181 3927 calor

714 3970 827 4032 ille
868 3959 1143 4033 reditus
1176 3971 1390 4034 dandi
1430 3970 1842 4051 refriguisse
1882 3982 2235 4053 coeperat.
2281 3972 2460 4036 Cum
2502 3981 2739 4036 autem
2776 3972 2875 4034 illi
2913 3971 3184 4036 diceret

713 4075 988 4140 Doctor
1018 4077 1393 4140 Torrens'is
1420 4088 1497 4141 ut
1525 4080 1775 4142 saltem
1804 4097 2021 4142 manu
2044 4096 2173 4143 sua
2204 4080 2678 4143 subscriberet
2702 4098 2787 4142 ac
2811 4097 2885 4142 se
2912 4079 3180 4158 obliga—

713 4197 822 4247 ret
865 4184 956 4247 ad
995 4185 1125 4247 hos
1171 4184 1437 4248 reditus
1478 4185 1861 4265 aliquando
1912 4186 2206 4265 dandOS,
2255 4196 2629 4250 contentus
2677 4187 2791 4250 ille
2839 4185 3001 4265 fuit,
3054 4184 3181 4250 sed

713 4290 984 4355 addidit
1015 4292 1393 4372 quamdam
1418 4292 1914 4372 conditionem,
1944 4310 2082 4373 qua
2105 4292 2536 4357 Societatem
2557 4293 2651 4357 ad
2680 4293 2964 4356 domum
2994 4291 3181 4354 aedi-

711 4398 1066 4462 ficandam
1119 4399 1499 4479 obligabat.
1542 4399 1745 4463 Unde
1805 4417 1950 4462 non
2009 4399 2387 4463 admittens
2449 4400 2926 4463 conditionem
2969 4399 3181 4463 istam

707 4505 1111 4584 TorrensiS,
1140 4523 1216 4568 re
1246 4506 1527 4586 infecta,
1559 4505 2070 4570 Salmanticam
2099 4524 2175 4569 se
2206 4506 2470 4587 recepit
2499 4505 2544 4568 ².

805 4676 820 4707 ⁸
881 4675 965 4718 Sic
985 4688 995 4726 ;
1017 4686 1116 4717 non
1139 4675 1399 4728 explicata
1418 4676 1666 4729 pecuniae
1686 4676 1857 4731 specie
1879 4687 1969 4720 seu
1990 4676 2301 4731 quantitate.

796 4746 820 4776 ¹
873 4745 1006 4790 Vide
1030 4744 1220 4789 Carras
1252 4746 1318 4789 de
1349 4747 1458 4790 San
1481 4746 1721 4800 Ignacto,
1741 4753 1779 4791 t.
1801 4759 1854 4801 v,
1875 4758 1994 4802 pag.
2020 4747 2098 4790 126
2117 4753 2169 4789 et
2191 4752 2479 4799 sequentes.
