3679 5414
717 493 820 562 185
1621 498 1876 598 Cli-nou.
1917 500 2072 560 Soc.
2113 502 2252 574 JES.

713 657 849 727 rat,
875 647 996 726 qui
1019 664 1164 709 non
1184 647 1411 709 solum
1434 646 1583 708 vita
1604 645 1729 708 'sed
1751 646 1967 709 etiam
1989 645 2312 708 doctrina
2333 644 2639 725 praediti
2664 651 2920 706 essent.
2947 641 3179 721 Signi—

711 753 970 818 ficabat
998 754 1185 816 enim
1207 769 1450 815 eorum
1476 769 1691 832 opera
1715 752 1806 815 ad
1829 770 1946 815 res
1967 751 2212 830 magni
2231 751 2547 814 monenti
2569 750 2669 813 uti
2693 750 2896 812 velle.
2925 749 3170 812 Osten-

711 858 812 923 dit
839 869 1078 922 tamen
1109 858 1292 922 Duci
1322 858 1397 921 P.
1432 853 1860 922 Paschasius
1888 858 2166 921 difficile
2205 875 2412 939 posse
2451 858 2712 921 multos
2750 857 2963 937 mitti,
3012 867 3175 920 c'um

712 967 803 1030 ad
858 967 998 1030 alia
1055 967 1439 1045 complura⁴
1473 966 1633 1028 loca
1689 974 1924 1028 essent
1981 964 2336 1042 mittendi;
2395 965 2522 1027 sed
2576 964 2932 1027 facturum
2989 972 3175 1026 esset

710 1073 787 1137 P:
819 1073 1172 1153 Ignatium
1200 1072 1386 1152 quod
1415 1081 1654 1152 posset
1695 1082 1770 1135 ut
1812 1070 2000 1134 Duci
2038 1070 2560 1150 gratificaretur
2577 1071 2601 1145 ,'
2635 1068 2834 1149 cujus
2871 1071 3176 1133 benevo-

708 1180 964 1243 lentiae
994 1198 1079 1242 ac
1109 1179 1466 1242 beneficiis
1496 1179 1658 1242 inde
1690 1180 1778 1241 ab
1811 1179 2011 1242 initio
2041 1178 2416 1242 Societatis
2446 1178 2743 1241 multum
2764 1176 3019 1240 debere
3049 1177 3181 1241 So—

709 1281 1038 1349 cietatem
1066 1286 1523 1364 agnoscebat.
1561 1285 2008 1365 Significavit
2037 1285 2318 1347 interim
2340 1283 2417 1346 Ρ.
2443 1285 2719 1363 Ignatio
2748 1284 3180 1348 Paschasius

709 1377 978 1474 septem
1006 1394 1120 1456 vel
1152 1402 1315 1455 octo
1345 1402 1415 1455 et
1445 1409 1587 1455 non
1615 1393 1856 1472 plures
1896 1392 2275 1455 mittendos
2313 1392 2574 1465 videri,
2615 1392 2799 1454 inter
2839 1408 3016 1469 quos
3056 1391 3177 1454 ali·

709 1501 827 1579 qui
877 1509 1114 1562 essent
1162 1495 1610 1562 Sacerdotes,
1656 1498 1955 1579 Scripsit
1993 1500 2209 1561 etiam
2246 1498 2470 1561 Ducis
2507 1499 2789 1560 nomine
2828 1497 3187 1561 Dominus

707 1606 1120 1686 Alphonsus
1168 1605 1573 1685 RossettuS,
1630 1607 1829 1686 prius
1878 1605 2183 1669 Comatii
2233 1603 2250 1636 ¹
2303 1605 2555 1668 deinde
2613 1604 2991 1668 Ferrariae
3042 1604 3175 1667 Ar-

708 1713 1221 1794 chiepiscopuS‚
1266 1713 1674 1792 collegiales
1714 1713 2123 1775 Ferrariam
2161 1712 2343 1775 mitti
2377 1713 2744 1791 postulans
2782 1719 2853 1773 et
2887 1719 3172 1792 praeter

706 1818 927 1882 Ducis
956 1820 1348 1883 subsidium
1379 1819 1845 1882 ducentorum
1872 1828 2233 1882 scutorum
2278 1836 2675 1882 annuorum
2703 1835 2846 1881 non
2875 1836 2950 1881 se
2980 1817 3182 1880 dubi-

708 1935 862 1989 tare
891 1926 1250 1989 affirmans
1268 1927 1467 2015 ,quod
1496 1928 1990 2006 eleemosynae
2020 1927 2202 1989 aliae
2228 1926 2553 2006 publicae
2582 1934 2653 1988 et
2675 1926 3003 2005 privatae
3025 1941 3176 1987 non.

674 2042 944 2096 essent
993 2033 1391 2112 defuturae;
1433 2032 1739 2096 mediam
1775 2040 2012 2095 tamen
2048 2043 2327 2113 partem
2361 2049 2638 2110 eorum,
2680 2033 2800 2112 qui
2841 2029 3165 2094 mittendi

708 2149 966 2218 essent,
999 2139 1421 2203 Sacerdotes
1451 2156 1607 2202 esse
1630 2139 1988 2219 cupiebat,
2025 2140 2276 2219 quibus
2299 2156 2601 2202 messem
2621 2139 2679 2201 F
2682 2139 2997 2202 errariae
3022 2155 3167 2200 non

709 2246 1106 2309 defuturam
1137 2246 1533 2309 affirmabat
1561 2245 1605 2308 ¹.

827 2352 927 2415 42.
1015 2353 1206 2416 Misit
1245 2352 1481 2433 itaque
1520 2351 1596 2414 Ρ.
1646 2341 1969 2431 ¹Ignatius
2010 2361 2279 2432 septem
2315 2370 2410 2415 ex
2451 2352 2676 2429 Urbe,
2720 2365 3018 2431 quorum
3065 2367 3186 2412 ca·-

707 2469 831 2539 put
867 2458 942 2521 P.
983 2458 1297 2541 Joannes
1334 2458 1751 2522 Pelletarius
1790 2468 1976 2537 erat,
2025 2461 2145 2539 qui
2183 2460 2433 2541 paucis
2471 2459 2831 2522 mensibus
2875 2475 3172 2521 romano

709 2561 1025 2644 Collegio
1063 2564 1499 2646 praefuerat3
1544 2574 1614 2628 et
1653 2566 1937 2646 scripsit
1973 2565 2201 2629 eidem
2238 2565 2431 2628 Patri
2471 2564 2859 2628 Paschasio
2898 2573 2976 2627 ut
3015 2564 3184 2627 mit·

709 2681 888 2736 teret
925 2672 1000 2735 P.
1043 2672 1509 2737 Franciscum
1547 2671 1923 2753 Palmium,
1977 2674 2090 2746 vel
2140 2673 2437 2752 ipsemet
2483 2672 2890 2737 Ferrariam
2930 2672 3061 2736 iret
3101 2681 3174 2735 et

707 2779 1024 2858 Collegio
1053 2789 1372 2859 praesset
1402 2790 1479 2843 ut
1506 2760 2116 2859 superintendens.
2152 2780 2330 2843 Cum
2356 2788 2596 2844 autem
2638 2789 2982 2843 tentasset
3022 2779 3177 2841 ani·

709 2902 898 2949 mum
927 2885 1002 2948 P.
1034 2886 1400 2949 Francisci
1429 2886 1711 2965 Palmii‚
1744 2887 1856 2949 vir
1890 2887 2002 2950 ille
2020 2935 2034 2964 ,
2068 2888 2348 2966 alioque
2376 2885 2588 2949 valde
2616 2886 2844 2949 bonus
2873 2887 2999 2949 sed
3032 2902 3180 2948 me-

706 2991 1106 3056 lancholiae
1137 2993 1509 3071 obnoxiuS,
1542 2994 1644 3055 sic
1674 3011 2055 3073 percussus
2084 2994 2247 3072 fuit,
2289 3003 2368 3056 ut
2407 2995 2479 3056 in
2522 2993 2775 3057 febrim
2804 2993 3173 3068 incideret,

708 3109 779 3163 et
809 3117 895 3162 ea
924 3100 1075 3163 dies
1103 3100 1392 3180 aliquot,
1423 3110 1800 3180 postquam
1827 3100 1963 3162 hoc
1996 3101 2060 3162 ei
2089 3100 2566 3180 significatum
2602 3099 2865 3178 fuerat,
2900 3100 3186 3162 labora·

708 3206 833 3271 vit.
887 3206 992 3269 Eo
1040 3207 1279 3286 itaque
1313 3207 1678 3270 Bononiae
1708 3207 1989 3287 relict0,
2025 3225 2186 3271 cum
2215 3218 2488 3287 septem
2525 3207 2738 3270 sociis
2766 3206 3177 3270 Ferrariam

710 3313 953 3393 quinta
982 3314 1093 3376 die
1121 3313 1313 3396 Junii
1340 3323 1836 3392 pervenerunt.
1874 3313 2052 3377 Cum
2084 3325 2319 3377 autem
2355 3314 2667 3378 Mutinae
2708 3314 2966 3376 absens
3003 3313 3175 3377 Dux

712 3430 930 3499 esset,
984 3438 1069 3483 eo
1121 3402 1405 3500 scripsit
1455 3419 1882 3484 Paschasius
1932 3438 2200 3501 rogans
2249 3422 2633 3485 Dominum
2684 3420 3174 3485 Alexandrum

710 3526 1114 3604 Fiaschum‚
1147 3527 1368 3607 quiin
1396 3527 1605 3590 domo
1646 3528 2052 3608 quaerenda
2091 3529 2182 3592 ad
2220 3547 2427 3592 usum
2464 3528 2763 3607 Collegii
2799 3536 2868 3590 et
2910 3527 2982 3589 in
3021 3526 3190 3588 aliis

711 3632 801 3696 ad
831 3632 981 3713 ejus
1008 3634 1520 3697 institutionem
1548 3636 2067 3715 pertinentibus
2106 3636 2316 3699 vald'e
2356 3635 2743 3699 officiosum
2779 3650 3055 3713 semper
3091 3650 3181 3696 se·

710 3741 1158 3820 praebuerat,
1191 3750 1267 3803 ut
1283 3751 1691 3805 nostrorum
1714 3741 2098 3806 adventum
2121 3741 2307 3806 Duci
2328 3742 2781 3821 significaret.
2806 3739 3173 3821 Significa-

712 3847 820 3911 vit
858 3855 1094 3910 autem
1133 3846 1299 3910 Dux
1339 3849 1488 3910 suis
1529 3849 1784 3911 litteris
1819 3849 1912 3912 ad
1950 3848 2025 3911 P.
2069 3850 2425 3929 Ignatium
2461 3858 2750 3928 gratum
2788 3849 2922 3911 sibi
2958 3847 3190 3911 suisse-

712 3964 1118 4017 nostrorum
1147 3955 1552 4033 adventum,
1588 3973 1797 4035 quem
1828 3955 1919 4019 ad
1952 3958 2390 4036 spiritualem
2409 3957 2785 4019 utilitatem
2806 3955 2917 4018 sui
2940 3953 3184 4035 populi

707 4059 859 4123 fore
888 4048 1240 4141 sperabat.
1267 4060 1565 4142 Scripsit
1584 4070 1653 4125 et
1676 4062 2084 4127 Alexander
2106 4064 2378 4142 gratias
2400 4079 2625 4143 agens
2645 4062 2834 4142 quod
2859 4062 2931 4125 in
2955 4076 3170 4141 opere

709 4177 857 4230 tam
884 4167 1001 4248 pio
1029 4167 1179 4247 ejus
1210 4185 1428 4248 opera
1457 4169 1777 4247 Ignatius
1804 4170 1911 4232 uti
1940 4171 2301 4232 voluisset.
2345 4170 2715 4249 Rogarunt
2744 4178 2983 4231 autem
3033 4178 3184 4229 tam

795 4369 813 4401 ¹
872 4368 983 4421 Sic:
1005 4377 1083 4413 est
1105 4377 1279 4414 tamen
1301 4370 1594 4415 Comaclum
1608 4405 1620 4426 ,
1642 4374 1774 4426 quod
1796 4373 1956 4416 etiam
1975 4374 2166 4418 dicitur
2187 4372 2490 4430 Cymaclum
2508 4378 2562 4417 et
2592 4372 2933 4430 Cymuculum
2952 4372 3190 4426 (Comae--

714 4439 867 4493 chio),
886 4440 1214 4495 Episcopalis
1233 4444 1381 4487 sedes
1399 4445 1494 4486 sub
1515 4443 1903 4488 Ravennatensi
1934 4445 2355 4499 Archiepiscopo.

795 4512 820 4542 ²
873 4511 1150 4566 Polaticus,
1173 4524 1239 4556 ex
1258 4516 1660 4569 commissione,
1691 4515 1837 4559 Patri
1869 4516 2149 4561 Paschasio
2180 4517 2362 4570 Eruet,
2394 4517 2455 4559 de
2486 4518 2598 4560 loco
2629 4515 2695 4559 ad
2717 4515 3001 4569 Collegium
3021 4515 3182 4558 ferra—

715 4582 883 4626 riense
906 4584 1141 4637 eligendo
1161 4591 1213 4628 et
1233 4585 1295 4628 de
1317 4586 1509 4629 auxilio
1533 4587 1733 4630 Domini
1757 4588 2034 4642 Augustini
2055 4587 2219 4632 Musto
2241 4587 2529 4632 adhibendo
2546 4619 2558 4639 ,
2591 4588 2644 4630 14
2669 4586 2870 4639 Μαι-αἱς
2893 4586 3059 4630 eidem
3079 4597 3187 4630 non.

714 4653 993 4697 mittendos
1014 4654 1178 4699 Roma
1199 4657 1540 4702 scholasticos
1559 4659 1656 4702 nisi
1686 4659 1831 4712 prius
1860 4661 1922 4702 de
1952 4660 2277 4713 beneplacito
2308 4658 2466 4703 Ducis
2495 4664 2639 4703 certo
2657 4663 2862 4703 constet
2876 4689 2888 4712 ,
2909 4658 2964 4700 27
2983 4656 3186 4712 Μαι-ως.

712 4725 896 4778 eidem,
921 4736 988 4770 an
1008 4727 1243 4781 proxima
1264 4734 1467 4773 aestate
1488 4728 1625 4772 mitti
1646 4727 1946 4774 Ferrariam
1965 4731 2163 4785 possint
2183 4728 2509 4783 scholastici,
2535 4730 2585 4772 18
2603 4730 2819 4784 Aprilis.
