3679 5414
1644 479 1774 538 Ax.
1820 480 1960 539 1550
2627 539 2634 545 ,
2955 482 3034 540 39

559 642 761 687 suam
791 643 1081 705 operam
1120 643 1368 688 eorum
1410 625 1778 688 audiendis
1819 625 2380 689 confessionibus
2419 614 2791 705 diligenter
2828 645 3028 707 prae·

558 732 906 794 stiterunt.
933 732 1105 795 Erat
1138 741 1373 795 autem
1402 733 1503 795 eis
1531 732 2004 812 poenitentiae
2033 742 2558 796 sacramentum
2579 750 3031 813 pernecessa-

560 839 775 916 rium;
820 856 981 901 cum
1020 839 1238 919 aliqui
1286 839 1563 918 decern,
1609 838 2009 919 quindecim
2049 848 2120 901 et
2155 839 2410 918 viginti
2442 838 2589 918 jam
2629 858 2855 904 annos
2895 842 3032 904 hoc

561 954 1010 1008 sacramento
1041 945 1473 1025 caruissent,
1508 945 1725 1026 aliqui
1755 962 2143 1025 numquam
2173 944 2262 1007 ad
2300 944 2372 1007 id
2410 947 2911 1026 accessissent,
2953 957 3030 1011 ut

562 1069 709 1114 uno
734 1070 855 1114 ore
885 1052 1208 1114 homines
1239 1053 1335 1114 illi
1367 1052 1760 1115 faterentur
1789 1051 1978 1131 quod
2017 1051 2365 1114 Dominus
2403 1070 2526 1115 eos
2564 1053 2925 1116 visitasset
2964 1063 3033 1117 et

561 1159 835 1221 animas
864 1159 1182 1239 ipsorum
1207 1159 1525 1239 perditas
1552 1168 2072 1238 recuperasset.

677 1266 778 1328 79.
867 1265 1212 1329 Curatum
1240 1274 1346 1329 est
1375 1266 1591 1329 etiam
1618 1274 1697 1328 ut
1724 1283 2106 1345 puerorum
2138 1267 2618 1347 orphanorum
2656 1284 2832 1348 opus
2873 1284 3034 1347 pro·

560 1382 989 1452 moveretur,
1034 1391 1119 1436 ac
1174 1373 1628 1436 stabiliretur.
1682 1372 1891 1436 Nulla
1942 1373 2127 1436 enim
2167 1373 2528 1436 hominum
2568 1375 3032 1453 congregatio

558 1479 675 1542 vel
703 1479 1249 1542 confraternitas
1292 1496 1540 1542 eorum
1585 1496 1832 1542 curam
1884 1488 2316 1559 susceperat.
2360 1479 2441 1542 In
2480 1479 2820 1543 concione
2858 1498 3032 1561 ergo

558 1584 929 1666 frequenti,
962 1586 1076 1648 cui
1106 1585 1402 1652 Prorex
1433 1596 1502 1648 et
1532 1594 1682 1649 tota
1712 1586 1969 1649 civitas
2006 1586 2367 1664 intererat,
2400 1586 2675 1649 litteras
2705 1587 3032 1666 apostoli·

560 1710 684 1755 cas
714 1693 805 1755 ad
834 1710 958 1756 eos
986 1694 1418 1773 pertinentes
1441 1692 1514 1755 P.
1545 1694 1832 1774 Laynez
1857 1693 2343 1773 promulgavit
2372 1700 2611 1756 ettam
2632 1693 2826 1774 pium
2851 1710 3031 1774 opus

558 1800 747 1862 serio
788 1800 1335 1864 commendavit.
1392 1798 1665 1862 Deinde
1707 1817 1796 1862 ex
1836 1800 2276 1879 praescripto
2317 1798 2679 1880 Pro-regis
2717 1800 2857 1863 duo
2894 1800 3033 1863 viri
3088 1830 3096 1839 ·

557 1906 879 1984 primarii
929 1906 1236 1987 reliquos
1286 1906 1560 1968 nobiles
1607 1906 2145 1985 panormitanos
2184 1915 2347 1969 sunt
2386 1907 2704 1986 allocuti,
2749 1916 2823 1969 ut
2866 1924 3029 1969 con·

554 2012 980 2093 gregationi,
1013 2030 1196 2093 quae
1227 2012 1311 2076 de
1342 2013 1452 2075 his
1482 2030 1729 2076 curam
1765 2012 2091 2093 haberet,
2135 2030 2265 2075 sua
2304 2013 2591 2076 nomina
2629 2013 2913 2093 darent;
2959 2022 3028 2076 et

553 2120 803 2199 paucis
832 2119 1077 2182 diebus
1106 2137 1317 2200 super
1347 2119 1858 2200 quinquaginta
1889 2137 2033 2181 non
2060 2119 2383 2199 vulgaris
2415 2119 2858 2183 auctoritatis
2887 2120 3025 2182 viri

557 2226 630 2288 in
658 2227 1238 2305 congregationis
1268 2227 1433 2289 alvo
1464 2226 1802 2306 descripti
1831 2226 2134 2303 fuerunt,
2178 2234 2247 2288 et
2287 2225 2825 2289 constitutiones
2863 2243 3026 2288 con·

554 2333 743 2395 ditae
772 2341 959 2413 sunt,
991 2343 1060 2395 et
1091 2332 1425 2396 officiales
1456 2333 1699 2412 creati,
1736 2333 1854 2413 qui
1895 2341 2226 2412 coeptum
2265 2350 2441 2412 opus
2486 2350 2915 2395 conservare
2959 2341 3029 2396 et

562 2457 827 2520 augere
855 2441 1249 2503 niterentur
1284 2439 1323 2503 ¹.

674 2544 776 2610 80.
864 2546 1070 2609 Initio
1099 2548 1721 2627 quadragesimae,
1750 2564 1913 2610 cum
1952 2547 2150 2610 cordi
2188 2556 2376 2610 esset
2406 2545 2730 2626 Pro-regi
2760 2546 3034 2610 schola·

558 2670 719 2716 rum
749 2654 1236 2735 incoeptarum
1265 2671 1724 2736 progressuS,
1768 2663 1846 2718 ut
1877 2653 2215 2735 juventus
2255 2651 2713 2717 fundamenta
2752 2653 3030 2735 pietatis

557 2778 642 2824 ac
672 2762 956 2824 virtutis
984 2762 1190 2824 simul
1219 2780 1383 2825 cum
1410 2762 1803 2825 eruditione
1841 2760 2044 2824 firma
2077 2760 2379 2841 jaceret,
2416 2760 2638 2823 voluit
2667 2779 2797 2823 sua
2827 2777 3032 2841 prae-

552 2867 781 2930 sentia
816 2885 940 2930 eas
967 2868 1459 2932 cohonestare.
1503 2868 1709 2932 Initio
1742 2885 1919 2948 ergo
1952 2867 2542 2947 quadragesimae
2575 2868 2951 2930 comitatus
2988 2885 3036 2929 a

558 2983 888 3054 praetore
937 2984 1006 3037 et
1042 2974 1297 3055 jnratis
1347 2975 1642 3054 duobuS,
1697 2974 2227 3037 marchionibus
2275 2974 2778 3037 Terraenovae
2827 2983 2895 3037 et
2942 2975 3030 3037 de

561 3079 858 3144 Girasso
891 3090 960 3143 et
990 3081 1147 3144 aliis
1174 3082 1544 3160 nobilibus,
1572 3098 1752 3162 quos
1779 3081 2084 3143 barones
2107 3090 2391 3161 vocant,
2420 3079 2511 3143 ad
2535 3080 2926 3159 Collegium
2949 3097 3033 3143 se

554 3188 873 3267 contulit,
908 3197 977 3250 et
1008 3189 1275 3252 classes
1305 3188 1626 3268 singulas
1656 3188 1901 3267 adivit,
1933 3197 2005 3250 et
2034 3205 2216 3268 quae
2245 3188 2319 3250 in
2347 3188 2484 3249 illis
2523 3187 2862 3250 exercitia
2905 3187 3022 3250 fie-

558 3303 716 3357 rent
774 3303 972 3357 stans
1029 3296 1411 3375 pa‘rumper
1467 3294 1997 3358 animadvertit.
2059 3295 2138 3357 In
2187 3295 2416 3375 prima
2466 3294 2748 3374 quidem
2800 3295 3030 3358 classe

556 3401 949 3464 rhetorices
979 3402 1161 3464 sedit
1188 3411 1258 3465 et
1288 3402 1666 3465 lectionem
1695 3419 1781 3465 ac
1807 3402 2101 3464 brevem
2131 3397 2526 3464 orationem
2553 3400 2868 3463 habitam
2911 3418 3032 3464 au-

555 3506 755 3588 divit;
798 3517 868 3571 et
906 3525 1069 3571 cum
1120 3509 1591 3573 recitarentur
1643 3509 1964 3572 carmina
2009 3508 2359 3588 quaedam
2409 3517 2478 3571 et
2519 3508 3034 3589 disputationes

552 3615 980 3678 haberentur
1009 3616 1193 3678 inter
1222 3616 1628 3696 discipu108‚
1662 3625 1811 3678 tam
1838 3614 2045 3694 huJ’us
2077 3631 2290 3695 quam
2319 3614 2622 3677 aliarum
2662 3616 3020 3694 classium,

552 3721 792 3783 omnia
830 3738 993 3784 cum
1031 3738 1294 3801 magna
1332 3723 1641 3785 laetitiae
1684 3721 2201 3801 significatione
2240 3720 2546 3800 audivit,
2589 3723 3030 3802 multumque

550 3846 694 3890 non
724 3829 1192 3892 scholasticos
1220 3830 1450 3892 solum
1478 3829 1602 3892 sed
1633 3846 1880 3892 eorum
1906 3839 2241 3909 parentes
2271 3847 2356 3918 ac
2386 3828 2751 3892 civitatem
2791 3830 3020 3909 ipsam

557 3933 647 3996 ad
698 3935 832 3997 hoc
883 3934 1280 3999 institutum
1330 3935 1630 4015 Collegii
1673 3936 2080 4015 augendum
2110 3945 2180 3998 et
2211 3935 2520 3998 fructum
2549 3953 2637 3998 ex
2668 3954 2751 3998 eo
2783 3952 3023 4014 capes-

551 4042 847 4104 sendum
881 4042 1250 4120 excitavit3
1289 4043 1502 4106 aedes
1533 4043 1748 4106 etiam
1785 4042 2116 4122 Collegii,
2144 4042 2359 4105 immo
2403 4050 2472 4104 et
2514 4043 2794 4121 singula
2837 4042 3027 4105 cubi-

549 4148 734 4227 cula,
766 4149 1121 4228 lustravit;
1153 4158 1404 4229 sponte
1432 4167 1562 4212 sua
1591 4149 1842 4212 deinde
1871 4150 1957 4211 de
1988 4149 2424 4211 stabiliendis
2453 4148 2747 4228 Collegii
2789 4150 3021 4212 rediti-

551 4256 685 4317 bus
733 4265 802 4318 et
850 4254 1144 4319 emenda
1196 4256 1437 4332 dom0‚
1491 4274 1673 4336 quae
1723 4255 2156 4318 conductitia
2205 4264 2389 4334 erat,
2446 4256 2795 4319 rationem
2844 4256 3022 4319 inire

635 4495 652 4526 ¹
711 4493 979 4548 Polancus,
1015 4505 1080 4537 ex
1112 4496 1507 4547 commissione,
1526 4494 1843 4549 Hieronymo
1865 4495 2176 4549 Domenech‚
2194 4495 2254 4539 de
2273 4494 2536 4540 Pontificis
2556 4496 2696 4540 bulla
2716 4496 2768 4540 in
2789 4497 3022 4542 favorem

549 4566 732 4609 domus
747 4566 1095 4620 orphanorum
1115 4566 1531 4620 panormitanae,
1552 4565 1606 4609 22
1625 4565 1916 4609 Februarii.
1940 4565 2081 4610 Idem
2102 4564 2246 4608 Patri
2269 4564 2478 4621 Laynez
2502 4565 2564 4608 de
2580 4566 2760 4609 eadem
2783 4566 2949 4621 Bulla,
2972 4567 3022 4610 17

549 4634 692 4680 Hui.
728 4636 868 4680 Idem
896 4636 1080 4691 eidem,
1116 4637 1176 4680 de
1212 4638 1404 4681 litteris
1438 4636 1732 4681 cardinalis
1762 4635 1998 4680 Farnesii
2030 4641 2083 4679 et
2117 4637 2179 4679 de
2214 4636 2571 4680 irformatione
2593 4637 2660 4680 ad
2692 4636 3022 4683 cardinalem

550 4707 847 4754 Marsaeum.
867 4708 1047 4751 eadem
1067 4707 1520 4753 die.—-Cardinalis
1541 4708 1823 4752 Farnesius
1842 4707 1988 4753 Patri
2009 4707 2235 4764 Laynez,
2257 4709 2311 4751 26
2325 4709 2537 4762 Aprilis.
