3679 5414
1620 484 1749 543 An.
1794 484 1927 543 1551
2483 456 2488 461 ’
2893 459 2901 470 ’
2944 487 3014 545 75

546 645 704 689 rum
732 627 1127 690 alacritate.
1161 627 1350 689 Inter
1379 645 1534 707 ρος,
1582 628 1703 707 qui
1740 644 2081 707 magnum
2121 629 2478 709 specimen
2518 630 3012 709 abnegationis

543 743 614 796 et
643 733 1058 797 humilitatis
1090 734 1584 813 ostendebant,
1621 734 2059 798 Theutonius
2089 744 2273 814 erat,
2323 734 2547 798 Ducis
2584 735 3011 816 Bergantiae

545 841 791 920 frater,
825 841 945 921 qui
972 841 1242 905 utinam
1271 842 1344 904 in
1374 859 1459 904 eo
1489 841 1740 922 spiritu
1771 859 1994 921 usque
2025 843 2096 904 in
2127 841 2337 906 finem
2373 852 2925 923 perseverasset.

666 947 805 1010 425.
895 947 1112 1011 Venit
1155 957 1224 1011 et
1264 949 1783 1012 conimbricam
1821 949 1920 1012 4⁸
1957 948 2381 1013 Novembris
2410 949 2485 1013 P.
2521 949 2785 1029 Simon,
2819 951 2938 1030 qui
2970 970 3010 1012 a

544 1055 740 1135 Rege
770 1055 1178 1118 facultatem
1210 1056 1299 1118 ad
1341 1057 1413 1119 id
1444 1056 1983 1137 impetraverat,
2028 1066 2103 1120 ut
2140 1055 2405 1121 diutius
2447 1058 2539 1120 ibi
2574 1058 3006 1133 subsisteret;

543 1162 1132 1242 gubernationem
1183 1171 1419 1226 tamen
1472 1163 1769 1244 Collegii
1818 1163 1894 1227 P.
1958 1164 2217 1228 Mironi
2268 1164 2728 1244 relinquebat.
2790 1164 3010 1227 Auxit

545 1267 751 1349 hujus
790 1268 866 1332 P.
921 1268 1216 1333 Mironis
1277 1271 1625 1334 industria
1680 1289 1764 1333 ac
1814 1270 1891 1334 P.
1949 1271 2139 1333 Petri
2187 1272 2397 1351 Diaz,
2446 1272 2565 1351 qui
2612 1272 2827 1334 etiam
2874 1271 3011 1333 hoc

544 1393 732 1439 anno
761 1375 989 1439 Roma
1020 1377 1378 1458 profectus
1408 1377 1933 1441 Conimbricam
1965 1388 2284 1459 venerat,
2313 1395 2651 1458 magnum
2683 1377 3010 1441 affectum

546 1483 736 1563 apud
765 1501 1010 1546 omnes
1041 1484 1410 1547 charitatis
1441 1493 1509 1547 et
1538 1486 1819 1548 unionis
1850 1502 2021 1565 erga
2054 1486 2130 1548 P.
2165 1487 2539 1565 Ignatium,
2576 1495 2645 1549 et
2675 1502 3008 1565 magnam

545 1589 637 1652 ad
686 1590 750 1652 ei
802 1589 1266 1654 obediendum
1316 1592 1387 1654 in
1438 1591 1793 1672 omnibuS,
1849 1603 1918 1655 et
1969 1592 2058 1655 ad
2103 1609 2336 1655 mores
2374 1591 2575 1673 juxta
2606 1592 3004 1669 formulam,

536 1714 757 1776 quam
781 1696 1049 1761 Romae
1073 1699 1606 1779 observaverat,
1629 1699 2201 1777 conformandos;
2221 1709 2290 1762 et
2314 1717 2475 1762 cum
2497 1700 2796 1779 singulis
2821 1716 3006 1762 seor·

545 1820 703 1866 sum
733 1804 1012 1883 agendo
1053 1815 1198 1869 tam
1236 1807 1513 1885 gratiae
1550 1805 1686 1869 Dei
1726 1825 1940 1887 quam
1971 1808 2396 1870 tentationes
2437 1816 2790 1886 secretae,
2825 1824 3008 1899 quae

547 1913 912 1974 curatione
966 1913 1409 1993 indigebant,
1465 1914 1946 1994 deprehensae
1998 1923 2067 1977 et
2119 1923 2409 1977 curatae
2452 1914 2770 1993 fuerunt;
2823 1915 3008 1977 unde

544 2036 774 2082 novus
802 2019 1044 2083 fervor
1074 2031 1143 2083 et
1183 2021 1476 2084 solidior
1506 2022 1578 2084 in
1607 2021 1944 2085 fratribus
1984 2022 2257 2084 fructus
2296 2022 2683 2102 spiritualis
2722 2031 3008 2083 secutus

542 2135 671 2189 est.
705 2126 849 2206 Agi
877 2128 1090 2191 etiam
1121 2137 1446 2209 coeptum
1475 2139 1579 2191 est
1603 2130 1689 2192 de
1713 2130 2014 2192 ecclesia
2039 2129 2365 2209 augenda
2389 2146 2549 2191 cum
2572 2138 3007 2209 perangusta

532 2242 762 2313 esset,
802 2253 1015 2315 quam
1042 2236 1241 2315 prius
1270 2235 1659 2316 habebant,
1704 2236 1793 2298 ad
1831 2235 2139 2299 fructum
2178 2236 2646 2317 spiritualem,
2690 2253 3004 2316 praeser-

447 2332 453 2339 ’
541 2340 670 2403 tim
698 2349 1173 2421 externorum,
1208 2344 1764 2422 procurandum;
1798 2343 2286 2406 confessiones
2309 2343 2495 2405 enim
2520 2343 2780 2405 multae
2804 2352 3008 2404 erant

543 2457 612 2509 et
643 2450 1172 2512 communiones
1215 2450 1427 2513 etiam
1458 2452 1933 2530 augebantur,
1978 2460 2048 2514 et
2085 2460 2569 2528 externorum,
2613 2450 2731 2530 qui
2776 2467 3006 2530 perse-

545 2556 890 2618 verabant
919 2556 991 2618 in
1021 2556 1370 2637 frequenti
1399 2567 2009 2621 sacramentorum
2040 2577 2171 2621 usu
2201 2569 2268 2622 ct
2299 2559 2371 2621 in
2395 2558 2737 2636 oratione,
2773 2558 2843 2619 in
2868 2574 3006 2637 qua

544 2662 872 2726 instructi
916 2663 1225 2744 fuerant,
1260 2666 1643 2745 singularis
1672 2665 1945 2729 fructus
1976 2666 2416 2730 cernebatur.
2465 2664 2601 2729 Sed
2642 2675 2711 2728 et
2754 2665 2824 2729 in
2868 2665 3007 2728 alio

541 2773 823 2853 temp10,
858 2773 1044 2853 quod
1073 2772 1614 2837 Misericordiae
1652 2783 1948 2853 vocant,
1983 2774 2318 2837 sacerdos
2358 2773 2644 2852 quidam
2687 2773 3002 2835 christia·

542 2897 708 2942 nam
738 2880 1134 2944 doctrinam
1166 2880 1537 2944 dominicis
1575 2891 1645 2944 et
1680 2880 1882 2944 festis
1920 2880 2168 2943 diebus
2213 2881 2645 2961 explicabat,
2695 2897 2834 2959 quo
2872 2878 3003 2941 fre·

542 3004 764 3066 quens
794 2989 1096 3067 populus
1131 2997 1201 3050 et
1229 3005 1492 3067 magno
1532 3006 1692 3051 cum
1737 2988 1995 3051 affectu
2041 2987 2467 3065 confluebat,
2514 2995 2582 3049 et
2626 2987 2698 3048 in
2741 2987 3004 3048 virtute

536 3111 840 3172 magnos
883 3113 1306 3176 progressus
1359 3097 1556 3158 multi
1595 3096 1980 3174 faciebant,
2031 3112 2190 3158 cum
2230 3103 2388 3175 post
2436 3094 3006 3157 exhortationem

527 3202 825 3282 aliquod
878 3203 1296 3282 mysterium
1346 3203 1537 3266 vitae
1589 3203 1854 3266 Christi
1885 3203 1986 3265 eis
2027 3211 2482 3283 proponeret,
2526 3201 2711 3282 quod
2743 3200 2814 3263 in
2856 3208 3001 3262 tota

537 3307 655 3370 illa
708 3308 1152 3372 hebdomada
1205 3310 1417 3372 certis
1466 3310 1660 3372 horis
1710 3309 2170 3373 ruminarent.
2217 3308 2609 3372 Accidebat
2649 3317 2885 3370 autem
2928 3317 3004 3369 ut

532 3433 702 3478 cum
747 3415 1212 3497 pedissequae
1265 3418 1664 3480 doctrinam
1714 3419 1898 3480 hanc
1941 3416 2333 3494 audissent,
2379 3415 2527 3478 suis
2565 3414 2754 3477 heris
2794 3423 2870 3476 ut
2911 3414 3002 3476 ad

527 3521 861 3585 eamdem
900 3524 1224 3586 venirent
1274 3526 1815 3605 persuaderent;
1862 3535 1931 3587 et
1971 3533 2342 3604 tantopere
2374 3521 2859 3585 afficiebantur
2902 3530 2999 3597 ut,

534 3646 702 3691 cum
730 3631 1174 3694 sacerdotem
1208 3632 1401 3695 illum
1430 3633 1569 3695 alia
1601 3632 1672 3695 in
1702 3650 1779 3694 re
1810 3649 2162 3711 occupare
2193 3630 2266 3693 P.
2301 3628 2545 3693 Simon
2568 3630 2809 3708 vellet,
2839 3646 2995 3709 sup·

530 3737 872 3815 plicatum
903 3739 970 3800 ei
1008 3738 1219 3801 fuerit
1263 3737 1467 3818 hujus
1507 3739 1838 3802 auditorii
1879 3738 2163 3801 nomine
2206 3756 2293 3800 ne
2337 3754 2543 3800 suum
2590 3736 2760 3817 ipsis
2801 3753 2996 3816 prae·

523 3851 893 3923 ceptorem
924 3846 1183 3925 optime
1213 3846 1299 3908 de
1330 3864 1405 3908 se
1437 3856 1824 3908 merentem
1853 3845 2186 3924 auferret,
2215 3844 2401 3925 quod
2426 3852 2495 3907 et
2519 3844 2992 3906 obtinuerunt.

648 3949 787 4014 426.
878 3951 1056 4015 Cum
1103 3962 1340 4016 autem
1390 3954 1807 4016 obtinuisset
1856 3953 1931 4016 P.
1989 3952 2234 4016 Simon
2283 3950 2552 4014 Romae
2602 3951 2994 4032 plenariam

530 4056 1039 4137 indulgentiam
1071 4060 1394 4123 omnibus
1426 4062 1546 4141 qui
1587 4069 1876 4123 nostrae
1905 4060 2248 4124 ecclesiae
2287 4058 2515 4139 majus
2561 4058 2785 4121 altare
2832 4058 2993 4120 visi-

530 4174 831 4244 tassent,
867 4176 1012 4229 tam
1041 4168 1238 4230 multi
1270 4177 1782 4230 concurrerunt
1811 4186 1895 4231 eo
1926 4168 2071 4246 die,
2115 4168 2233 4248 qui
2278 4166 2692 4245 designatus
2735 4164 2988 4238 fuerat,

528 4280 606 4334 ut
636 4274 849 4351 pauci
879 4273 949 4336 in
982 4284 1129 4336 tota
1159 4274 1329 4337 urbe
1361 4275 1613 4355 reliqui
1642 4274 1935 4354 fuerint,
1969 4275 2087 4355 qui
2116 4292 2258 4336 non
2288 4274 2378 4336 ad
2410 4273 2865 4336 obtinendam
2898 4272 2990 4334 in-

526 4377 966 4458 dulgentiam
996 4400 1079 4444 eo
1112 4383 1456 4445 venerint.
1493 4381 1825 4462 Oportuit
1856 4392 2093 4445 tamen
2123 4391 2198 4444 ut
2243 4381 2492 4444 concio
2537 4387 2743 4442 extra
2774 4380 2992 4440 eccle-

526 4484 709 4548 siam
738 4486 966 4564 fieret‚
1009 4506 1189 4568 quae
1233 4491 1597 4553 hominum
1641 4488 2159 4553 multitudinem
2203 4506 2459 4568 capere
2501 4504 2644 4550 non
2687 4495 2985 4566 poterat.

528 4591 844 4656 Fuerunt
874 4596 1088 4657 etiam
1126 4614 1209 4660 eo
1249 4596 1360 4660 die
1405 4597 1889 4660 confessiones
1930 4606 1999 4658 et
2042 4595 2573 4659 communiones
2614 4594 2985 4674 plurimae.

527 4697 615 4761 Et
643 4700 822 4763 haec
852 4702 992 4764 sint
1022 4703 1213 4766 dicta
1241 4704 1327 4766 de
1360 4703 1675 4783 Collegio
1705 4703 2284 4780 Conimbricensi,
2322 4704 2393 4766 in
2424 4720 2562 4783 quo
2594 4702 2810 4782 aliqui
2856 4702 2988 4764 hoc
