<?xml version="1.0" encoding="UTF-8"?>
<!DOCTYPE html PUBLIC "-//W3C//DTD XHTML 1.0 Transitional//EN"
    "http://www.w3.org/TR/xhtml1/DTD/xhtml1-transitional.dtd">
<html xmlns="http://www.w3.org/1999/xhtml" xml:lang="en" lang="en">
 <head>
  <title>
</title>
<meta http-equiv="Content-Type" content="text/html;charset=utf-8" />
  <meta name='ocr-system' content='tesseract 3.04.00' />
  <meta name='ocr-capabilities' content='ocr_page ocr_carea ocr_par ocr_line ocrx_word'/>
</head>
<body>
  <div class='ocr_page' id='page_1' title='image "./vitaignatiiloio03polagoog_0024.png"; bbox 0 0 3679 5414; ppageno 0'>
   <div class='ocr_carea' id='block_1_1' title="bbox 713 381 2255 503">
    <p class='ocr_par' dir='ltr' id='par_1_1' title="bbox 713 381 2255 503">
     <span class='ocr_line' id='line_1_1' title="bbox 713 381 2255 503; baseline 0.002 -15"><span class='ocrx_word' id='word_1_1' title='bbox 713 430 781 489; x_wconf 83' lang='lat'>18</span> <span class='ocrx_word' id='word_1_2' title='bbox 1618 381 1875 489; x_wconf 64' lang='lat' dir='ltr'>Cimoni.</span> <span class='ocrx_word' id='word_1_3' title='bbox 1917 429 2071 490; x_wconf 81' lang='lat' dir='ltr'><strong>Sue.</strong></span> <span class='ocrx_word' id='word_1_4' title='bbox 2115 430 2255 503; x_wconf 71' lang='lat' dir='ltr'>Jsss.</span> 
     </span>
    </p>
   </div>
   <div class='ocr_carea' id='block_1_2' title="bbox 680 574 3174 4394">
    <p class='ocr_par' dir='ltr' id='par_1_2' title="bbox 687 574 3174 3435">
     <span class='ocr_line' id='line_1_2' title="bbox 826 574 3172 639; baseline 0 -1"><span class='ocrx_word' id='word_1_5' title='bbox 826 575 925 638; x_wconf 82' lang='lat'>33.</span> <span class='ocrx_word' id='word_1_6' title='bbox 1017 575 1196 638; x_wconf 91' lang='lat' dir='ltr'>Cum</span> <span class='ocrx_word' id='word_1_7' title='bbox 1235 585 1471 638; x_wconf 91' lang='lat' dir='ltr'>autem</span> <span class='ocrx_word' id='word_1_8' title='bbox 1511 575 1584 637; x_wconf 92' lang='lat' dir='ltr'>in</span> <span class='ocrx_word' id='word_1_9' title='bbox 1626 575 2032 639; x_wconf 90' lang='lat' dir='ltr'>Cathedrali</span> <span class='ocrx_word' id='word_1_10' title='bbox 2069 576 2371 638; x_wconf 90' lang='lat' dir='ltr'>ecclesia</span> <span class='ocrx_word' id='word_1_11' title='bbox 2416 574 2659 638; x_wconf 86' lang='lat' dir='ltr'>Sancti</span> <span class='ocrx_word' id='word_1_12' title='bbox 2700 576 3063 639; x_wconf 88' lang='lat' dir='ltr'>Laurentii</span> <span class='ocrx_word' id='word_1_13' title='bbox 3102 587 3172 639; x_wconf 89' lang='lat' dir='ltr'>et</span> 
     </span>
     <span class='ocr_line' id='line_1_3' title="bbox 707 681 3169 763; baseline -0 -17"><span class='ocrx_word' id='word_1_14' title='bbox 707 682 1117 746; x_wconf 90' lang='lat' dir='ltr'>concionari</span> <span class='ocrx_word' id='word_1_15' title='bbox 1146 692 1215 745; x_wconf 88' lang='lat' dir='ltr'>et</span> <span class='ocrx_word' id='word_1_16' title='bbox 1246 682 1708 745; x_wconf 83' lang='lat' dir='ltr'>christianam</span> <span class='ocrx_word' id='word_1_17' title='bbox 1739 681 2142 745; x_wconf 86' lang='lat' dir='ltr'>doctrinam</span> <span class='ocrx_word' id='word_1_18' title='bbox 2170 681 2427 745; x_wconf 90' lang='lat' dir='ltr'>docere</span> <span class='ocrx_word' id='word_1_19' title='bbox 2458 683 2840 763; x_wconf 91' lang='lat' dir='ltr'>coepisset,</span> <span class='ocrx_word' id='word_1_20' title='bbox 2875 701 2965 745; x_wconf 92' lang='lat' dir='ltr'>ex</span> <span class='ocrx_word' id='word_1_21' title='bbox 3008 700 3169 763; x_wconf 79' lang='lat' dir='ltr'>quc,</span> 
     </span>
     <span class='ocr_line' id='line_1_4' title="bbox 704 789 3171 869; baseline -0.001 -16"><span class='ocrx_word' id='word_1_22' title='bbox 704 799 782 853; x_wconf 91' lang='lat' dir='ltr'>ut</span> <span class='ocrx_word' id='word_1_23' title='bbox 813 789 1077 852; x_wconf 90' lang='lat' dir='ltr'>dictum</span> <span class='ocrx_word' id='word_1_24' title='bbox 1106 799 1236 868; x_wconf 92' lang='lat' dir='ltr'>est,</span> <span class='ocrx_word' id='word_1_25' title='bbox 1274 789 1668 869; x_wconf 82' lang='lat' dir='ltr'>Episcopus</span> <span class='ocrx_word' id='word_1_26' title='bbox 1697 799 1990 868; x_wconf 89' lang='lat' dir='ltr'>propter</span> <span class='ocrx_word' id='word_1_27' title='bbox 2019 798 2352 869; x_wconf 87' lang='lat' dir='ltr'>nepotem</span> <span class='ocrx_word' id='word_1_28' title='bbox 2380 806 2523 853; x_wconf 92' lang='lat' dir='ltr'>non</span> <span class='ocrx_word' id='word_1_29' title='bbox 2550 790 2728 852; x_wconf 90' lang='lat' dir='ltr'>bene</span> <span class='ocrx_word' id='word_1_30' title='bbox 2769 792 3034 853; x_wconf 92' lang='lat' dir='ltr'>nostris</span> <span class='ocrx_word' id='word_1_31' title='bbox 3074 790 3171 852; x_wconf 88' lang='lat' dir='ltr'>af·</span> 
     </span>
     <span class='ocr_line' id='line_1_5' title="bbox 705 894 3169 977; baseline 0 -18"><span class='ocrx_word' id='word_1_32' title='bbox 705 897 819 959; x_wconf 91' lang='lat' dir='ltr'>fici</span> <span class='ocrx_word' id='word_1_33' title='bbox 848 905 1214 976; x_wconf 89' lang='lat' dir='ltr'>coeperat,</span> <span class='ocrx_word' id='word_1_34' title='bbox 1249 895 1399 976; x_wconf 91' lang='lat' dir='ltr'>ejus</span> <span class='ocrx_word' id='word_1_35' title='bbox 1428 894 1796 974; x_wconf 86' lang='lat' dir='ltr'>Vicarius,</span> <span class='ocrx_word' id='word_1_36' title='bbox 1845 897 2345 959; x_wconf 88' lang='lat' dir='ltr'>excusationes</span> <span class='ocrx_word' id='word_1_37' title='bbox 2383 897 2658 977; x_wconf 90' lang='lat' dir='ltr'>aliquas</span> <span class='ocrx_word' id='word_1_38' title='bbox 2698 897 3169 972; x_wconf 81' lang='lat' dir='ltr'>obtendendO,</span> 
     </span>
     <span class='ocr_line' id='line_1_6' title="bbox 701 1000 3174 1083; baseline 0 -16"><span class='ocrx_word' id='word_1_39' title='bbox 701 1021 864 1067; x_wconf 87' lang='lat' dir='ltr'>eum</span> <span class='ocrx_word' id='word_1_40' title='bbox 893 1003 1055 1066; x_wconf 91' lang='lat' dir='ltr'>inde</span> <span class='ocrx_word' id='word_1_41' title='bbox 1083 1000 1462 1065; x_wconf 83' lang='lat' dir='ltr'>excludere</span> <span class='ocrx_word' id='word_1_42' title='bbox 1492 1002 1871 1075; x_wconf 83' lang='lat' dir='ltr'>nitebatur,</span> <span class='ocrx_word' id='word_1_43' title='bbox 1907 1002 2093 1083; x_wconf 91' lang='lat' dir='ltr'>quod</span> <span class='ocrx_word' id='word_1_44' title='bbox 2123 1002 2365 1065; x_wconf 90' lang='lat' dir='ltr'>divina</span> <span class='ocrx_word' id='word_1_45' title='bbox 2396 1003 2624 1066; x_wconf 91' lang='lat' dir='ltr'>officia</span> <span class='ocrx_word' id='word_1_46' title='bbox 2669 1004 3174 1067; x_wconf 90' lang='lat' dir='ltr'>canonicorum</span> 
     </span>
     <span class='ocr_line' id='line_1_7' title="bbox 703 1109 3174 1191; baseline 0 -18"><span class='ocrx_word' id='word_1_47' title='bbox 703 1110 1242 1191; x_wconf 89' lang='lat' dir='ltr'>impedirentur:</span> <span class='ocrx_word' id='word_1_48' title='bbox 1285 1109 1410 1172; x_wconf 92' lang='lat' dir='ltr'>sed</span> <span class='ocrx_word' id='word_1_49' title='bbox 1456 1126 1617 1172; x_wconf 91' lang='lat' dir='ltr'>cum</span> <span class='ocrx_word' id='word_1_50' title='bbox 1657 1119 1820 1190; x_wconf 92' lang='lat' dir='ltr'>post</span> <span class='ocrx_word' id='word_1_51' title='bbox 1862 1109 2346 1190; x_wconf 83' lang='lat' dir='ltr'>vespertinum</span> <span class='ocrx_word' id='word_1_52' title='bbox 2386 1109 2691 1173; x_wconf 84' lang='lat' dir='ltr'>officium</span> <span class='ocrx_word' id='word_1_53' title='bbox 2741 1111 3174 1174; x_wconf 84' lang='lat' dir='ltr'>christianae</span> 
     </span>
     <span class='ocr_line' id='line_1_8' title="bbox 701 1216 3172 1295; baseline 0 -15"><span class='ocrx_word' id='word_1_54' title='bbox 701 1217 1066 1280; x_wconf 87' lang='lat' dir='ltr'>doctrinae</span> <span class='ocrx_word' id='word_1_55' title='bbox 1104 1217 1311 1280; x_wconf 92' lang='lat' dir='ltr'>lectio</span> <span class='ocrx_word' id='word_1_56' title='bbox 1351 1216 1578 1295; x_wconf 91' lang='lat' dir='ltr'>fieret,</span> <span class='ocrx_word' id='word_1_57' title='bbox 1622 1234 1707 1279; x_wconf 92' lang='lat' dir='ltr'>ea</span> <span class='ocrx_word' id='word_1_58' title='bbox 1746 1234 1889 1279; x_wconf 91' lang='lat' dir='ltr'>non</span> <span class='ocrx_word' id='word_1_59' title='bbox 1930 1216 2136 1279; x_wconf 89' lang='lat' dir='ltr'>facile</span> <span class='ocrx_word' id='word_1_60' title='bbox 2182 1218 2620 1281; x_wconf 88' lang='lat' dir='ltr'>concidebat.</span> <span class='ocrx_word' id='word_1_61' title='bbox 2669 1216 2921 1289; x_wconf 77' lang='lat' dir='ltr'>Socius</span> <span class='ocrx_word' id='word_1_62' title='bbox 2960 1219 3172 1280; x_wconf 91' lang='lat' dir='ltr'>etiam</span> 
     </span>
     <span class='ocr_line' id='line_1_9' title="bbox 702 1323 3174 1402; baseline 0 -15"><span class='ocrx_word' id='word_1_63' title='bbox 702 1324 933 1388; x_wconf 89' lang='lat' dir='ltr'>Patris</span> <span class='ocrx_word' id='word_1_64' title='bbox 963 1324 1359 1401; x_wconf 73' lang='lat' dir='ltr'>Michaelis,</span> <span class='ocrx_word' id='word_1_65' title='bbox 1393 1323 1753 1386; x_wconf 90' lang='lat' dir='ltr'>Antonius</span> <span class='ocrx_word' id='word_1_66' title='bbox 1799 1323 1887 1385; x_wconf 90' lang='lat' dir='ltr'>de</span> <span class='ocrx_word' id='word_1_67' title='bbox 1926 1323 2237 1402; x_wconf 90' lang='lat' dir='ltr'>Robore,</span> <span class='ocrx_word' id='word_1_68' title='bbox 2283 1342 2325 1386; x_wconf 98' lang='lat' dir='ltr'>a</span> <span class='ocrx_word' id='word_1_69' title='bbox 2363 1324 2658 1387; x_wconf 92' lang='lat' dir='ltr'>Vicario</span> <span class='ocrx_word' id='word_1_70' title='bbox 2697 1325 2770 1387; x_wconf 93' lang='lat' dir='ltr'>in</span> <span class='ocrx_word' id='word_1_71' title='bbox 2809 1342 3174 1388; x_wconf 89' lang='lat' dir='ltr'>carcerem</span> 
     </span>
     <span class='ocr_line' id='line_1_10' title="bbox 700 1430 3168 1513; baseline 0 -18"><span class='ocrx_word' id='word_1_72' title='bbox 700 1432 1063 1513; x_wconf 88' lang='lat' dir='ltr'>conjectus</span> <span class='ocrx_word' id='word_1_73' title='bbox 1092 1440 1230 1510; x_wconf 90' lang='lat' dir='ltr'>est,</span> <span class='ocrx_word' id='word_1_74' title='bbox 1265 1440 1333 1494; x_wconf 90' lang='lat' dir='ltr'>et</span> <span class='ocrx_word' id='word_1_75' title='bbox 1360 1430 1727 1493; x_wconf 87' lang='lat' dir='ltr'>molestiae</span> <span class='ocrx_word' id='word_1_76' title='bbox 1757 1430 1828 1493; x_wconf 90' lang='lat' dir='ltr'>id</span> <span class='ocrx_word' id='word_1_77' title='bbox 1859 1447 2118 1493; x_wconf 89' lang='lat' dir='ltr'>causae</span> <span class='ocrx_word' id='word_1_78' title='bbox 2146 1432 2607 1511; x_wconf 86' lang='lat' dir='ltr'>praetexebat</span> <span class='ocrx_word' id='word_1_79' title='bbox 2647 1431 2833 1511; x_wconf 93' lang='lat' dir='ltr'>quod</span> <span class='ocrx_word' id='word_1_80' title='bbox 2873 1432 3168 1496; x_wconf 79' lang='lat' dir='ltr'>eleemo-</span> 
     </span>
     <span class='ocr_line' id='line_1_11' title="bbox 698 1536 3169 1620; baseline 0 -18"><span class='ocrx_word' id='word_1_81' title='bbox 698 1556 955 1619; x_wconf 79' lang='lat' dir='ltr'>synam</span> <span class='ocrx_word' id='word_1_82' title='bbox 1007 1539 1133 1615; x_wconf 85' lang='lat' dir='ltr'>(ex</span> <span class='ocrx_word' id='word_1_83' title='bbox 1175 1536 1573 1600; x_wconf 89' lang='lat' dir='ltr'>mendicato</span> <span class='ocrx_word' id='word_1_84' title='bbox 1620 1537 1809 1599; x_wconf 90' lang='lat' dir='ltr'>enim</span> <span class='ocrx_word' id='word_1_85' title='bbox 1853 1537 2077 1600; x_wconf 89' lang='lat' dir='ltr'>nostri</span> <span class='ocrx_word' id='word_1_86' title='bbox 2116 1537 2400 1617; x_wconf 88' lang='lat' dir='ltr'>Tybure</span> <span class='ocrx_word' id='word_1_87' title='bbox 2438 1538 2813 1617; x_wconf 88' lang='lat' dir='ltr'>vivebant)</span> <span class='ocrx_word' id='word_1_88' title='bbox 2865 1540 3003 1602; x_wconf 93' lang='lat' dir='ltr'>olei</span> <span class='ocrx_word' id='word_1_89' title='bbox 3050 1557 3169 1620; x_wconf 90' lang='lat' dir='ltr'>pu-</span> 
     </span>
     <span class='ocr_line' id='line_1_12' title="bbox 699 1630 3169 1725; baseline 0 -17"><span class='ocrx_word' id='word_1_90' title='bbox 699 1646 878 1708; x_wconf 92' lang='lat' dir='ltr'>blice</span> <span class='ocrx_word' id='word_1_91' title='bbox 903 1630 1420 1725; x_wconf 84' lang='lat' dir='ltr'>quaeritabant;</span> <span class='ocrx_word' id='word_1_92' title='bbox 1444 1643 1635 1723; x_wconf 92' lang='lat' dir='ltr'>quod</span> <span class='ocrx_word' id='word_1_93' title='bbox 1658 1653 1898 1707; x_wconf 89' lang='lat' dir='ltr'>tamen</span> <span class='ocrx_word' id='word_1_94' title='bbox 1921 1644 2079 1722; x_wconf 80' lang='lat' dir='ltr'>illiS‚</span> <span class='ocrx_word' id='word_1_95' title='bbox 2106 1645 2225 1724; x_wconf 93' lang='lat' dir='ltr'>qui</span> <span class='ocrx_word' id='word_1_96' title='bbox 2248 1645 2624 1708; x_wconf 87' lang='lat' dir='ltr'>ecclesiam</span> <span class='ocrx_word' id='word_1_97' title='bbox 2647 1644 2878 1708; x_wconf 85' lang='lat' dir='ltr'>Divae</span> <span class='ocrx_word' id='word_1_98' title='bbox 2901 1644 3169 1708; x_wconf 89' lang='lat' dir='ltr'>Mariae</span> 
     </span>
     <span class='ocr_line' id='line_1_13' title="bbox 699 1750 3166 1830; baseline 0 -15"><span class='ocrx_word' id='word_1_99' title='bbox 699 1753 810 1815; x_wconf 91' lang='lat' dir='ltr'>del</span> <span class='ocrx_word' id='word_1_100' title='bbox 840 1750 1064 1814; x_wconf 92' lang='lat' dir='ltr'>Passo</span> <span class='ocrx_word' id='word_1_101' title='bbox 1095 1760 1335 1814; x_wconf 91' lang='lat' dir='ltr'>tenere</span> <span class='ocrx_word' id='word_1_102' title='bbox 1367 1751 1551 1814; x_wconf 91' lang='lat' dir='ltr'>soliti</span> <span class='ocrx_word' id='word_1_103' title='bbox 1581 1760 1808 1829; x_wconf 87' lang='lat' dir='ltr'>erant,</span> <span class='ocrx_word' id='word_1_104' title='bbox 1837 1768 2116 1830; x_wconf 91' lang='lat' dir='ltr'>semper</span> <span class='ocrx_word' id='word_1_105' title='bbox 2138 1751 2561 1830; x_wconf 91' lang='lat' dir='ltr'>permissum</span> <span class='ocrx_word' id='word_1_106' title='bbox 2583 1752 2836 1815; x_wconf 88' lang='lat' dir='ltr'>fuerat.</span> <span class='ocrx_word' id='word_1_107' title='bbox 2862 1752 3166 1815; x_wconf 89' lang='lat' dir='ltr'>Videba-</span> 
     </span>
     <span class='ocr_line' id='line_1_14' title="bbox 698 1857 3168 1939; baseline -0.001 -16"><span class='ocrx_word' id='word_1_108' title='bbox 698 1870 815 1924; x_wconf 92' lang='lat' dir='ltr'>tur</span> <span class='ocrx_word' id='word_1_109' title='bbox 846 1868 1084 1922; x_wconf 91' lang='lat' dir='ltr'>autem</span> <span class='ocrx_word' id='word_1_110' title='bbox 1112 1858 1446 1921; x_wconf 90' lang='lat' dir='ltr'>Vicarius</span> <span class='ocrx_word' id='word_1_111' title='bbox 1477 1857 1547 1920; x_wconf 92' lang='lat' dir='ltr'>id</span> <span class='ocrx_word' id='word_1_112' title='bbox 1593 1859 1775 1920; x_wconf 90' lang='lat' dir='ltr'>velle</span> <span class='ocrx_word' id='word_1_113' title='bbox 1813 1867 1890 1920; x_wconf 92' lang='lat' dir='ltr'>ut</span> <span class='ocrx_word' id='word_1_114' title='bbox 1930 1857 2005 1920; x_wconf 90' lang='lat' dir='ltr'>P.</span> <span class='ocrx_word' id='word_1_115' title='bbox 2049 1857 2353 1920; x_wconf 76' lang='lat' dir='ltr'>Michael</span> <span class='ocrx_word' id='word_1_116' title='bbox 2393 1858 2624 1937; x_wconf 91' lang='lat' dir='ltr'>ipsum</span> <span class='ocrx_word' id='word_1_117' title='bbox 2664 1859 2889 1922; x_wconf 85' lang='lat' dir='ltr'>adiret</span> <span class='ocrx_word' id='word_1_118' title='bbox 2928 1868 2997 1921; x_wconf 91' lang='lat' dir='ltr'>et</span> <span class='ocrx_word' id='word_1_119' title='bbox 3038 1876 3168 1939; x_wconf 91' lang='lat' dir='ltr'>pro</span> 
     </span>
     <span class='ocr_line' id='line_1_15' title="bbox 695 1964 3169 2044; baseline -0.001 -15"><span class='ocrx_word' id='word_1_120' title='bbox 695 1966 869 2029; x_wconf 90' lang='lat' dir='ltr'>socii</span> <span class='ocrx_word' id='word_1_121' title='bbox 931 1965 1372 2028; x_wconf 88' lang='lat' dir='ltr'>relaxatione</span> <span class='ocrx_word' id='word_1_122' title='bbox 1427 1974 1721 2043; x_wconf 88' lang='lat' dir='ltr'>rogaret</span> <span class='ocrx_word' id='word_1_123' title='bbox 1748 1982 1763 2043; x_wconf 91' lang='grc'><strong>;</strong></span> <span class='ocrx_word' id='word_1_124' title='bbox 1831 1964 2019 2044; x_wconf 90' lang='lat' dir='ltr'>quod</span> <span class='ocrx_word' id='word_1_125' title='bbox 2076 1974 2314 2027; x_wconf 91' lang='lat' dir='ltr'>tamen</span> <span class='ocrx_word' id='word_1_126' title='bbox 2370 1964 2502 2027; x_wconf 90' lang='lat' dir='ltr'>sibi</span> <span class='ocrx_word' id='word_1_127' title='bbox 2556 1983 2700 2027; x_wconf 91' lang='lat' dir='ltr'>non</span> <span class='ocrx_word' id='word_1_128' title='bbox 2768 1964 3169 2028; x_wconf 86' lang='lat' dir='ltr'>faciendum</span> 
     </span>
     <span class='ocr_line' id='line_1_16' title="bbox 698 2070 3166 2152; baseline 0 -17"><span class='ocrx_word' id='word_1_129' title='bbox 698 2072 772 2137; x_wconf 90' lang='lat' dir='ltr'>P.</span> <span class='ocrx_word' id='word_1_130' title='bbox 817 2072 1123 2135; x_wconf 70' lang='lat' dir='ltr'>Michael</span> <span class='ocrx_word' id='word_1_131' title='bbox 1161 2072 1465 2148; x_wconf 86' lang='lat' dir='ltr'>censuit;</span> <span class='ocrx_word' id='word_1_132' title='bbox 1507 2071 1595 2133; x_wconf 93' lang='lat' dir='ltr'>de</span> <span class='ocrx_word' id='word_1_133' title='bbox 1636 2089 1773 2151; x_wconf 94' lang='lat' dir='ltr'>quo</span> <span class='ocrx_word' id='word_1_134' title='bbox 1815 2088 1979 2134; x_wconf 92' lang='lat' dir='ltr'>cum</span> <span class='ocrx_word' id='word_1_135' title='bbox 2016 2070 2206 2133; x_wconf 88' lang='lat' dir='ltr'>fama</span> <span class='ocrx_word' id='word_1_136' title='bbox 2243 2089 2371 2151; x_wconf 91' lang='lat' dir='ltr'>per</span> <span class='ocrx_word' id='word_1_137' title='bbox 2408 2072 2656 2134; x_wconf 90' lang='lat' dir='ltr'>urbem</span> <span class='ocrx_word' id='word_1_138' title='bbox 2693 2082 2880 2134; x_wconf 91' lang='lat' dir='ltr'>esset</span> <span class='ocrx_word' id='word_1_139' title='bbox 2916 2089 3166 2152; x_wconf 89' lang='lat' dir='ltr'>perva-</span> 
     </span>
     <span class='ocr_line' id='line_1_17' title="bbox 692 2177 3166 2259; baseline 0 -17"><span class='ocrx_word' id='word_1_140' title='bbox 692 2188 889 2259; x_wconf 84' lang='lat' dir='ltr'>gata,</span> <span class='ocrx_word' id='word_1_141' title='bbox 923 2179 1109 2258; x_wconf 92' lang='lat' dir='ltr'>quod</span> <span class='ocrx_word' id='word_1_142' title='bbox 1140 2180 1211 2241; x_wconf 94' lang='lat' dir='ltr'>in</span> <span class='ocrx_word' id='word_1_143' title='bbox 1240 2196 1603 2243; x_wconf 90' lang='lat' dir='ltr'>carcerem</span> <span class='ocrx_word' id='word_1_144' title='bbox 1633 2187 1819 2241; x_wconf 90' lang='lat' dir='ltr'>esset</span> <span class='ocrx_word' id='word_1_145' title='bbox 1850 2177 2232 2258; x_wconf 82' lang='lat' dir='ltr'>conjectuS,</span> <span class='ocrx_word' id='word_1_146' title='bbox 2266 2195 2426 2240; x_wconf 93' lang='lat' dir='ltr'>cum</span> <span class='ocrx_word' id='word_1_147' title='bbox 2455 2177 2567 2240; x_wconf 92' lang='lat' dir='ltr'>die</span> <span class='ocrx_word' id='word_1_148' title='bbox 2597 2178 2972 2241; x_wconf 87' lang='lat' dir='ltr'>Dominico</span> <span class='ocrx_word' id='word_1_149' title='bbox 3003 2196 3166 2242; x_wconf 90' lang='lat' dir='ltr'>eum</span> 
     </span>
     <span class='ocr_line' id='line_1_18' title="bbox 693 2284 3164 2366; baseline -0 -17"><span class='ocrx_word' id='word_1_150' title='bbox 693 2287 1105 2349; x_wconf 90' lang='lat' dir='ltr'>concionari</span> <span class='ocrx_word' id='word_1_151' title='bbox 1134 2303 1264 2366; x_wconf 91' lang='lat' dir='ltr'>pro</span> <span class='ocrx_word' id='word_1_152' title='bbox 1297 2303 1493 2349; x_wconf 90' lang='lat' dir='ltr'>more</span> <span class='ocrx_word' id='word_1_153' title='bbox 1522 2285 1876 2364; x_wconf 86' lang='lat' dir='ltr'>viderunt,</span> <span class='ocrx_word' id='word_1_154' title='bbox 1911 2284 2376 2348; x_wconf 90' lang='lat' dir='ltr'>admiratione</span> <span class='ocrx_word' id='word_1_155' title='bbox 2406 2295 2476 2348; x_wconf 92' lang='lat' dir='ltr'>et</span> <span class='ocrx_word' id='word_1_156' title='bbox 2513 2285 2781 2348; x_wconf 91' lang='lat' dir='ltr'>laetitia</span> <span class='ocrx_word' id='word_1_157' title='bbox 2822 2286 3030 2348; x_wconf 91' lang='lat' dir='ltr'>simul</span> <span class='ocrx_word' id='word_1_158' title='bbox 3069 2286 3164 2348; x_wconf 88' lang='lat' dir='ltr'>af-</span> 
     </span>
     <span class='ocr_line' id='line_1_19' title="bbox 696 2391 3164 2472; baseline 0 -17"><span class='ocrx_word' id='word_1_159' title='bbox 696 2391 861 2455; x_wconf 87' lang='lat' dir='ltr'>fecti</span> <span class='ocrx_word' id='word_1_160' title='bbox 892 2404 1077 2467; x_wconf 89' lang='lat' dir='ltr'>sunt,</span> <span class='ocrx_word' id='word_1_161' title='bbox 1110 2401 1180 2455; x_wconf 91' lang='lat' dir='ltr'>et</span> <span class='ocrx_word' id='word_1_162' title='bbox 1209 2393 1384 2455; x_wconf 91' lang='lat' dir='ltr'>satis</span> <span class='ocrx_word' id='word_1_163' title='bbox 1413 2393 1680 2472; x_wconf 90' lang='lat' dir='ltr'>negotii</span> <span class='ocrx_word' id='word_1_164' title='bbox 1711 2391 2138 2454; x_wconf 88' lang='lat' dir='ltr'>exhibebant</span> <span class='ocrx_word' id='word_1_165' title='bbox 2167 2392 2393 2454; x_wconf 88' lang='lat' dir='ltr'>eidem</span> <span class='ocrx_word' id='word_1_166' title='bbox 2424 2392 2751 2454; x_wconf 69' lang='lat' dir='ltr'>Michaeli</span> <span class='ocrx_word' id='word_1_167' title='bbox 2783 2392 2872 2455; x_wconf 88' lang='lat' dir='ltr'>ad</span> <span class='ocrx_word' id='word_1_168' title='bbox 2901 2393 3164 2462; x_wconf 79' lang='lat' dir='ltr'>famam</span> 
     </span>
     <span class='ocr_line' id='line_1_20' title="bbox 698 2498 3159 2579; baseline 0 -18"><span class='ocrx_word' id='word_1_169' title='bbox 698 2499 970 2561; x_wconf 90' lang='lat' dir='ltr'>Vicarii</span> <span class='ocrx_word' id='word_1_170' title='bbox 1011 2499 1543 2562; x_wconf 90' lang='lat' dir='ltr'>defendendam.</span> <span class='ocrx_word' id='word_1_171' title='bbox 1590 2498 1769 2562; x_wconf 89' lang='lat' dir='ltr'>Cum</span> <span class='ocrx_word' id='word_1_172' title='bbox 1813 2507 2052 2561; x_wconf 91' lang='lat' dir='ltr'>autem</span> <span class='ocrx_word' id='word_1_173' title='bbox 2090 2515 2233 2560; x_wconf 91' lang='lat' dir='ltr'>non</span> <span class='ocrx_word' id='word_1_174' title='bbox 2274 2498 2744 2562; x_wconf 89' lang='lat' dir='ltr'>dimitteretur</span> <span class='ocrx_word' id='word_1_175' title='bbox 2784 2499 3159 2579; x_wconf 88' lang='lat' dir='ltr'>Antonius,</span> 
     </span>
     <span class='ocr_line' id='line_1_21' title="bbox 694 2605 3162 2686; baseline 0 -17"><span class='ocrx_word' id='word_1_176' title='bbox 694 2615 764 2669; x_wconf 87' lang='lat' dir='ltr'>et</span> <span class='ocrx_word' id='word_1_177' title='bbox 794 2607 1169 2679; x_wconf 82' lang='lat' dir='ltr'>religiosus</span> <span class='ocrx_word' id='word_1_178' title='bbox 1201 2606 1486 2686; x_wconf 90' lang='lat' dir='ltr'>quidam</span> <span class='ocrx_word' id='word_1_179' title='bbox 1531 2614 1947 2685; x_wconf 87' lang='lat' dir='ltr'>suggereret</span> <span class='ocrx_word' id='word_1_180' title='bbox 1986 2605 2060 2668; x_wconf 90' lang='lat' dir='ltr'>P.</span> <span class='ocrx_word' id='word_1_181' title='bbox 2106 2605 2433 2668; x_wconf 71' lang='lat' dir='ltr'>Michaeli</span> <span class='ocrx_word' id='word_1_182' title='bbox 2471 2606 2658 2685; x_wconf 91' lang='lat' dir='ltr'>quod</span> <span class='ocrx_word' id='word_1_183' title='bbox 2698 2606 2982 2669; x_wconf 92' lang='lat' dir='ltr'>deberet</span> <span class='ocrx_word' id='word_1_184' title='bbox 3021 2624 3162 2669; x_wconf 92' lang='lat' dir='ltr'>om-</span> 
     </span>
     <span class='ocr_line' id='line_1_22' title="bbox 695 2712 3162 2794; baseline 0 -19"><span class='ocrx_word' id='word_1_185' title='bbox 695 2714 861 2776; x_wconf 92' lang='lat' dir='ltr'>nino</span> <span class='ocrx_word' id='word_1_186' title='bbox 890 2712 1249 2776; x_wconf 91' lang='lat' dir='ltr'>humiliter</span> <span class='ocrx_word' id='word_1_187' title='bbox 1279 2731 1321 2775; x_wconf 91' lang='lat' dir='ltr'>a</span> <span class='ocrx_word' id='word_1_188' title='bbox 1352 2714 1644 2776; x_wconf 89' lang='lat' dir='ltr'>Vicario</span> <span class='ocrx_word' id='word_1_189' title='bbox 1677 2713 1826 2793; x_wconf 91' lang='lat' dir='ltr'>ejus</span> <span class='ocrx_word' id='word_1_190' title='bbox 1854 2721 2098 2793; x_wconf 91' lang='lat' dir='ltr'>petere</span> <span class='ocrx_word' id='word_1_191' title='bbox 2128 2713 2632 2789; x_wconf 89' lang='lat' dir='ltr'>dimissionem,</span> <span class='ocrx_word' id='word_1_192' title='bbox 2666 2714 3068 2794; x_wconf 90' lang='lat' dir='ltr'>respondit:</span> <span class='ocrx_word' id='word_1_193' title='bbox 3101 2715 3162 2777; x_wconf 91' lang='lat' dir='ltr'>si</span> 
     </span>
     <span class='ocr_line' id='line_1_23' title="bbox 692 2820 3156 2900; baseline 0.001 -18"><span class='ocrx_word' id='word_1_194' title='bbox 692 2820 858 2899; x_wconf 90' lang='lat' dir='ltr'>quid</span> <span class='ocrx_word' id='word_1_195' title='bbox 889 2830 1260 2900; x_wconf 90' lang='lat' dir='ltr'>peccatum</span> <span class='ocrx_word' id='word_1_196' title='bbox 1292 2830 1478 2883; x_wconf 91' lang='lat' dir='ltr'>esset</span> <span class='ocrx_word' id='word_1_197' title='bbox 1509 2822 1598 2883; x_wconf 94' lang='lat' dir='ltr'>ab</span> <span class='ocrx_word' id='word_1_198' title='bbox 1629 2820 1963 2897; x_wconf 89' lang='lat' dir='ltr'>Antonio,</span> <span class='ocrx_word' id='word_1_199' title='bbox 1992 2837 2296 2900; x_wconf 91' lang='lat' dir='ltr'>aequum</span> <span class='ocrx_word' id='word_1_200' title='bbox 2325 2837 2482 2882; x_wconf 91' lang='lat' dir='ltr'>esse</span> <span class='ocrx_word' id='word_1_201' title='bbox 2513 2829 2587 2882; x_wconf 91' lang='lat' dir='ltr'>ut</span> <span class='ocrx_word' id='word_1_202' title='bbox 2617 2838 2887 2899; x_wconf 92' lang='lat' dir='ltr'>poenas</span> <span class='ocrx_word' id='word_1_203' title='bbox 2909 2822 3156 2899; x_wconf 88' lang='lat' dir='ltr'>lueret;</span> 
     </span>
     <span class='ocr_line' id='line_1_24' title="bbox 688 2927 3160 3007; baseline 0 -18"><span class='ocrx_word' id='word_1_204' title='bbox 688 2936 759 2989; x_wconf 87' lang='lat' dir='ltr'>et</span> <span class='ocrx_word' id='word_1_205' title='bbox 788 2946 876 2990; x_wconf 90' lang='lat' dir='ltr'>ne</span> <span class='ocrx_word' id='word_1_206' title='bbox 906 2936 1354 3007; x_wconf 89' lang='lat' dir='ltr'>exspectaret</span> <span class='ocrx_word' id='word_1_207' title='bbox 1381 2927 1716 2990; x_wconf 90' lang='lat' dir='ltr'>Vicarius</span> <span class='ocrx_word' id='word_1_208' title='bbox 1744 2927 1966 3007; x_wconf 91' lang='lat' dir='ltr'>ipsius</span> <span class='ocrx_word' id='word_1_209' title='bbox 1989 2944 2259 3006; x_wconf 82' lang='lat' dir='ltr'>preceS,</span> <span class='ocrx_word' id='word_1_210' title='bbox 2284 2927 2558 2989; x_wconf 89' lang='lat' dir='ltr'>litteras</span> <span class='ocrx_word' id='word_1_211' title='bbox 2581 2927 2808 2990; x_wconf 90' lang='lat' dir='ltr'>eidem</span> <span class='ocrx_word' id='word_1_212' title='bbox 2829 2928 3017 2990; x_wconf 90' lang='lat' dir='ltr'>misit</span> <span class='ocrx_word' id='word_1_213' title='bbox 3038 2928 3160 2991; x_wconf 93' lang='lat' dir='ltr'>Mi-</span> 
     </span>
     <span class='ocr_line' id='line_1_25' title="bbox 688 3033 3155 3113; baseline 0 -17"><span class='ocrx_word' id='word_1_214' title='bbox 688 3035 925 3112; x_wconf 69' lang='lat' dir='ltr'>chael,</span> <span class='ocrx_word' id='word_1_215' title='bbox 959 3035 1211 3113; x_wconf 90' lang='lat' dir='ltr'>quibus</span> <span class='ocrx_word' id='word_1_216' title='bbox 1242 3034 1521 3097; x_wconf 91' lang='lat' dir='ltr'>dicebat</span> <span class='ocrx_word' id='word_1_217' title='bbox 1552 3034 1759 3113; x_wconf 88' lang='lat' dir='ltr'>quod,</span> <span class='ocrx_word' id='word_1_218' title='bbox 1796 3034 1856 3095; x_wconf 92' lang='lat' dir='ltr'>si</span> <span class='ocrx_word' id='word_1_219' title='bbox 1887 3042 2168 3096; x_wconf 91' lang='lat' dir='ltr'>centum</span> <span class='ocrx_word' id='word_1_220' title='bbox 2199 3051 2422 3096; x_wconf 91' lang='lat' dir='ltr'>annos</span> <span class='ocrx_word' id='word_1_221' title='bbox 2460 3033 2852 3097; x_wconf 88' lang='lat' dir='ltr'>Antonium</span> <span class='ocrx_word' id='word_1_222' title='bbox 2897 3034 3155 3099; x_wconf 91' lang='lat' dir='ltr'>detine-</span> 
     </span>
     <span class='ocr_line' id='line_1_26' title="bbox 688 3139 3158 3221; baseline 0 -17"><span class='ocrx_word' id='word_1_223' title='bbox 688 3151 817 3220; x_wconf 88' lang='lat' dir='ltr'>ret,</span> <span class='ocrx_word' id='word_1_224' title='bbox 851 3160 979 3221; x_wconf 93' lang='lat' dir='ltr'>pro</span> <span class='ocrx_word' id='word_1_225' title='bbox 1010 3139 1157 3221; x_wconf 86' lang='lat' dir='ltr'>ejus</span> <span class='ocrx_word' id='word_1_226' title='bbox 1186 3140 1603 3203; x_wconf 89' lang='lat' dir='ltr'>liberatione</span> <span class='ocrx_word' id='word_1_227' title='bbox 1631 3158 1773 3202; x_wconf 92' lang='lat' dir='ltr'>non</span> <span class='ocrx_word' id='word_1_228' title='bbox 1804 3148 1958 3202; x_wconf 91' lang='lat' dir='ltr'>erat</span> <span class='ocrx_word' id='word_1_229' title='bbox 1990 3139 2178 3203; x_wconf 90' lang='lat' dir='ltr'>aliud</span> <span class='ocrx_word' id='word_1_230' title='bbox 2209 3151 2588 3218; x_wconf 87' lang='lat' dir='ltr'>rogaturus</span> <span class='ocrx_word' id='word_1_231' title='bbox 2619 3159 2831 3221; x_wconf 90' lang='lat' dir='ltr'>quam</span> <span class='ocrx_word' id='word_1_232' title='bbox 2861 3152 2937 3205; x_wconf 92' lang='lat' dir='ltr'>ut</span> <span class='ocrx_word' id='word_1_233' title='bbox 2975 3142 3158 3204; x_wconf 89' lang='lat' dir='ltr'>sace-</span> 
     </span>
     <span class='ocr_line' id='line_1_27' title="bbox 689 3247 3159 3329; baseline 0 -18"><span class='ocrx_word' id='word_1_234' title='bbox 689 3258 795 3312; x_wconf 91' lang='lat' dir='ltr'>ret</span> <span class='ocrx_word' id='word_1_235' title='bbox 835 3248 1021 3328; x_wconf 93' lang='lat' dir='ltr'>quod</span> <span class='ocrx_word' id='word_1_236' title='bbox 1056 3247 1328 3328; x_wconf 89' lang='lat' dir='ltr'>justitia</span> <span class='ocrx_word' id='word_1_237' title='bbox 1368 3247 1802 3328; x_wconf 90' lang='lat' dir='ltr'>postulabat;</span> <span class='ocrx_word' id='word_1_238' title='bbox 1847 3247 2084 3327; x_wconf 91' lang='lat' dir='ltr'>itaque</span> <span class='ocrx_word' id='word_1_239' title='bbox 2123 3247 2372 3310; x_wconf 90' lang='lat' dir='ltr'>eadem</span> <span class='ocrx_word' id='word_1_240' title='bbox 2410 3256 2647 3326; x_wconf 88' lang='lat' dir='ltr'>nocte,</span> <span class='ocrx_word' id='word_1_241' title='bbox 2695 3267 2833 3329; x_wconf 91' lang='lat' dir='ltr'>qua</span> <span class='ocrx_word' id='word_1_242' title='bbox 2885 3249 3159 3312; x_wconf 92' lang='lat' dir='ltr'>litteras</span> 
     </span>
     <span class='ocr_line' id='line_1_28' title="bbox 687 3352 2205 3435; baseline -0.003 -17"><span class='ocrx_word' id='word_1_243' title='bbox 687 3365 1086 3435; x_wconf 86' lang='lat' dir='ltr'>acceperat,</span> <span class='ocrx_word' id='word_1_244' title='bbox 1123 3354 1513 3417; x_wconf 88' lang='lat' dir='ltr'>Antonium</span> <span class='ocrx_word' id='word_1_245' title='bbox 1543 3354 1839 3416; x_wconf 91' lang='lat' dir='ltr'>liberum</span> <span class='ocrx_word' id='word_1_246' title='bbox 1868 3354 2130 3416; x_wconf 88' lang='lat' dir='ltr'>dimisit</span> <span class='ocrx_word' id='word_1_247' title='bbox 2163 3352 2205 3412; x_wconf 84' lang='lat'>¹.</span> 
     </span>
    </p>

    <p class='ocr_par' dir='ltr' id='par_1_3' title="bbox 680 3459 3155 4394">
     <span class='ocr_line' id='line_1_29' title="bbox 808 3459 3155 3540; baseline 0 -17"><span class='ocrx_word' id='word_1_248' title='bbox 808 3462 908 3523; x_wconf 82' lang='lat'>34.</span> <span class='ocrx_word' id='word_1_249' title='bbox 995 3462 1304 3540; x_wconf 89' lang='lat' dir='ltr'>Rogavit</span> <span class='ocrx_word' id='word_1_250' title='bbox 1357 3461 1639 3524; x_wconf 88' lang='lat' dir='ltr'>interim</span> <span class='ocrx_word' id='word_1_251' title='bbox 1689 3459 2256 3524; x_wconf 89' lang='lat' dir='ltr'>Archidiaconus</span> <span class='ocrx_word' id='word_1_252' title='bbox 2316 3460 2764 3524; x_wconf 89' lang='lat' dir='ltr'>Cathedralis</span> <span class='ocrx_word' id='word_1_253' title='bbox 2813 3462 3155 3524; x_wconf 88' lang='lat' dir='ltr'>ecclesiae</span> 
     </span>
     <span class='ocr_line' id='line_1_30' title="bbox 688 3566 3153 3647; baseline 0 -17"><span class='ocrx_word' id='word_1_254' title='bbox 688 3568 762 3631; x_wconf 92' lang='lat' dir='ltr'>P.</span> <span class='ocrx_word' id='word_1_255' title='bbox 797 3569 1252 3647; x_wconf 71' lang='lat' dir='ltr'>Michaelem,</span> <span class='ocrx_word' id='word_1_256' title='bbox 1287 3576 1363 3630; x_wconf 91' lang='lat' dir='ltr'>ut</span> <span class='ocrx_word' id='word_1_257' title='bbox 1393 3586 1477 3630; x_wconf 87' lang='lat' dir='ltr'>eo</span> <span class='ocrx_word' id='word_1_258' title='bbox 1508 3576 1825 3647; x_wconf 90' lang='lat' dir='ltr'>tempore</span> <span class='ocrx_word' id='word_1_259' title='bbox 1858 3567 2266 3644; x_wconf 92' lang='lat' dir='ltr'>(accedebat</span> <span class='ocrx_word' id='word_1_260' title='bbox 2295 3569 2482 3631; x_wconf 91' lang='lat' dir='ltr'>enim</span> <span class='ocrx_word' id='word_1_261' title='bbox 2510 3566 2830 3631; x_wconf 89' lang='lat' dir='ltr'>Paschae</span> <span class='ocrx_word' id='word_1_262' title='bbox 2876 3569 3153 3646; x_wconf 88' lang='lat' dir='ltr'>festum)</span> 
     </span>
     <span class='ocr_line' id='line_1_31' title="bbox 688 3673 3150 3753; baseline 0 -16"><span class='ocrx_word' id='word_1_263' title='bbox 688 3692 932 3738; x_wconf 91' lang='lat' dir='ltr'>eorum</span> <span class='ocrx_word' id='word_1_264' title='bbox 963 3675 1239 3737; x_wconf 88' lang='lat' dir='ltr'>audiret</span> <span class='ocrx_word' id='word_1_265' title='bbox 1268 3673 1769 3749; x_wconf 87' lang='lat' dir='ltr'>consessiones,</span> <span class='ocrx_word' id='word_1_266' title='bbox 1804 3673 1923 3752; x_wconf 90' lang='lat' dir='ltr'>qui</span> <span class='ocrx_word' id='word_1_267' title='bbox 1951 3674 2080 3736; x_wconf 93' lang='lat' dir='ltr'>sub</span> <span class='ocrx_word' id='word_1_268' title='bbox 2118 3675 2458 3753; x_wconf 87' lang='lat' dir='ltr'>parochia</span> <span class='ocrx_word' id='word_1_269' title='bbox 2498 3674 2895 3738; x_wconf 90' lang='lat' dir='ltr'>cathedrali</span> <span class='ocrx_word' id='word_1_270' title='bbox 2935 3678 3150 3739; x_wconf 88' lang='lat' dir='ltr'>eccle-</span> 
     </span>
     <span class='ocr_line' id='line_1_32' title="bbox 687 3779 3153 3860; baseline 0 -16"><span class='ocrx_word' id='word_1_271' title='bbox 687 3783 837 3844; x_wconf 91' lang='lat' dir='ltr'>siae</span> <span class='ocrx_word' id='word_1_272' title='bbox 868 3782 1065 3844; x_wconf 90' lang='lat' dir='ltr'>unita</span> <span class='ocrx_word' id='word_1_273' title='bbox 1095 3780 1540 3859; x_wconf 90' lang='lat' dir='ltr'>habitabant;</span> <span class='ocrx_word' id='word_1_274' title='bbox 1573 3790 1643 3842; x_wconf 92' lang='lat' dir='ltr'>et</span> <span class='ocrx_word' id='word_1_275' title='bbox 1673 3779 1941 3843; x_wconf 90' lang='lat' dir='ltr'>addidit</span> <span class='ocrx_word' id='word_1_276' title='bbox 1971 3779 2156 3860; x_wconf 91' lang='lat' dir='ltr'>quod</span> <span class='ocrx_word' id='word_1_277' title='bbox 2196 3781 2283 3842; x_wconf 90' lang='lat' dir='ltr'>ab</span> <span class='ocrx_word' id='word_1_278' title='bbox 2323 3781 2586 3844; x_wconf 89' lang='lat' dir='ltr'>eisdem</span> <span class='ocrx_word' id='word_1_279' title='bbox 2625 3782 3021 3845; x_wconf 89' lang='lat' dir='ltr'>hominibus</span> <span class='ocrx_word' id='word_1_280' title='bbox 3063 3783 3153 3845; x_wconf 92' lang='lat' dir='ltr'>ad</span> 
     </span>
     <span class='ocr_line' id='line_1_33' title="bbox 688 3886 3148 3968; baseline 0 -17"><span class='ocrx_word' id='word_1_281' title='bbox 688 3889 823 3951; x_wconf 90' lang='lat' dir='ltr'>hoc</span> <span class='ocrx_word' id='word_1_282' title='bbox 863 3889 1360 3968; x_wconf 90' lang='lat' dir='ltr'>postulandum</span> <span class='ocrx_word' id='word_1_283' title='bbox 1398 3896 1760 3967; x_wconf 87' lang='lat' dir='ltr'>permotus</span> <span class='ocrx_word' id='word_1_284' title='bbox 1798 3886 2052 3949; x_wconf 90' lang='lat' dir='ltr'>fuerat.</span> <span class='ocrx_word' id='word_1_285' title='bbox 2093 3886 2472 3966; x_wconf 90' lang='lat' dir='ltr'>Acquievit</span> <span class='ocrx_word' id='word_1_286' title='bbox 2513 3889 2580 3950; x_wconf 88' lang='lat' dir='ltr'>ei</span> <span class='ocrx_word' id='word_1_287' title='bbox 2622 3888 2697 3950; x_wconf 92' lang='lat' dir='ltr'>P.</span> <span class='ocrx_word' id='word_1_288' title='bbox 2742 3888 3043 3952; x_wconf 70' lang='lat' dir='ltr'>Michael</span> <span class='ocrx_word' id='word_1_289' title='bbox 3080 3900 3148 3952; x_wconf 90' lang='lat' dir='ltr'>et</span> 
     </span>
     <span class='ocr_line' id='line_1_34' title="bbox 688 3993 3149 4077; baseline 0 -19"><span class='ocrx_word' id='word_1_290' title='bbox 688 4006 846 4077; x_wconf 93' lang='lat' dir='ltr'>post</span> <span class='ocrx_word' id='word_1_291' title='bbox 877 3997 1272 4058; x_wconf 88' lang='lat' dir='ltr'>absolutam</span> <span class='ocrx_word' id='word_1_292' title='bbox 1302 3995 1582 4057; x_wconf 91' lang='lat' dir='ltr'>solitam</span> <span class='ocrx_word' id='word_1_293' title='bbox 1612 3993 1986 4057; x_wconf 90' lang='lat' dir='ltr'>lectionem</span> <span class='ocrx_word' id='word_1_294' title='bbox 2009 3993 2158 4073; x_wconf 93' lang='lat' dir='ltr'>ipse</span> <span class='ocrx_word' id='word_1_295' title='bbox 2182 3993 2254 4055; x_wconf 90' lang='lat' dir='ltr'>in</span> <span class='ocrx_word' id='word_1_296' title='bbox 2277 4003 2620 4073; x_wconf 89' lang='lat' dir='ltr'>suggestu</span> <span class='ocrx_word' id='word_1_297' title='bbox 2643 3995 2823 4057; x_wconf 88' lang='lat' dir='ltr'>dixit</span> <span class='ocrx_word' id='word_1_298' title='bbox 2848 4012 2925 4058; x_wconf 89' lang='lat' dir='ltr'>se</span> <span class='ocrx_word' id='word_1_299' title='bbox 2946 4012 3149 4076; x_wconf 90' lang='lat' dir='ltr'>para·</span> 
     </span>
     <span class='ocr_line' id='line_1_35' title="bbox 687 4099 3149 4183; baseline 0 -18"><span class='ocrx_word' id='word_1_300' title='bbox 687 4111 837 4165; x_wconf 91' lang='lat' dir='ltr'>tum</span> <span class='ocrx_word' id='word_1_301' title='bbox 862 4103 1036 4179; x_wconf 88' lang='lat' dir='ltr'>fore,</span> <span class='ocrx_word' id='word_1_302' title='bbox 1071 4110 1276 4181; x_wconf 91' lang='lat' dir='ltr'>prout</span> <span class='ocrx_word' id='word_1_303' title='bbox 1307 4111 1603 4179; x_wconf 87' lang='lat' dir='ltr'>rogatus</span> <span class='ocrx_word' id='word_1_304' title='bbox 1631 4099 1883 4177; x_wconf 88' lang='lat' dir='ltr'>fuerat,</span> <span class='ocrx_word' id='word_1_305' title='bbox 1919 4100 2009 4162; x_wconf 91' lang='lat' dir='ltr'>ad</span> <span class='ocrx_word' id='word_1_306' title='bbox 2040 4100 2350 4162; x_wconf 88' lang='lat' dir='ltr'>omnium</span> <span class='ocrx_word' id='word_1_307' title='bbox 2380 4100 2882 4180; x_wconf 82' lang='lat' dir='ltr'>confessioneS,</span> <span class='ocrx_word' id='word_1_308' title='bbox 2912 4103 3029 4183; x_wconf 92' lang='lat' dir='ltr'>qui</span> <span class='ocrx_word' id='word_1_309' title='bbox 3060 4103 3149 4166; x_wconf 92' lang='lat' dir='ltr'>ad</span> 
     </span>
     <span class='ocr_line' id='line_1_36' title="bbox 687 4205 3146 4289; baseline 0 -18"><span class='ocrx_word' id='word_1_310' title='bbox 687 4226 848 4271; x_wconf 91' lang='lat' dir='ltr'>eum</span> <span class='ocrx_word' id='word_1_311' title='bbox 878 4209 1221 4286; x_wconf 89' lang='lat' dir='ltr'>venirent,</span> <span class='ocrx_word' id='word_1_312' title='bbox 1256 4226 1339 4270; x_wconf 92' lang='lat' dir='ltr'>eo</span> <span class='ocrx_word' id='word_1_313' title='bbox 1371 4208 1441 4269; x_wconf 94' lang='lat' dir='ltr'>in</span> <span class='ocrx_word' id='word_1_314' title='bbox 1472 4207 1730 4286; x_wconf 91' lang='lat' dir='ltr'>templo</span> <span class='ocrx_word' id='word_1_315' title='bbox 1762 4205 2172 4268; x_wconf 80' lang='lat' dir='ltr'>audiendas.</span> <span class='ocrx_word' id='word_1_316' title='bbox 2207 4206 2413 4285; x_wconf 90' lang='lat' dir='ltr'>Quod</span> <span class='ocrx_word' id='word_1_317' title='bbox 2436 4224 2598 4270; x_wconf 89' lang='lat' dir='ltr'>cum</span> <span class='ocrx_word' id='word_1_318' title='bbox 2621 4208 2858 4270; x_wconf 88' lang='lat' dir='ltr'>facere</span> <span class='ocrx_word' id='word_1_319' title='bbox 2883 4210 3146 4289; x_wconf 85' lang='lat' dir='ltr'>coepis-</span> 
     </span>
     <span class='ocr_line' id='line_1_37' title="bbox 680 4313 3148 4394; baseline 0 -17"><span class='ocrx_word' id='word_1_320' title='bbox 680 4326 815 4394; x_wconf 86' lang='lat' dir='ltr'>set,</span> <span class='ocrx_word' id='word_1_321' title='bbox 848 4315 1133 4394; x_wconf 89' lang='lat' dir='ltr'>indigne</span> <span class='ocrx_word' id='word_1_322' title='bbox 1163 4315 1319 4377; x_wconf 91' lang='lat' dir='ltr'>tulit</span> <span class='ocrx_word' id='word_1_323' title='bbox 1343 4313 1698 4388; x_wconf 89' lang='lat' dir='ltr'>Vicarius,</span> <span class='ocrx_word' id='word_1_324' title='bbox 1735 4322 1805 4375; x_wconf 92' lang='lat' dir='ltr'>et</span> <span class='ocrx_word' id='word_1_325' title='bbox 1836 4330 1997 4375; x_wconf 92' lang='lat' dir='ltr'>cum</span> <span class='ocrx_word' id='word_1_326' title='bbox 2025 4313 2488 4392; x_wconf 89' lang='lat' dir='ltr'>investigaret</span> <span class='ocrx_word' id='word_1_327' title='bbox 2513 4331 2555 4375; x_wconf 91' lang='lat' dir='ltr'>a</span> <span class='ocrx_word' id='word_1_328' title='bbox 2578 4332 2716 4394; x_wconf 92' lang='lat' dir='ltr'>quo</span> <span class='ocrx_word' id='word_1_329' title='bbox 2739 4315 3148 4378; x_wconf 87' lang='lat' dir='ltr'>facultatem</span> 
     </span>
    </p>
   </div>
   <div class='ocr_carea' id='block_1_3' title="bbox 782 4458 1165 4466">
    <p class='ocr_par' dir='ltr' id='par_1_4' title="bbox 782 4458 1165 4466">
     <span class='ocr_line' id='line_1_38' title="bbox 782 4458 1165 4466; baseline 0 948"><span class='ocrx_word' id='word_1_330' title='bbox 782 4458 1165 4466; x_wconf 95' lang='lat' dir='ltr'> </span> 
     </span>
    </p>
   </div>
   <div class='ocr_carea' id='block_1_4' title="bbox 687 4459 745 4467">
    <p class='ocr_par' dir='ltr' id='par_1_5' title="bbox 687 4459 745 4467">
     <span class='ocr_line' id='line_1_39' title="bbox 687 4459 745 4467; baseline -0.017 0"><span class='ocrx_word' id='word_1_331' title='bbox 687 4459 745 4467; x_wconf 79' lang='lat'>——</span> 
     </span>
    </p>
   </div>
   <div class='ocr_carea' id='block_1_5' title="bbox 679 4515 3146 4712">
    <p class='ocr_par' dir='ltr' id='par_1_6' title="bbox 679 4515 3146 4712">
     <span class='ocr_line' id='line_1_40' title="bbox 766 4515 3143 4572; baseline 0 -11"><span class='ocrx_word' id='word_1_332' title='bbox 766 4519 783 4551; x_wconf 84' lang='lat'>¹</span> <span class='ocrx_word' id='word_1_333' title='bbox 839 4518 1114 4568; x_wconf 80' lang='lat' dir='ltr'>Polancus.</span> <span class='ocrx_word' id='word_1_334' title='bbox 1150 4528 1216 4560; x_wconf 78' lang='lat' dir='ltr'>ex</span> <span class='ocrx_word' id='word_1_335' title='bbox 1247 4517 1648 4567; x_wconf 74' lang='lat' dir='ltr'>commissione,</span> <span class='ocrx_word' id='word_1_336' title='bbox 1680 4515 1918 4559; x_wconf 72' lang='lat' dir='ltr'>Michaeli</span> <span class='ocrx_word' id='word_1_337' title='bbox 1965 4515 2140 4559; x_wconf 79' lang='lat' dir='ltr'>Ochoa</span> <span class='ocrx_word' id='word_1_338' title='bbox 2157 4548 2168 4569; x_wconf 90' lang='lat'><strong>,</strong></span> <span class='ocrx_word' id='word_1_339' title='bbox 2203 4516 2324 4569; x_wconf 86' lang='lat' dir='ltr'>quid</span> <span class='ocrx_word' id='word_1_340' title='bbox 2358 4528 2472 4560; x_wconf 84' lang='lat' dir='ltr'>cum</span> <span class='ocrx_word' id='word_1_341' title='bbox 2516 4516 2730 4560; x_wconf 83' lang='lat' dir='ltr'>Vicario</span> <span class='ocrx_word' id='word_1_342' title='bbox 2766 4519 3046 4572; x_wconf 81' lang='lat' dir='ltr'>agendum,</span> <span class='ocrx_word' id='word_1_343' title='bbox 3083 4520 3143 4562; x_wconf 87' lang='lat' dir='ltr'>de</span> 
     </span>
     <span class='ocr_line' id='line_1_41' title="bbox 680 4587 3146 4644; baseline -0.002 -10"><span class='ocrx_word' id='word_1_344' title='bbox 680 4591 992 4644; x_wconf 81' lang='lat' dir='ltr'>Apostolicis</span> <span class='ocrx_word' id='word_1_345' title='bbox 1012 4590 1202 4633; x_wconf 82' lang='lat' dir='ltr'>litteris</span> <span class='ocrx_word' id='word_1_346' title='bbox 1221 4595 1272 4632; x_wconf 87' lang='lat' dir='ltr'>et</span> <span class='ocrx_word' id='word_1_347' title='bbox 1295 4588 1571 4632; x_wconf 81' lang='lat' dir='ltr'>Societatis</span> <span class='ocrx_word' id='word_1_348' title='bbox 1592 4587 1896 4641; x_wconf 81' lang='lat' dir='ltr'>privilegiis.</span> <span class='ocrx_word' id='word_1_349' title='bbox 1916 4588 1977 4630; x_wconf 90' lang='lat' dir='ltr'>de</span> <span class='ocrx_word' id='word_1_350' title='bbox 2002 4598 2142 4630; x_wconf 86' lang='lat' dir='ltr'>more</span> <span class='ocrx_word' id='word_1_351' title='bbox 2164 4588 2286 4630; x_wconf 84' lang='lat' dir='ltr'>olim</span> <span class='ocrx_word' id='word_1_352' title='bbox 2308 4587 2358 4629; x_wconf 78' lang='lat' dir='ltr'>in</span> <span class='ocrx_word' id='word_1_353' title='bbox 2381 4588 2572 4641; x_wconf 87' lang='lat' dir='ltr'>templo</span> <span class='ocrx_word' id='word_1_354' title='bbox 2594 4587 2815 4631; x_wconf 83' lang='lat' dir='ltr'>Sanctae</span> <span class='ocrx_word' id='word_1_355' title='bbox 2839 4587 3035 4632; x_wconf 84' lang='lat' dir='ltr'>Mariae</span> <span class='ocrx_word' id='word_1_356' title='bbox 3059 4589 3146 4631; x_wconf 83' lang='lat' dir='ltr'>del</span> 
     </span>
     <span class='ocr_line' id='line_1_42' title="bbox 679 4657 2698 4712; baseline -0.001 -8"><span class='ocrx_word' id='word_1_357' title='bbox 679 4660 846 4704; x_wconf 76' lang='lat' dir='ltr'>Passa</span> <span class='ocrx_word' id='word_1_358' title='bbox 865 4661 1065 4704; x_wconf 85' lang='lat' dir='ltr'>servari</span> <span class='ocrx_word' id='word_1_359' title='bbox 1086 4661 1258 4712; x_wconf 64' lang='lat' dir='ltr'>solito3</span> <span class='ocrx_word' id='word_1_360' title='bbox 1278 4667 1328 4703; x_wconf 91' lang='lat' dir='ltr'>et</span> <span class='ocrx_word' id='word_1_361' title='bbox 1349 4666 1405 4703; x_wconf 85' lang='lat' dir='ltr'>ut</span> <span class='ocrx_word' id='word_1_362' title='bbox 1424 4658 1597 4702; x_wconf 86' lang='lat' dir='ltr'>mitem</span> <span class='ocrx_word' id='word_1_363' title='bbox 1619 4670 1672 4701; x_wconf 89' lang='lat' dir='ltr'>se</span> <span class='ocrx_word' id='word_1_364' title='bbox 1694 4664 2122 4711; x_wconf 84' lang='lat' dir='ltr'>mansuetumque</span> <span class='ocrx_word' id='word_1_365' title='bbox 2143 4659 2412 4712; x_wconf 78' lang='lat' dir='ltr'>praebeat,</span> <span class='ocrx_word' id='word_1_366' title='bbox 2435 4659 2488 4700; x_wconf 78' lang='lat'>22</span> <span class='ocrx_word' id='word_1_367' title='bbox 2508 4657 2698 4702; x_wconf 73' lang='lat' dir='ltr'>Martii.</span> 
     </span>
    </p>
   </div>
  </div>
 </body>
</html>
