3679 5414
696 458 806 520 3⁴2
1616 456 1872 519 ennon.
1914 456 2068 518 Soc.
2108 459 2248 533 Jas.

696 604 998 683 viderat,
1050 603 1476 683 gandienses
1520 605 1926 668 consolatus
1976 614 2109 683 est,
2144 605 2267 668 sed
2318 603 2404 668 de
2456 603 2884 685 procedendi
2927 602 3162 686 modo,

695 728 902 791 quem
934 711 1446 774 observaverat
1476 711 1547 773 in
1576 711 1801 791 Urbe,
1836 729 1960 775 eos
2003 711 2358 791 instruxit,
2403 721 2473 775 et
2516 729 2765 775 eorum
2801 728 2981 791 quae
3025 728 3164 776 non

697 819 922 883 teneri
954 817 1222 882 Romae
1253 827 1328 881 ut
1374 818 1509 899 ipsi
1546 818 1904 898 tenebant,
1949 818 2350 897 admonuit;
2395 826 2465 881 et
2508 836 2671 882 cum
2699 817 2886 881 soliti
2929 829 3164 884 essent

695 935 841 990 tam
881 927 1259 989 Valentiae
1302 943 1517 1006 quam
1559 924 1880 989 Gandiae
1919 924 2181 988 fratres
2221 925 2293 988 in
2333 926 2554 989 choro
2593 926 2804 988 simul
2845 944 3053 990 orare
3092 935 3162 989 et

690 1033 973 1113 quidem
1020 1033 1199 1096 duas
1229 1034 1446 1096 horas
1484 1033 1556 1095 in
1585 1033 1847 1095 sacello
1886 1031 2186 1112 singulis
2225 1032 2502 1111 diebuS,
2550 1033 2759 1095 simul
2796 1042 3007 1114 atque
3047 1034 3160 1097 ille

693 1140 1060 1203 constituit
1090 1140 1470 1203 Valentiae
1499 1148 1574 1201 ut
1603 1139 1675 1201 in
1703 1139 1852 1201 suis
1896 1137 2239 1201 cubiculis
2267 1139 2662 1203 orationem
2692 1139 3055 1219 haberent,
3091 1140 3160 1204 id

687 1245 950 1310 Rector
978 1246 1408 1309 Gandiensis
1432 1255 1539 1309 est
1562 1245 1901 1324 imitatuS,
1930 1254 1999 1308 et
2020 1245 2291 1308 remisit
2315 1245 2577 1327 aliquid
2612 1256 2761 1310 tam
2800 1247 2887 1310 de
2917 1248 3158 1310 labore

687 1352 1311 1417 mortificationum
1368 1370 1582 1434 quam
1637 1352 1723 1416 de
1781 1352 2034 1415 orandi
2088 1361 2435 1433 tempore,
2497 1371 2586 1418 ne
2643 1371 2950 1434 corpora
2996 1356 3156 1435 plus

685 1478 914 1542 aequo
945 1461 1203 1523 debilia
1231 1459 1719 1523 redderentur.

803 1567 945 1630 363.
1035 1566 1287 1631 Studia
1337 1567 1695 1630 ferventer
1735 1567 1910 1630 satis
1949 1568 2475 1646 tractabantur,
2509 1569 2839 1648 quamvis
2879 1568 3151 1631 audito·

685 1692 841 1738 rum
871 1674 1133 1737 raritas
1163 1692 1420 1756 parum
1447 1683 1519 1738 et
1548 1675 2021 1738 scholasticos
2049 1685 2118 1739 et
2148 1675 2452 1738 lectores
2481 1675 2830 1738 animaret
2860 1673 2899 1738 ¹.

801 1780 941 1844 364.
1030 1780 1278 1844 Invisit
1319 1781 1607 1844 eosdem
1646 1779 1722 1844 Ρ.
1766 1780 2247 1861 Hieronymus
2285 1781 2695 1845 Domenech
2737 1791 2805 1844 et
2842 1799 2986 1845 non
3025 1801 3147 1864 pa-

680 1905 839 1951 rum
881 1889 1293 1951 consolatus
1340 1897 1477 1967 est3
1531 1888 1725 1951 domi
1762 1888 1978 1951 etiam
2028 1888 2182 1968 ipso
2221 1887 2403 1951 festo
2447 1886 2690 1951 Sancti
2728 1888 3033 1970 Philippi
3075 1900 3145 1953 et

676 1994 925 2076 Jacobi
968 1995 1433 2058 concionatus
1476 1976 1913 2075 magnopere
1956 1995 2396 2058 auditoribus
2440 1994 2801 2058 satisfecit.
2853 1994 3144 2060 Praeter

675 2103 1044 2182 lectiones,
1094 2103 1471 2182 diligenter
1500 2102 1714 2165 etiam
1749 2102 1931 2165 aliae
1956 2102 2507 2166 exercitationes
2526 2103 2997 2167 scholasticae
3027 2104 3142 2167 ad-

673 2209 1097 2273 hibebantur
1127 2218 1196 2272 et
1225 2210 1300 2272 in
1330 2209 1774 2273 scholasticis
1802 2209 2037 2272 felicia
2061 2210 2236 2272 satis
2271 2210 2586 2289 ingenia,
2611 2207 2912 2290 judicia,
2947 2221 3142 2275 natu·

674 2333 788 2396 ra,
822 2325 893 2379 et
924 2316 1226 2379 eruditio
1253 2320 1403 2379 *non
1432 2316 1807 2380 mediocris
1836 2334 1968 2397 pro
2002 2315 2342 2397 quusque
2375 2317 2604 2395 gradu
2646 2318 3139 2382 cernebantur:

675 2423 953 2486 externi
983 2432 1220 2486 autem
1253 2423 1693 2502 scholastici,
1726 2423 1960 2504 quoad
1999 2421 2153 2502 ejus
2193 2422 2344 2486 fieri
2381 2432 2658 2503 poterat
2680 2472 2695 2502 ,
2740 2423 2832 2487 ad
2870 2435 3142 2490 nostro·

671 2547 831 2592 rum
870 2530 1163 2593 vivendi
1210 2530 1588 2593 formulam
1636 2529 2093 2594 accedebant.
2140 2530 2219 2594 In
2257 2530 2559 2594 ecclesia
2600 2541 2847 2595 nostra
2895 2531 3140 2597 Sancti

670 2633 1074 2699 Sebastiani
1122 2638 1418 2700 verbum
1478 2635 1614 2699 Dei
1672 2654 1881 2700 mane
1939 2637 2199 2719 populo
2253 2654 2295 2698 a
2346 2637 2692 2717 Magistro
2755 2639 3141 2703 Benedicto

671 2745 1229 2824 proponebatur;
1284 2765 1328 2808 a
1373 2745 1674 2826 prandio
1715 2762 1889 2807 vero
1934 2744 2323 2808 christiana
2372 2745 2695 2809 doctrina
2747 2747 2836 2810 ab
2887 2746 3136 2811 eodem

667 2851 1191 2931 explicabatur;
1225 2853 1338 2915 hic
1371 2853 1767 2916 litterarum
1798 2851 2294 2915 humaniorum
2330 2861 2754 2933 praeceptor
2785 2863 2972 2933 erat,
3010 2855 3135 2919 sed

664 2957 783 3019 cui
821 2957 1084 3020 donum
1123 2960 1596 3023 concionandi
1636 2976 1778 3022 non
1816 2959 2116 3037 vulgare
2162 2977 2203 3022 a
2248 2957 2402 3021 Deo
2452 2975 2869 3023 concessum
2916 2970 3126 3040 esset,

663 3081 797 3126 nec
825 3065 1057 3127 minus
1086 3064 1593 3146 discipulorum
1629 3075 1939 3129 mentem
1977 3065 2069 3128 ad
2107 3065 2440 3146 pietatem
2472 3084 2686 3156 quam
2724 3067 2817 3130 ad
2856 3069 3130 3131 aerudi·

661 3171 924 3234 tionem
974 3174 1300 3236 excolere
1348 3173 1760 3237 conabatur.
1819 3170 1968 3235 Nec
2006 3172 2301 3235 deerant
2351 3172 2549 3234 multi
2599 3191 2690 3236 ex
2739 3173 2851 3236 his
2899 3174 3133 3238 adole·

656 3279 1017 3343 scentibus
1049 3281 1393 3359 externis,
1428 3281 1549 3360 qui
1587 3280 1678 3343 ad
1725 3280 2124 3342 orationem
2161 3278 2423 3342 nostris
2461 3296 2616 3342 sese
2658 3277 3126 3360 adjungerent

661 3393 731 3448 et
770 3386 1084 3466 quotidie
1122 3388 1374 3451 horam
1418 3404 1633 3449 unam
1677 3403 1941 3466 magno
1988 3403 2151 3449 cum
2192 3361 2428 3449 fructu
2470 3384 2831 3449 devotioni
2874 3388 3126 3451 tribue-

657 3500 851 3570 rent;
894 3492 1028 3573 piis
1073 3493 1290 3556 etiam
1333 3493 1702 3572 colloquiis
1740 3509 2176 3572 magnopere
2216 3493 2725 3556 recreabantur
2763 3503 2835 3556 et
2873 3503 3129 3557 octavo

657 3615 939 3679 quoque
969 3599 1080 3663 die
1109 3600 1391 3680 plurimi
1422 3618 1512 3663 ex
1551 3600 1654 3663 eis
1693 3600 1785 3663 ad
1815 3599 2338 3663 confessionem
2369 3599 2823 3663 accedebant.
2857 3600 2937 3663 In
2965 3619 3129 3682 qua·

649 3704 1062 3786 dragesima
1101 3716 1178 3771 ut
1225 3716 1294 3771 et
1342 3708 1763 3770 concionum
1803 3707 2239 3788 frequentior
2291 3724 2462 3770 usus
2501 3707 2634 3782 ita,
2677 3716 2752 3770 ut
2793 3707 3123 3786 creditur,

657 3814 1015 3893 copiosior
1061 3814 1335 3877 fructus
1381 3824 1488 3877 est
1541 3824 2039 3895 consequutus.
2096 3812 2458 3894 Pauperes
2496 3814 2961 3878 christianam
3010 3813 3126 3877 do—

653 3921 961 3983 ctrinam
1012 3920 1333 3984 Gandiae
1385 3921 1760 4001 diligenter
1809 3920 2316 3998 edocebantur;
2374 3920 2447 3983 in
2506 3921 2865 4001 publicam
2915 3921 3127 3984 etiam

653 4026 1050 4091 custodiam
1080 4037 1150 4090 et
1179 4027 1270 4091 ad
1301 4027 1648 4109 hospitale
1679 4026 1768 4091 ad
1799 4028 1978 4091 haec
2009 4027 2261 4091 eadem
2288 4027 2530 4090 munia
2570 4035 2639 4090 et
2676 4026 2769 4090 ad
2806 4027 3127 4091 homines

656 4135 1130 4198 consolandos
1160 4135 1376 4215 aliqui
1415 4153 1506 4198 ex
1536 4134 1798 4199 nostris
1836 4134 2318 4197 mittebantur.
2362 4132 2739 4196 Peccatrix
2779 4133 3125 4214 quaedam

656 4241 940 4320 publica
968 4241 1041 4304 in
1070 4242 1412 4305 concione
1440 4240 1764 4305 Rectoris
1804 4258 2154 4305 conversa
2193 4240 2360 4319 fuit,
2402 4257 2615 4320 quam
2655 4241 2727 4303 in
2772 4240 3123 4303 matrimo-

657 4347 775 4409 nio
807 4349 1297 4411 collocandam
1327 4349 1630 4412 curavit.
1664 4347 1732 4411 A
1760 4347 2175 4411 Marchione
2204 4347 2292 4410 de
2334 4347 2655 4427 Lombay
2695 4346 2880 4410 idem
2913 4348 3123 4426 impe-

741 4624 760 4658 ¹
817 4625 950 4669 Vide
977 4625 1166 4670 cartas
1187 4626 1254 4670 de
1277 4626 1387 4670 San
1418 4627 1663 4680 Ignacno,
1685 4632 1721 4670 t.
1743 4640 1793 4677 v.
1817 4625 1981 4670 Carta
2001 4623 2209 4669 DCLIX
2230 4656 2241 4676 ,
2263 4635 2384 4679 pag.
2408 4623 2478 4666 191
2512 4630 2563 4667 et
2590 4624 2900 4677 praesertim
2931 4629 3037 4667 not.
3062 4621 3126 4669 10.

648 4707 774 4751 pag.
798 4697 890 4740 197.
