3679 5414
720 430 831 491 374
1624 427 1881 489 Canon.
1921 430 2077 489 Soc.
2119 430 2261 504 Jsss.

721 578 1072 641 instruere
1102 576 1419 653 curabat,
1453 593 1587 638 nec
1618 577 1846 639 solum
1875 576 2265 640 laborando
2296 578 2416 640 diu
2446 588 2830 658 noctuque,
2864 578 2989 641 sed
3027 596 3186 640 cum

719 685 1047 766 superior
1075 694 1285 761 esset,
1320 684 1393 746 in
1423 683 1750 745 omnibus
1788 683 2167 747 humilibus
2195 685 2557 748 exercitiis
2596 686 2755 748 aliis
2780 703 2859 749 se
2887 684 3187 749 formam

724 793 1129 873 praebebat,
1184 809 1315 853 nec
1363 807 1441 853 se
1492 792 1633 853 alio
1683 791 1894 853 modo
1947 808 2159 871 quam
2209 793 2530 872 quemvis
2569 811 2660 855 ex
2697 793 2855 855 aliis
2893 794 2965 855 in
2993 794 3187 857 victu

722 900 1016 963 tractari
1045 900 1363 977 volebat;
1401 907 1470 961 et
1502 899 1605 960 sic
1638 898 1797 961 aliis
1830 898 2046 962 etiam
2077 900 2569 963 sacerdotibus
2596 901 3010 963 humilitatis
3037 902 3184 964 fun·

718 1008 993 1070 ctiones
1022 1007 1227 1069 facile
1261 1006 1697 1086 imponebat;
1727 1022 1935 1068 usum
1974 1007 2185 1069 etiam
2217 991 2807 1088 poenitentiarum
2847 1008 2920 1070 in
2959 1026 3184 1089 parva

723 1132 970 1178 mensa
993 1133 1078 1177 ac
1101 1113 1728 1200 reprehensionum
1751 1131 1835 1176 eo
1859 1114 2094 1193 modo,
2122 1132 2327 1194 quem
2355 1116 2626 1179 Romae
2649 1116 3180 1193 observaverat,

718 1222 1018 1299 induxit;
1050 1231 1123 1284 et
1152 1221 1267 1283 hic
1297 1221 1548 1284 modus
1574 1238 1720 1283 non
1757 1223 2004 1284 suavis
2042 1224 2270 1284 solum
2307 1223 2432 1285 sed
2468 1233 2537 1286 et
2577 1222 2765 1286 utilis
2807 1223 3184 1287 admodum

721 1330 858 1392 illis
885 1329 1040 1404 suit,
1072 1338 1149 1390 ut
1177 1328 1620 1406 experientia
1651 1347 1727 1391 se
1761 1328 2094 1391 didicisse
2124 1329 2530 1393 scribebant
2555 1328 2597 1389 ¹.

840 1435 983 1497 424.
1068 1435 1351 1498 Induxit
1393 1445 1765 1516 praeterea
1813 1435 2190 1499 formulam
2231 1437 2611 1517 quamdam
2650 1439 2901 1501 domus
2939 1438 3183 1518 proba·

721 1544 956 1622 tionis,
990 1552 1059 1606 et
1091 1544 1165 1606 in
1194 1543 1501 1623 quadam
1533 1545 1696 1605 aula
1737 1543 1808 1605 in
1839 1542 2236 1606 dormitorii
2274 1545 2560 1607 modum
2598 1546 2893 1625 triginta
2933 1563 3023 1608 ex
3051 1546 3182 1624 his,

716 1650 842 1731 qui
884 1649 1198 1730 juniores
1247 1658 1451 1713 erant
1499 1659 1571 1713 et
1618 1650 1690 1712 in
1737 1648 2092 1713 Societate
2139 1652 2372 1730 magis
2415 1652 2606 1730 novi,
2660 1653 3059 1732 collocavit,
3101 1670 3186 1716 ac

721 1757 795 1821 P.
831 1758 1139 1821 Leonem
1170 1758 1521 1838 Enriquez
1551 1758 1859 1838 primum
1888 1759 1992 1820 eis
2020 1758 2454 1821 novitiorum
2487 1760 2905 1838 magistrum
2933 1760 3185 1823 consti-

720 1867 874 1945 tuit;
901 1884 1040 1946 qua
1064 1867 1343 1928 ratione
1367 1864 1695 1929 effectum
1727 1876 1836 1928 est
1862 1875 1938 1928 ut
1960 1875 2030 1928 et
2064 1867 2163 1928 illi
2193 1868 2424 1946 magis
2454 1867 2896 1947 proficerent,
2931 1876 3000 1930 et
3022 1868 3184 1947 quia

718 1982 960 2037 tantae
998 1973 1427 2037 multitudini
1472 1973 1868 2053 Collegium
1907 1982 2288 2053 angustum
2327 1983 2512 2054 erat,
2556 1975 2993 2038 commodius
3033 1974 3183 2037 reli-

715 2082 836 2161 qui
867 2081 1303 2144 habitabant.
1351 2080 1665 2143 Curabat
1703 2090 1941 2143 autem
1979 2080 2381 2161 praefectus
2411 2099 2657 2144 eorum
2696 2090 2771 2144 ut
2809 2100 2851 2144 a
2891 2081 3186 2161 singulis

721 2188 1066 2251 rationem
1095 2189 1417 2266 exigeret
1448 2187 1638 2250 modi
1669 2189 2121 2267 procedendi,
2157 2198 2225 2250 et
2256 2198 2332 2250 ut
2361 2189 2719 2251 silentium
2748 2190 2894 2251 suis
2922 2197 3181 2269 tempo·

714 2296 911 2358 ribus
941 2304 1334 2374 servarent,
1370 2313 1454 2357 ac
1495 2295 1882 2358 meditandi
1921 2304 1989 2358 et
2029 2296 2537 2358 conscientiam
2567 2296 3021 2359 examinandi
3049 2296 3183 2359 sor·

713 2420 904 2465 mam
935 2412 1375 2478 consuetam;
1418 2411 1486 2464 et
1517 2403 1637 2464 alii
1668 2402 1970 2464 aliorum
1999 2404 2323 2480 exemplo
2354 2403 2849 2466 excitabantur
2878 2403 3181 2481 faciliuS,

714 2527 880 2571 cum
906 2509 1113 2571 simul
1137 2517 1397 2585 essent,
1426 2518 1495 2571 et
1519 2526 1765 2572 eorum
1792 2509 2277 2588 spiritualibus
2299 2511 2840 2573 necessitatibus
2872 2512 3184 2573 consule·

714 2617 942 2678 batur.
978 2615 1278 2696 Aliquos
1307 2616 1520 2678 etiam
1560 2633 1651 2679 ex
1680 2616 2043 2679 veteranis
2073 2616 2426 2680 interdum
2465 2618 2603 2680 illis
2633 2616 3082 2698 adjungebat,
3118 2628 3186 2681 et

718 2733 955 2803 noctu,
991 2733 1150 2804 post
1179 2724 1584 2803 lectionem,
1628 2741 1842 2804 quam
1871 2724 1946 2786 P.
1981 2724 2126 2788 Leo
2156 2726 2641 2806 praelegebat,
2688 2743 2867 2805 quae
2900 2727 3185 2789 medita-

711 2831 853 2894 turi
876 2842 1080 2895 erant
1105 2831 1426 2911 sequenti
1454 2834 1566 2896 die
1591 2833 2056 2912 proponebat.
2087 2831 2354 2895 Crebro
2379 2833 2516 2894 illis
2539 2833 2787 2895 aderat
2816 2832 2892 2896 P.
2927 2832 3179 2910 Miron,

709 2938 831 3017 qui
854 2938 1248 3002 studiorum
1274 2940 1487 3002 etiam
1510 2939 1941 3019 peculiarem
1965 2940 2210 3002 habuit
2236 2956 2503 3012 curam,
2532 2948 2601 3001 et
2628 2940 2748 3019 qui
2777 2947 2980 3001 erant
3010 2937 3182 3018 ejus·

709 3045 871 3108 dem
902 3045 1268 3110 facultatis
1298 3048 1618 3126 studiosi,
1647 3048 1945 3110 curabat
1968 3056 2044 3109 ut
2076 3047 2148 3109 in
2171 3047 2420 3109 eadem
2442 3055 2643 3126 parte
2667 3046 2963 3126 Collegii
2991 3047 3182 3108 habi·

715 3161 979 3229 tarent,
1015 3162 1089 3216 ut
1120 3153 1559 3217 commodius
1599 3154 1719 3216 alii
1756 3154 2057 3216 aliorum
2099 3171 2315 3234 opera
2353 3152 2793 3234 juvarentur.
2840 3153 3182 3232 Quamvis

713 3267 950 3323 autem
981 3261 1354 3339 praeclara
1385 3269 1588 3323 erant
1619 3259 2109 3339 Collegialium
2139 3261 2447 3339 ingenia,
2480 3259 2706 3340 major
2738 3270 2975 3323 tamen
3006 3259 3180 3323 ordo

708 3367 784 3430 in
812 3368 1068 3431 studiis
1098 3377 1168 3430 et
1198 3366 1422 3447 major
1454 3368 1871 3431 exercitatio
1895 3368 2449 3430 desiderabatur.
2479 3367 2724 3430 Voluit
2754 3376 2990 3431 autem
3021 3385 3178 3430 con·

711 3474 1063 3538 clusiones
1108 3484 1254 3538 tam
1294 3494 1337 3537 a
1378 3475 1732 3554 theologis
1772 3492 1986 3555 quam
2025 3493 2066 3536 a
2103 3474 2541 3555 philosophis
2579 3475 2689 3538 bis
2726 3475 3024 3553 singulis
3066 3475 3178 3537 he-

707 3581 1078 3646 bdomadis
1101 3582 1367 3661 haberi;
1390 3583 1843 3663 repetitiones
1865 3591 2100 3645 autem
2123 3582 2434 3662 quotidie
2449 3583 2911 3662 habebantur,
2931 3583 3181 3662 quibus

709 3697 779 3751 et
817 3688 966 3769 ipse
1016 3690 1247 3752 Miron
1292 3690 1655 3753 intererat.
1698 3688 2011 3770 Singulis
2061 3698 2296 3752 autem
2345 3689 2799 3752 facultatibus
2848 3690 3174 3770 aliquem,

709 3796 829 3876 qui
860 3796 1150 3876 reliquis
1180 3797 1252 3859 in
1293 3797 1673 3876 repetendo
1713 3806 1780 3860 et
1819 3797 2245 3876 disputando
2283 3797 2748 3877 praesideret,
2793 3797 3177 3874 constituit;

707 3911 780 3965 et
809 3903 1058 3982 siquis
1086 3903 1529 3983 negligenter
1557 3905 1789 3983 egisse
1813 3905 2190 3968 videbatur
2221 3905 2311 3967 ad
2340 3922 2642 3985 parvam
2664 3922 2981 3967 mensam
3011 3906 3178 3967 mul·

709 4017 867 4072 ctae
891 4011 1173 4074 nomine
1196 4012 1626 4075 mittebatur.
1655 4011 1900 4092 Itaque
1930 4021 2078 4074 tam
2106 4012 2178 4073 in
2208 4011 2459 4092 spiritu
2489 4029 2703 4092 quam
2733 4012 2804 4074 in
2834 4012 3083 4074 litteris
3113 4020 3190 4073 etx

711 4116 1048 4180 instruxit
1077 4118 1233 4180 illos
1264 4119 1511 4181 melius
1553 4128 1622 4182 et
1664 4120 2094 4183 incalescere
2131 4119 2230 4181 illi
2270 4120 2502 4199 magis
2530 4119 2900 4199 utrobique
2938 4136 3177 4199 coepe·

709 4231 897 4286 runt.
930 4224 1007 4287 In
1037 4225 1216 4288 festo
1241 4225 1571 4289 Omnium
1612 4225 2035 4289 Sanctorum
2066 4228 2270 4289 multi
2295 4236 2465 4290 vota
2494 4244 2624 4289 sua
2658 4233 3174 4307 nuncuparunt,

704 4329 831 4392 alii
860 4341 1317 4410 renovarunt,
1354 4333 1826 4412 flagellatione
1851 4333 2318 4413 praecedente
2349 4343 2603 4396 etcum
2623 4350 2887 4412 magna
2916 4332 3177 4396 animo-

793 4609 808 4643 ί
868 4609 1185 4666 Responsum
1221 4611 1408 4665 Ignatii
1442 4613 1509 4655 ad
1544 4611 1740 4655 Urbani
1777 4612 1934 4654 dubia
1966 4611 2215 4654 contineri
2240 4610 2447 4653 videtur
2480 4610 2688 4661 litteris,
2715 4609 2775 4653 de
2811 4609 2994 4664 quibus
3022 4618 3181 4662 supra

700 4682 806 4724 sub
825 4693 875 4725 n.
896 4682 991 4725 419.
