3679 5414
1531 460 1657 518 ΑΝ.
1705 462 1844 519 1552
2808 464 2907 521 701

557 603 698 665 623.
788 603 1210 680 Collegiales
1235 605 1571 684 theologi,
1614 606 1987 669 dominicis
2016 607 2266 671 diebus
2296 616 2479 687 post,
2523 625 2809 671 sacrum
2841 619 2911 671 et

434 711 1033 788 communionem,
1077 710 1170 773 ad
1206 727 1436 791 pagos
1474 712 1749 776 vicinos
1785 713 2371 792 egrediebantur,
2416 723 2486 776 et
2525 723 2906 794 antequam

438 819 680 897 populi
721 837 763 881 a
807 819 953 881 suis
994 819 1355 897 parochiis
1397 818 1843 897 recederent,
1890 820 2238 883 docebant
2278 811 2911 884 eos'christianam

435 922 857 1003 doctrinam,
889 934 981 1003 et,
1016 942 1176 988 cum
1208 925 1464 988 bonam
1494 925 1633 988 diei
1667 934 1941 1005 partem
1971 943 2220 989 eorum
2258 927 2526 990 auxilio
2558 928 2912 1006 spirituali

439 1030 975 1111 impendissent,
1010 1032 1260 1096 eodem
1289 1033 1401 1095 die
1431 1033 1561 1095 sub
1592 1040 1875 1096 noctem
1904 1032 1996 1096 ad
2027 1032 2422 1113 Collegium
2450 1034 2811 1114 redibant;
2844 1046 2913 1098 et

438 1138 779 1202 tredecim
807 1156 1101 1202 numero
1133 1139 1263 1202 sub
1293 1138 1499 1219 hujus
1530 1140 1700 1203 anni
1721 1140 1934 1203 finem
1962 1149 2190 1216 erant,
2224 1141 2345 1222 qui
2366 1141 2456 1204 ad
2477 1137 2771 1204 totidem
2794 1158 2913 1222 pa-

433 1261 571 1323 gos
599 1246 983 1325 praedictis
1014 1245 1261 1309 diebus
1289 1263 1365 1309 se
1396 1246 1879 1310 conferebant.
1915 1246 2179 1310 Omnes
2209 1255 2447 1310 autem
2475 1247 2664 1327 fere,
2699 1249 2819 1329 qui
2842 1249 2914 1312 in

435 1368 729 1416 carcere
766 1353 1291 1431 detinebantur,
1336 1354 1466 1417 sub
1513 1352 1839 1442 natalitia
1883 1353 2065 1421 festa
2105 1354 2193 1417 de
2234 1354 2551 1432 peccatis
2594 1354 2906 1420 confessi

442 1468 626 1538 sunt,
664 1477 826 1523 cum
855 1460 1330 1541 collegialium
1358 1460 1973 1529 exhortationibus
2002 1461 2095 1523 ad
2123 1460 2195 1523 id
2238 1469 2476 1524 essent
2506 1462 2804 1526 animati
2844 1473 2915 1525 et

445 1566 798 1630 instructi.

557 1673 701 1735 624.
789 1673 971 1753 Quia
999 1684 1237 1739 tamen
1266 1675 1401 1738 hoc
1432 1693 1620 1739 anno
1650 1691 1957 1755 magnae
1988 1675 2401 1754 tragoediae
2420 1688 2446 1755 ,'
2470 1685 2548 1739 ut
2579 1677 2911 1755 diximuS,

443 1779 515 1842 in
543 1779 984 1862 Portugallia
1021 1781 1305 1846 fuerunt
1356 1783 1743 1860 excitatae,
1794 1792 2029 1845 ortum
2061 1791 2133 1846 et
2169 1798 2631 1863 progressum
2670 1801 2915 1847 earum

442 1888 802 1966 explicare
831 1890 1201 1969 oportebit.
1244 1889 1696 1953 Intellexerat
1735 1889 1810 1951 Ρ.
1853 1889 2173 1969 Ignatius
2214 1907 2304 1952 ex
2349 1889 2605 1952 litteris
2643 1908 2911 1970 eorum,

347 2021 350 2026 ·
443 1995 563 2074 qui
602 1997 822 2059 veluti
861 1998 1233 2060 columnae
1283 2006 1487 2061 erant
1539 1998 1612 2061 in
1659 1995 2017 2060 Societate
2061 1995 2568 2076 Portugalliae,
2623 1998 2910 2062 modum

439 2102 977 2179 gubernationis
1006 2105 1246 2167 laxum
1276 2113 1345 2167 et
1376 2104 1466 2167 ad
1495 2104 1893 2167 libertatem
1924 2120 2178 2167 sensus
2208 2104 2639 2185 tendentem,
2668 2113 2737 2167 et
2757 2105 2916 2169 ideo

443 2209 926 2274 necessarium
976 2229 1131 2274 esse
1169 2221 1244 2275 ut
1284 2212 1592 2292 aliquam
1627 2210 1838 2273 iniret
1872 2210 2225 2273 rationem
2261 2227 2421 2274 eam
2469 2213 2915 2290 provinciam

445 2314 828 2380 reducendi
880 2317 971 2380 ad
1020 2320 1386 2400 proprium
1436 2337 1521 2383 ac
1571 2334 1994 2400 germanum
2049 2314 2429 2381 Societatis
2485 2320 2917 2397 procedendi

445 2424 753 2504 modum,
788 2427 976 2507 quod
1006 2428 1157 2490 sine
1188 2428 1577 2490 mutatione
1606 2426 2079 2490 Provincialis
2108 2425 2260 2489 fieri
2289 2444 2433 2490 non
2465 2445 2676 2508 posse
2700 2426 2914 2490 omni·

443 2529 573 2593 bus
602 2531 996 2597 videbatur.
1032 2533 1329 2614 Scripsit
1372 2550 1546 2612 ergo
1589 2543 1914 2614 patentes
1959 2534 2232 2598 litteras
2272 2534 2364 2597 ad
2408 2534 2484 2597 P.
2528 2532 2912 2606 Simonem,

447 2638 701 2716 quibus
731 2659 891 2704 eum
922 2641 1014 2704 ab
1043 2641 1270 2704 officio
1307 2638 1782 2703 Provincialis
1829 2641 2250 2704 absolvebat
2293 2650 2585 2722 propter
2623 2639 2775 2722 ejus
2818 2641 2914 2702 in-

443 2745 720 2810 firmam
759 2750 1082 2829 corporis
1118 2748 1598 2813 valetudinem
1635 2756 1705 2810 et
1743 2748 1909 2828 quia
1961 2765 2264 2829 aequum
2315 2748 2692 2812 videbatur
2743 2758 2820 2811 ut
2873 2768 2913 2811 a

446 2854 686 2917 multis
714 2856 1104 2933 laboribuS,
1140 2873 1316 2937 quos
1361 2856 1434 2919 in
1462 2855 1980 2936 gubernatione
2021 2855 2311 2932 tulerat,
2358 2855 2912 2935 conquiesceret.

443 2959 647 3024 Alias
693 2962 906 3026 etiam
942 2973 1268 3043 patentes
1304 2964 1578 3026 litteras
1617 2962 1707 3026 ad
1754 2961 1831 3025 P.
1875 2961 2222 3025 Mironem
2273 2961 2659 3040 scripserat
2699 2970 2777 3024 ut
2818 2961 2916 3023 of·

442 3068 678 3132 ficium
708 3068 1178 3133 Provincialis
1207 3070 1631 3133 admitteret.
1665 3069 1755 3132 Et
1784 3086 1873 3131 ne
1903 3077 2141 3150 posset
2171 3068 2547 3149 quisquam
2572 3068 2917 3146 tergiver-

443 3176 610 3256 sari,
645 3176 736 3239 ad
767 3177 1041 3256 aliquos
1070 3176 1310 3240 fideles
1341 3195 1426 3240 ac
1455 3177 1843 3257 prudentes
1873 3176 2053 3239 filios
2082 3174 2461 3239 Societatis
2495 3175 2709 3251 (inter
2739 3191 2918 3256 quos

443 3281 728 3347 fuerunt
771 3284 847 3347 P.
888 3284 1222 3348 Urbanus
1269 3303 1354 3347 ac
1402 3284 1477 3347 P.
1520 3284 1668 3347 Leo
1713 3284 2089 3364 Enriquez)
2147 3284 2326 3346 alias
2378 3284 2653 3346 litteras
2702 3281 2914 3361 dedit,

443 3390 696 3469 quibus
725 3391 1226 3472 injungebatur
1255 3393 1360 3455 eis
1391 3392 1463 3454 in
1493 3392 1756 3455 virtute
1793 3390 2239 3454 obedientiae
2269 3400 2345 3453 ut
2373 3400 2700 3471 patentes
2740 3390 2916 3453 litte·

442 3515 562 3561 ras
591 3496 785 3561 Patri
816 3497 1087 3581 Simoni
1113 3506 1676 3579 praesentarent,
1709 3508 1810 3577 et,
1847 3498 1907 3560 si
1938 3496 2273 3577 expedire
2311 3497 2672 3560 videretur
2701 3514 2785 3560 ea
2831 3497 2917 3560 de

446 3622 522 3667 re
550 3604 820 3686 Regem
851 3607 1135 3687 alloqui,
1163 3616 1239 3668 ut
1270 3605 1340 3668 id
1368 3605 1584 3669 etiam
1614 3603 1952 3668 facerent.
1988 3602 2289 3684 Scripsit
2318 3605 2534 3668 etiam
2564 3603 2655 3666 ad
2684 3605 2918 3684 ipsum

442 3710 712 3792 Regem
741 3723 808 3776 et
837 3713 1187 3793 Reginam
1218 3724 1285 3776 et
1308 3712 1656 3776 Infantem
1677 3711 2154 3789 Cardinalem,
2181 3728 2365 3791 quae
2389 3711 2481 3774 ad
2507 3729 2655 3774 rem
2678 3710 2915 3774 facere

443 3817 889 3883 videbantur.
945 3819 1348 3883 Peculiares
1398 3820 1614 3882 etiam
1662 3818 1800 3898 ipsi
1836 3817 1912 3880 P.
1959 3816 2228 3880 Simoni
2278 3818 2556 3881 litteras
2607 3802 2914 3896 scripsit,

443 3926 697 4005 quibus
736 3927 801 3990 ei
838 3928 1197 4007 optionem
1240 3927 1455 3990 dabat
1497 3934 1572 3988 ut
1610 3927 1725 3987 vel
1764 3925 1836 3987 in
1888 3924 2268 3987 Brasiliam
2316 3923 2913 4005 proficisceretur,

444 4043 652 4112 prout
680 4034 830 4113 ipse
861 4050 1122 4114 magno
1153 4052 1314 4097 cum
1351 4033 1634 4096 fervore
1673 4033 2197 4112 postulaverat,
2241 4032 2359 4093 vel
2398 4048 2647 4094 curam
2684 4049 2918 4095 novae

443 4136 845 4220 provintiae
894 4140 1302 4219 Valentiae‚
1335 4139 1748 4218 Aragoniae
1790 4146 1860 4201 et
1889 4136 2353 4201 Catalauniae
2393 4138 2817 4218 susciperet,
2850 4149 2920 4202 et

443 4247 727 4311 demum
755 4236 846 4311 e'x
874 4247 1313 4327 Portugallia
1343 4246 1727 4324 recederet,
1765 4262 1929 4308 cum
1958 4243 2029 4307 id
2060 4261 2494 4325 magnopere
2524 4246 2914 4309 convenire

443 4354 925 4418 intellexisset.
983 4354 1134 4418 Hoc
1187 4365 1456 4432 tamen,
1517 4361 1586 4415 et
1645 4362 1719 4415 ut
1777 4351 2033 4432 aliquis
2085 4352 2523 4415 novitiorum
2573 4353 2919 4433 magister

441 4462 974 4540 praeficeretur,
1016 4463 1137 4542 qui
1175 4462 1266 4524 ad
1305 4460 1886 4523 reformationem
1929 4460 2406 4538 collegialium
2446 4460 2914 4539 incumberet,

441 4585 586 4633 non
614 4570 855 4634 statim
882 4568 1479 4651 promulgandum
1509 4576 1692 4646 erat,
1729 4567 1854 4630 sed
1883 4583 2015 4629 suo
2047 4567 2207 4630 loco
2230 4576 2300 4629 et
2324 4575 2669 4647 tempore.

563 4678 705 4742 625.
792 4678 949 4758 Quo
980 4688 1217 4741 autem
1243 4677 1538 4739 suavius
1568 4675 1806 4739 omnia
1833 4673 2114 4753 fierent,
2158 4674 2382 4737 voluit
2412 4683 2489 4737 ut
2520 4675 2596 4737 P.
2632 4674 2917 4739 Turria-
