3679 5414
1581 456 1709 515 AN.
1755 457 1888 515 1551
2831 477 2832 480 ¹
2857 455 2962 513 177

492 604 566 667 in
599 604 752 684 ipso
781 602 983 667 Duce
1011 620 1224 684 quam
1253 602 1326 665 in
1346 602 1975 681 Ducissa-invenit,
2002 610 2071 664 et
2095 602 2156 664 si
2178 610 2635 664 recusassent
2655 619 2745 664 ne
2773 602 2954 681 ipso-

468 728 653 773 rum
681 710 945 774 subditi
991 710 1293 773 Romam
1339 719 1843 802 evocarentur,
1878 709 2036 771 ideo
2086 726 2163 771 se
2212 708 2469 772 fecisse
2512 707 2955 771 affirmabant

494 817 686 898 quod
715 818 1041 880 timerent
1069 834 1157 880 ne
1187 817 1519 879 infamiae
1546 825 1719 879 nota
1748 816 2016 906 frustra
2047 815 2184 878 illis
2213 817 2634 892 inureretur,
2672 833 2834 878 cum
2855 824 2957 878 ta-

492 942 656 988 men
683 925 859 987 nihil
886 925 1151 987 erroris
1178 924 1252 986 in
1280 924 1382 987 eis
1402 933 1588 986 esset
1611 924 1979 986 inventum
1996 971 2011 1000 ,
2039 924 2155 985 vel
2177 933 2426 986 contra
2451 923 2637 1003 quod
2661 923 2812 985 sine
2834 941 2954 1003 pu-

493 1032 762 1095 nitione
784 1032 977 1111 ipsos
1006 1041 1241 1095 essent
1256 1015 1635 1109 dimissuri,
1660 1021 1824 1093 licet
1847 1030 2084 1110 puniri
2103 1011 2574 1109 mererentur,
2601 1041 2670 1093 et
2692 1038 2959 1093 utrum-

491 1158 632 1220 que
659 1139 1185 1203 incommodum
1211 1146 1288 1200 ut
1324 1138 1705 1216 evitarent,
1749 1136 2146 1200 affirmabat
2176 1137 2343 1200 Dux
2372 1155 2448 1201 se
2478 1139 2852 1219 scripsisse
2879 1151 2955 1205 ut

493 1247 894 1310 mitteretur
923 1243 1178 1326 aliquis
1203 1245 1637 1308 Florentiam
1666 1245 1754 1308 ab
1783 1261 1870 1306 eo
1899 1244 2232 1307 tribunali
2256 1254 2329 1307 ut
2351 1245 2611 1308 ibidem
2640 1247 2743 1309 rei
2771 1248 2949 1310 veri·

494 1363 719 1417 tatem
755 1356 964 1433 plane
1005 1369 1438 1431 cognoscere
1467 1360 1537 1415 et
1565 1370 1641 1415 se
1669 1368 1855 1429 reOS,
1887 1361 2098 1431 prout
2125 1352 2602 1432 Inquisitionis
2635 1354 2956 1418 Officium

482 1460 902 1541 judicasset,
936 1460 1225 1540 egregie
1251 1459 1664 1539 puniturum
1698 1457 1739 1517 ².

616 1567 719 1630 26.
807 1567 1015 1645 Quod
1042 1565 1133 1630 ad
1162 1565 1555 1645 Collegium
1582 1565 1765 1628 Pisis
1792 1567 2219 1646 promissum
2257 1568 2528 1647 attinet,
2572 1569 2772 1632 locus
2815 1570 2953 1647 ille,

487 1692 711 1755 quem
738 1673 978 1737 Duces
1006 1673 1377 1752 assignare
1403 1675 1800 1750 voluerant,
1835 1673 2002 1753 quia
2031 1682 2236 1736 extra
2276 1674 2748 1754 frequentiam
2785 1686 2854 1739 et
2883 1677 2957 1739 in

493 1785 661 1844 loco
707 1797 959 1861 parum
998 1780 1263 1843 salubri
1299 1789 1474 1859 erat,
1518 1797 1659 1842 non
1705 1788 1812 1842 est
1862 1788 2301 1860 opportunus
2343 1781 2721 1845 iudicatus.
2777 1783 2956 1846 Cum

493 1897 738 1951 autem
765 1888 1142 1951 venatione
1171 1896 1240 1950 et
1269 1887 1662 1965 piscatione
1690 1887 1901 1962 valde
1931 1888 2257 1967 occupati
2286 1897 2522 1952 essent
2550 1889 2648 1951 illi
2689 1889 2950 1970 DuceS,

492 1995 827 2075 quamvis
855 1996 928 2057 in
957 1993 1384 2057 Societatem
1412 2004 1482 2057 et
1512 1994 1744 2073 ipsum
1770 1993 1847 2056 P.
1881 1993 2170 2074 Laynez
2209 1995 2385 2057 bene
2426 1995 2682 2074 affecti,
2723 1998 2960 2060 rarius

494 2119 717 2182 quam
745 2102 1085 2164 voluisset
1116 2117 1278 2163 cum
1305 2100 1407 2163 eis
1435 2100 1626 2180 loqui
1653 2109 1954 2180 poterat.

619 2209 722 2271 27.
810 2207 989 2271 Cum
1017 2207 1128 2270 die
1179 2208 1461 2270 veneris
1497 2206 1741 2270 Sancti
1768 2207 1921 2287 eJ'us
1959 2209 2283 2271 concioni
2321 2208 2629 2272 Ducissa
2668 2210 2954 2274 interes-

502 2327 639 2394 set,
671 2324 742 2378 et
769 2315 1006 2395 aliqua
1036 2313 1150 2376 ille
1181 2315 1551 2394 tetigisset,
1584 2332 1766 2394 quae
1796 2333 1968 2378 vera
2007 2326 2077 2379 et
2103 2316 2302 2379 utilia
2340 2317 2574 2395 potius
2615 2335 2829 2398 quam
2851 2316 2951 2398 ju·

494 2422 736 2486 cunda
765 2421 993 2484 videri
1020 2431 1369 2500 poterant,
1414 2419 1501 2483 de
1539 2421 1755 2484 curiis
1794 2421 2194 2501 principum
2241 2421 2448 2502 hujus
2484 2425 2770 2504 saeculi,
2813 2442 2956 2488 non

496 2531 731 2592 solum
758 2529 880 2591 illa
904 2545 1050 2591 non
1079 2536 1186 2591 est
1215 2527 1505 2607 offensa,
1538 2528 1664 2590 sed
1693 2529 1926 2608 ipsum
1963 2546 2357 2608 accersens,
2402 2531 2782 2611 specialem
2819 2532 2958 2612 ipsi

498 2635 872 2699 charitatis
899 2635 1228 2698 affectum
1256 2635 1572 2698 exhibuit
1601 2645 1671 2698 et
1701 2644 1949 2717 optare
1971 2652 2049 2698 se
2072 2654 2504 2718 magnopere
2527 2639 2958 2718 significavit

499 2762 589 2806 ne
622 2762 713 2807 ex
742 2761 871 2806 sua
886 2743 1164 2806 ditione
1191 2743 1588 2822 recederet3
1611 2751 1683 2806 et
1706 2761 1869 2806 cum
1892 2743 1984 2806 ad
2005 2744 2398 2808 Concilium
2420 2765 2497 2809 se
2526 2747 2958 2812 destinatum

501 2853 618 2915 ille
640 2850 995 2930 subderet,
1029 2851 1243 2914 etiam
1265 2851 1357 2913 ad
1376 2850 1548 2914 illud
1569 2868 1611 2912 a
1633 2868 1762 2914 suo
1785 2850 1986 2914 Duce
2009 2852 2191 2915 mitti
2218 2861 2288 2915 et
2323 2853 2474 2933 eJ'us
2502 2856 2833 2936 expensis
2864 2857 2955 2920 ibi

501 2977 660 3022 esse
689 2975 899 3039 posse
928 2957 1419 3037 respondebat.
1462 2958 1639 3021 Cum
1670 2966 1910 3021 autem
1940 2969 2217 3039 optaret
2254 2961 2325 3022 in
2358 2979 2674 3026 eremum
2701 2966 2951 3027 camal-

502 3065 869 3128 dulensem
905 3063 998 3128 ad
1026 3082 1295 3146 paucos
1337 3065 1487 3128 dies
1525 3064 1889 3144 recedere,
1932 3074 2001 3129 et
2038 3066 2447 3131 facultatem
2484 3086 2528 3131 a
2564 3068 2641 3131 Ρ.
2682 3070 2952 3149 Ιςιιειῑίι.

501 3174 597 3236 ad
631 3172 702 3235 id
727 3180 1017 3253 peteret,
1051 3172 1111 3234 si
1139 3189 1267 3252 per
1293 3172 1671 3235 Ducissam
1700 3172 1764 3235 ei
1791 3173 2057 3252 liceret,
2084 3174 2401 3253 Ignatius
2429 3178 2778 3239 concessit
2807 3176 2853 3240 ².

626 3278 728 3342 28.
816 3278 993 3342 Cum
1021 3296 1194 3341 vero
1215 3280 1645 3342 erectionem
1665 3279 1961 3359 Collegii
1981 3280 2165 3344 Pisis
2186 3291 2309 3345 aut
2328 3282 2732 3346 Florentiae
2755 3285 2928 3347 cord

500 3386 821 3467 haberet,
851 3395 922 3448 et
948 3384 1268 3449 Ducibus
1294 3385 1368 3448 in
1397 3385 1816 3448 memoriam
1844 3404 1987 3449 non
2015 3389 2233 3450 semel
2253 3386 2330 3449 Ρ.
2363 3388 2652 3468 Laynez
2681 3389 2754 3452 id
2783 3391 2959 3454 redi-

499 3502 731 3573 geret,
762 3493 1091 3574 qu‘amvis
1117 3482 1644 3571 frigidiusculos
1682 3491 1934 3555 videns
1974 3511 2097 3557 eos
2134 3494 2491 3574 principes
2518 3496 2591 3558 in
2620 3514 2705 3559 eo
2746 3514 2956 3577 nego-

503 3602 630 3680 tio,
662 3603 778 3664 cui
806 3601 1021 3663 etiam
1049 3608 1299 3679 suapte
1327 3617 1473 3662 non
1504 3609 1660 3663 erat
1688 3599 1762 3663 P.
1797 3600 2086 3680 Laynez
2124 3601 2502 3665 admodum
2538 3621 2959 3685 propensuS,

503 3726 598 3771 ex
636 3707 1038 3770 obedientia
1086 3716 1322 3770 tamen
1359 3705 1435 3769 P.
1488 3706 1744 3785 Ignatii
1784 3705 2061 3770 Ducem
2097 3708 2282 3771 serio
2321 3717 2428 3772 est
2478 3710 2848 3791 allocutus,
2890 3722 2961 3775 et

502 3815 1053 3896 propensionem
1081 3813 1456 3877 Societatis
1485 3813 1577 3876 ad
1599 3813 1749 3893 ejus
1773 3814 2188 3894 obsequium
2208 3823 2278 3878 et
2300 3816 2637 3880 ditionem
2658 3816 2809 3897 ejus
2832 3835 2963 3898 pro

502 3922 696 3985 virili
719 3922 1014 4003 partein
1036 3921 1246 3984 rebus
1266 3920 1749 3998 spiritualibus
1761 3919 2154 3999 J‘uvandam
2178 3923 2509 4001 ostendit,
2530 3933 2598 3986 et
2620 3934 2961 4004 quantum

502 4028 862 4092 commodi
898 4045 988 4091 ex
1034 4027 1354 4091 instituto
1392 4027 1708 4106 Collegio
1747 4028 2085 4108 consequi
2127 4038 2369 4108 posset
2417 4016 2820 4111 explicavit,
2877 4051 2961 4096 ac

501 4136 793 4199 demum
811 4144 890 4197 ut
920 4134 1109 4214 quod
1139 4134 1560 4213 promiserat
1590 4144 2095 4214 exsequeretur
2122 4137 2536 4215 postulavit,
2570 4156 2713 4202 non
2742 4140 2859 4203 illo
2890 4142 2964 4204 in

503 4246 689 4322 loc0,
723 4259 930 4322 quem
973 4242 1494 4322 assignaverat,
1541 4241 1667 4304 sed
1698 4242 1887 4321 apud
1915 4241 2253 4307 Sanctum
2296 4245 2567 4308 scilicet
2598 4245 2964 4326 Frianum,

592 4488 609 4520 ¹
667 4485 937 4535 Polaticus.
961 4494 1026 4526 ex
1046 4482 1444 4533 commissione,
1465 4479 1609 4525 Patri
1626 4479 1866 4537 Laynez,
1887 4481 2006 4536 quid
2027 4483 2094 4525 ab
2122 4494 2182 4525 eo
2202 4490 2467 4538 exspectet
2487 4485 2770 4531 Theatinus
2789 4487 2968 4533 Cardi-

504 4559 643 4603 nalis
664 4559 807 4601 circa
825 4552 1175 4610 Inquisitionis
1193 4553 1471 4608 negotium,
1495 4553 1545 4595 1⁴
1563 4551 1755 4597 Martii.

588 4630 612 4661 ⁸
668 4628 938 4680 Polaticus,
960 4636 1027 4669 ex
1047 4625 1439 4678 commissione,
1458 4622 1604 4669 Patri
1623 4622 1850 4680 Laynez,
1872 4636 1934 4668 ne
1957 4624 2312 4672 camaldulum
2331 4631 2558 4685 secedat,
2579 4632 2623 4675 si
2647 4593 2696 4675 id
2716 4631 2972 4677 Ducissae

507 4700 808 4745 Florentiae
826 4697 1117 4754 displiceat,
1138 4697 1193 4741 25
1207 4696 1419 4751 Aprilis.

2624 4809 2680 4848 12
