3679 5414
1595 473 1721 531 Aa.
1768 474 1906 531 1530
2116 445 2121 452 ’
2871 472 2978 531 135

501 615 609 676 nis
639 616 1269 678 exercitationibus
1311 617 1814 696 probabantur.
1846 615 2233 696 Cujusdam
2260 615 2420 692 viri,
2455 616 2593 695 qui,
2629 632 2791 679 cum
2819 634 2969 679 sae—

503 722 765 784 cularis
793 731 1014 800 esset,
1049 722 1261 785 valde
1290 724 1679 796 honoratus
1707 723 1961 801 fuerat,
1995 723 2369 785 visendum
2403 722 2532 785 suit
2560 723 2976 786 humilitatis

499 828 835 904 studium,
871 846 1010 908 qua
1034 846 1076 891 a
1106 828 1415 892 minimis
1439 828 1524 892 de
1553 829 1909 892 Societate
1933 827 2175 892 doceri
2197 829 2542 909 cupiebat,
2569 839 2661 907 et,
2696 847 2855 892 cum
2880 830 2969 892 ad

502 936 848 1014 quosdam
886 952 1143 1015 porcos
1195 936 1531 999 emendos
1572 936 1831 999 missus
1875 937 2122 1000 suisset
2163 945 2365 998 extra
2419 935 2963 1015 Conimbricam,

495 1043 829 1121 ‘quamvis
858 1042 999 1104 alia
1024 1042 1142 1104 via
1162 1043 1530 1105 secretiori
1559 1043 1908 1123 potuisset
1937 1043 2213 1122 egredi,
2248 1060 2371 1122 per
2402 1043 2709 1105 mediam
2730 1033 2967 1106 tafnen

502 1149 693 1211 viam
723 1149 1100 1228 publicam,
1134 1149 1287 1212 sine
1313 1150 1552 1228 palli0,
1585 1152 1810 1212 altera
1839 1167 2054 1212 manu
2082 1149 2319 1212 funem
2338 1198 2352 1227 ,
2387 1149 2610 1211 altera
2637 1150 2968 1212 baculum

503 1265 820 1336 portanS,
856 1257 1050 1319 exire
1073 1257 1328 1334 voluit;
1362 1266 1432 1318 et
1464 1257 1537 1318 in
1565 1255 1793 1319 reditu
1821 1273 2084 1335 porcos
2120 1255 2285 1319 fune
2316 1256 2644 1334 alligatos
2672 1273 2797 1335 per
2827 1273 2961 1318 me-

501 1364 691 1426 diam
741 1365 988 1426 urbem
1039 1363 1188 1443 ipse
1243 1364 1317 1425 in
1367 1363 1759 1442 Collegium
1815 1362 2140 1440 deduxit,
2192 1371 2261 1424 et
2309 1361 2410 1424 sic
2449 1362 2589 1424 alia
2635 1362 2957 1441 plurima.

503 1471 864 1551 Optabant
895 1480 1131 1533 autem
1161 1487 1406 1532 omnes
1435 1470 1661 1532 nostri
1691 1486 2124 1549 magnopere
2153 1469 2424 1532 litteras
2455 1487 2497 1530 a
2525 1467 2602 1530 Ρ.
2644 1468 2727 1531 Ν.
2761 1468 2962 1548 Igna-

501 1579 600 1640 tio
630 1578 987 1656 accipere,
1023 1594 1201 1656 quae
1232 1577 1769 1639 instructionem
1799 1577 2007 1640 simul
2037 1593 2197 1639 cum
2227 1575 2715 1639 exhortatione
2746 1576 2965 1639 conti·

501 1692 779 1762 nerent,
824 1693 893 1746 et
930 1700 1193 1762 magno
1237 1684 1469 1747 studio
1510 1701 1634 1746 eas
1671 1684 2149 1763 postulabant.
2185 1683 2359 1747 Cum
2411 1692 2668 1761 autem,
2724 1693 2961 1747 amoto

500 1791 574 1855 P.
609 1790 978 1855 Ludovico
1019 1790 1103 1854 de
1150 1790 1425 1868 Grana,
1462 1792 1597 1854 hoc
1635 1800 1974 1853 autumno
2010 1790 2086 1853 P.
2129 1791 2459 1854 Urbanus
2489 1788 2803 1868 Collegio
2834 1790 2965 1854 Co-

500 1899 954 1961 nimbricensi
1001 1897 1404 1977 praefectus
1451 1898 1730 1976 fuisset,
1783 1898 2080 1961 sollicite
2129 1917 2170 1960 a
2220 1897 2295 1961 P.
2350 1897 2625 1975 Ignatio
2675 1899 2962 1975 regulas

500 2015 710 2085 atque
758 2005 1080 2068 instituta
1122 2013 1198 2067 ut
1238 2004 1329 2067 ad
1367 2022 1614 2068 eorum
1649 2022 1975 2067 normam
2012 2014 2236 2067 totam
2265 2004 2853 2081 gubernationem
2890 2015 2960 2067 et

498 2113 940 2193 spiritualem
969 2121 1038 2175 et
1065 2113 1526 2191 temporalem
1565 2112 1913 2191 exigeret,
1956 2121 2024 2174 et
2052 2111 2530 2189 visitationem
2576 2111 2788 2174 etiam
2828 2113 2956 2173 sol-

496 2220 689 2282 licite
738 2219 1171 2300 postulabat,
1219 2227 1296 2281 ut
1347 2235 1521 2281 oves
1572 2236 1738 2281 suas
1788 2228 2211 2297 agnosceret
2263 2237 2348 2281 ac
2397 2228 2707 2298 regeret;
2748 2219 2864 2281 vel
2900 2219 2955 2280 si

496 2325 1006 2405 occupationes
1033 2324 1105 2387 id
1135 2342 1278 2387 non
1305 2325 1813 2403 permitterent,
1849 2335 1924 2388 ut
1947 2342 2073 2405 per
2096 2326 2367 2389 litteras
2390 2327 2641 2388 saltem
2663 2326 2734 2388 id
2757 2343 2961 2405 prae·

493 2442 749 2509 staret,
806 2450 945 2511 quo
994 2431 1381 2495 uniformes
1430 2432 1502 2494 in
1551 2432 1803 2512 spiritu
1853 2450 2098 2495 omnes
2145 2432 2573 2495 incederent:
2627 2432 2956 2512 quidquid

493 2540 685 2602 enim
729 2539 825 2601 ibi
874 2539 1374 2618 observabant,
1413 2538 1503 2600 ad
1548 2548 1827 2619 tempus
1857 2556 1935 2602 se
1976 2539 2240 2602 habere
2281 2539 2620 2617 sciebant;
2674 2538 2859 2619 quod
2899 2539 2959 2601 si

493 2645 570 2710 P.
606 2645 930 2727 Ignatius
959 2645 1099 2707 alia
1127 2646 1550 2710 documenta
1579 2647 1910 2725 mitteret,
1935 2648 2439 2710 observaturos
2462 2640 2538 2709 se
2561 2665 2647 2717 ea
2672 2646 2959 2727 recipie·

487 2756 685 2817 bant.
720 2752 863 2816 Suo
894 2761 1130 2815 autem
1160 2761 1476 2833 tempore
1518 2752 1594 2816 P.
1633 2754 1957 2833 ‘Ignatius
1980 2763 2353 2833 utrumque
2384 2754 2760 2833 praestitit,
2796 2771 2961 2816 nam

490 2878 577 2923 eo
609 2860 1175 2939 constitutioneS,
1210 2868 1280 2922 et
1309 2861 1626 2939 regulaS,
1661 2871 1728 2923 et
1752 2862 1967 2923 etiam
2004 2861 2468 2938 visitatorem,
2505 2861 2723 2939 misit,
2758 2870 2832 2924 ut
2859 2862 2960 2924 in—

489 2968 710 3031 ferius
741 2966 1093 3029 videbitur
1123 2965 1163 3028 ¹.

606 3073 749 3136 323.
838 3073 1311 3153 Ulyssiponae
1341 3090 1503 3135 cum
1534 3075 1780 3136 aberat
1810 3074 1884 3137 P.
1931 3073 2204 3148 Simon,
2246 3082 2574 3154 praeerat
2616 3074 2774 3136 aliis
2814 3075 2960 3138 Ma-

483 3182 709 3260 gister
740 3181 1180 3261 GonsaIVuS,
1216 3183 1333 3262 qui
1373 3183 1446 3245 in
1485 3181 2045 3244 confessionibus
2089 3180 2456 3244 audiendis
2497 3201 2581 3246 ac
2620 3183 2755 3263 piis
2802 3183 2965 3245 aliis

484 3288 1114 3351 exercitationibus
1143 3298 1486 3369 perpetuo
1525 3296 1917 3367 occupatus
1944 3297 2122 3351 erat.
2166 3287 2717 3367 Quatuordecim
2754 3289 2826 3351 in
2871 3307 2955 3352 ea

485 3394 700 3457 domo
728 3412 820 3456 ex
849 3395 1111 3457 nostris
1140 3403 1364 3458 erant.
1400 3395 1753 3459 Numerus
1783 3403 2020 3457 autem
2050 3394 2471 3474 quandoque
2502 3404 2829 3474 augetur,
2878 3407 2956 3459 ut

485 3518 649 3563 cum
681 3501 933 3564 classis
960 3502 1035 3565 in
1063 3502 1356 3580 Indiam,
1390 3503 1507 3566 vel
1535 3502 1940 3580 Brasiliam,
1975 3503 2091 3565 vel
2120 3502 2257 3565 alia
2289 3503 2476 3580 loca,
2513 3501 2829 3582 mittitur,
2864 3502 2953 3565 ad

486 3624 673 3686 quae
702 3608 929 3670 nostri
959 3608 1140 3671 mitti
1170 3617 1716 3672 consueverunt.
1752 3608 2096 3688 Quamvis
2120 3618 2356 3671 autem
2385 3610 2563 3672 haec
2597 3609 2957 3689 Ulyssipo-

483 3714 728 3776 nensis
757 3714 1012 3777 domus
1041 3714 1337 3794 Collegii
1367 3715 1648 3778 nomine
1677 3716 1896 3779 etiam
1923 3725 2093 3779 tunc
2123 3716 2574 3794 censebatur,
2608 3717 2954 3797 professo-

485 3836 647 3883 rum
665 3831 907 3884 tamen
923 3821 1178 3885 domus
1201 3822 1429 3886 officia
1450 3840 1595 3885 non
1618 3823 1915 3903 Collegii
1936 3823 2337 3900 exercebat,
2366 3841 2528 3886 cum
2550 3824 2957 3886 ministeriis

484 3926 866 3991 Societatis
897 3928 1237 3992 obeundis
1267 3938 1336 3992 et
1378 3947 1523 3992 non
1562 3930 1814 3993 studiis
1853 3947 2140 4010 operam
2177 3931 2402 3993 nostri
2440 3931 2711 3993 darent.
2753 3930 2954 3993 Multi

485 4034 799 4114 quotidie
829 4035 1312 4099 Poenitentiae
1341 4054 1425 4099 ac
1447 4035 1952 4100 Sanctissimae
1979 4037 2464 4100 Eucharistiae
2486 4037 2954 4099 sacramentis

481 4139 552 4202 in
583 4151 832 4204 nostra
861 4143 1161 4205 ecclesia
1192 4142 1380 4206 Divo
1402 4142 1716 4206 Antonio
1739 4161 1947 4206 sacra
1969 4144 2483 4222 reficiebantur3
2516 4153 2586 4207 et
2616 4144 2677 4206 si
2706 4161 2947 4223 opera·

480 4247 569 4309 rii
597 4248 775 4311 satis
805 4250 1006 4312 multi
1036 4249 1354 4329 fuissent,
1390 4248 1616 4329 major
1645 4268 1813 4331 pars
1844 4250 1992 4329 eJ'us
2023 4251 2216 4313 urbis
2255 4250 2345 4315 ad
2376 4269 2498 4315 eos
2529 4250 2946 4314 confluxura

483 4355 928 4418 credebatur.
964 4356 1052 4419 Et
1083 4365 1358 4420 tantum
1387 4358 1744 4421 habebant
1779 4358 1942 4421 fidei
1979 4359 2240 4422 nostris
2277 4368 2353 4421 ut
2393 4358 2745 4421 accideret
2784 4376 2945 4421 cum

561 4634 575 4664 ¹
638 4634 876 4686 Ignatius
897 4633 1091 4677 Simoni
1115 4633 1385 4678 Rodericio
1407 4636 1468 4677 de
1490 4636 1684 4682 duobus
1705 4640 1756 4682 in
1777 4638 1975 4683 Indiam
1997 4639 2273 4691 mittendis,
2293 4641 2354 4683 de
2384 4641 2716 4684 admittendis
2740 4642 2804 4684 ad
2828 4653 2953 4695 prom

481 4701 752 4748 tensionem
770 4713 822 4748 et
843 4705 907 4747 de
923 4705 1169 4759 jubilaeo,
1191 4706 1288 4749 sub
1308 4705 1459 4750 finem
1479 4707 1765 4754 Februarii.
