<?xml version="1.0" encoding="UTF-8"?>
<!DOCTYPE html PUBLIC "-//W3C//DTD XHTML 1.0 Transitional//EN"
    "http://www.w3.org/TR/xhtml1/DTD/xhtml1-transitional.dtd">
<html xmlns="http://www.w3.org/1999/xhtml" xml:lang="en" lang="en">
 <head>
  <title>
</title>
<meta http-equiv="Content-Type" content="text/html;charset=utf-8" />
  <meta name='ocr-system' content='tesseract 3.04.00' />
  <meta name='ocr-capabilities' content='ocr_page ocr_carea ocr_par ocr_line ocrx_word'/>
</head>
<body>
  <div class='ocr_page' id='page_1' title='image "./vitaignatiiloio03polagoog_0652.png"; bbox 0 0 3679 5414; ppageno 0'>
   <div class='ocr_carea' id='block_1_1' title="bbox 747 456 2296 529">
    <p class='ocr_par' dir='ltr' id='par_1_1' title="bbox 747 456 2296 529">
     <span class='ocr_line' id='line_1_1' title="bbox 747 456 2296 529; baseline 0 -14"><span class='ocrx_word' id='word_1_1' title='bbox 747 457 857 515; x_wconf 72' lang='lat'>646</span> <span class='ocrx_word' id='word_1_2' title='bbox 1664 457 1921 516; x_wconf 63' lang='lat' dir='ltr'>Canon.</span> <span class='ocrx_word' id='word_1_3' title='bbox 1962 456 2116 515; x_wconf 85' lang='lat' dir='ltr'>Soc.</span> <span class='ocrx_word' id='word_1_4' title='bbox 2157 456 2296 529; x_wconf 78' lang='lat' dir='ltr'>JEs.</span> 
     </span>
    </p>
   </div>
   <div class='ocr_carea' id='block_1_2' title="bbox 749 604 3233 4007">
    <p class='ocr_par' dir='ltr' id='par_1_2' title="bbox 749 604 3220 1098">
     <span class='ocr_line' id='line_1_2' title="bbox 751 604 3219 684; baseline 0.001 -18"><span class='ocrx_word' id='word_1_5' title='bbox 751 605 942 667; x_wconf 85' lang='lat' dir='ltr'>misit</span> <span class='ocrx_word' id='word_1_6' title='bbox 982 605 1277 669; x_wconf 90' lang='lat' dir='ltr'>Cantori</span> <span class='ocrx_word' id='word_1_7' title='bbox 1313 604 1836 684; x_wconf 90' lang='lat' dir='ltr'>Complutensis</span> <span class='ocrx_word' id='word_1_8' title='bbox 1873 605 2216 667; x_wconf 87' lang='lat' dir='ltr'>ecclesiae</span> <span class='ocrx_word' id='word_1_9' title='bbox 2263 622 2407 667; x_wconf 92' lang='lat' dir='ltr'>non</span> <span class='ocrx_word' id='word_1_10' title='bbox 2444 615 2688 667; x_wconf 90' lang='lat' dir='ltr'>nostro</span> <span class='ocrx_word' id='word_1_11' title='bbox 2727 605 3041 683; x_wconf 88' lang='lat' dir='ltr'>nomine,</span> <span class='ocrx_word' id='word_1_12' title='bbox 3083 604 3219 668; x_wconf 72' lang='lat' dir='ltr'>sed</span> 
     </span>
     <span class='ocr_line' id='line_1_3' title="bbox 749 711 3216 792; baseline 0 -18"><span class='ocrx_word' id='word_1_13' title='bbox 749 712 1024 775; x_wconf 90' lang='lat' dir='ltr'>ratione</span> <span class='ocrx_word' id='word_1_14' title='bbox 1052 712 1163 775; x_wconf 92' lang='lat' dir='ltr'>sui</span> <span class='ocrx_word' id='word_1_15' title='bbox 1192 711 1401 774; x_wconf 91' lang='lat' dir='ltr'>officii</span> <span class='ocrx_word' id='word_1_16' title='bbox 1422 723 1499 774; x_wconf 94' lang='lat' dir='ltr'>ut</span> <span class='ocrx_word' id='word_1_17' title='bbox 1520 711 2093 774; x_wconf 84' lang='lat' dir='ltr'>informationem</span> <span class='ocrx_word' id='word_1_18' title='bbox 2116 721 2403 792; x_wconf 90' lang='lat' dir='ltr'>caperet</span> <span class='ocrx_word' id='word_1_19' title='bbox 2425 711 2778 792; x_wconf 91' lang='lat' dir='ltr'>Compluti</span> <span class='ocrx_word' id='word_1_20' title='bbox 2802 721 2871 774; x_wconf 92' lang='lat' dir='ltr'>et</span> <span class='ocrx_word' id='word_1_21' title='bbox 2893 712 2963 774; x_wconf 91' lang='lat' dir='ltr'>in</span> <span class='ocrx_word' id='word_1_22' title='bbox 2984 728 3216 790; x_wconf 84' lang='lat' dir='ltr'>regno</span> 
     </span>
     <span class='ocr_line' id='line_1_4' title="bbox 751 817 3212 898; baseline 0 -17"><span class='ocrx_word' id='word_1_23' title='bbox 751 822 1062 882; x_wconf 88' lang='lat' dir='ltr'>toletano</span> <span class='ocrx_word' id='word_1_24' title='bbox 1093 819 1180 882; x_wconf 90' lang='lat' dir='ltr'>de</span> <span class='ocrx_word' id='word_1_25' title='bbox 1210 819 1534 882; x_wconf 91' lang='lat' dir='ltr'>doctrina</span> <span class='ocrx_word' id='word_1_26' title='bbox 1573 827 1642 881; x_wconf 90' lang='lat' dir='ltr'>et</span> <span class='ocrx_word' id='word_1_27' title='bbox 1680 820 1995 882; x_wconf 91' lang='lat' dir='ltr'>moribus</span> <span class='ocrx_word' id='word_1_28' title='bbox 2034 817 2411 882; x_wconf 90' lang='lat' dir='ltr'>Societatis</span> <span class='ocrx_word' id='word_1_29' title='bbox 2448 830 2516 882; x_wconf 91' lang='lat' dir='ltr'>et</span> <span class='ocrx_word' id='word_1_30' title='bbox 2548 819 2633 882; x_wconf 92' lang='lat' dir='ltr'>de</span> <span class='ocrx_word' id='word_1_31' title='bbox 2670 819 2992 895; x_wconf 87' lang='lat' dir='ltr'>utilitate,</span> <span class='ocrx_word' id='word_1_32' title='bbox 3027 836 3212 898; x_wconf 90' lang='lat' dir='ltr'>quae</span> 
     </span>
     <span class='ocr_line' id='line_1_5' title="bbox 751 926 3220 1008; baseline -0 -19"><span class='ocrx_word' id='word_1_33' title='bbox 751 928 840 990; x_wconf 91' lang='lat' dir='ltr'>ab</span> <span class='ocrx_word' id='word_1_34' title='bbox 871 927 1027 1007; x_wconf 91' lang='lat' dir='ltr'>ipsa</span> <span class='ocrx_word' id='word_1_35' title='bbox 1056 926 1523 1003; x_wconf 75' lang='lat' dir='ltr'>redundabat,</span> <span class='ocrx_word' id='word_1_36' title='bbox 1556 937 1626 989; x_wconf 91' lang='lat' dir='ltr'>et</span> <span class='ocrx_word' id='word_1_37' title='bbox 1655 927 1747 990; x_wconf 91' lang='lat' dir='ltr'>ad</span> <span class='ocrx_word' id='word_1_38' title='bbox 1776 927 1914 990; x_wconf 89' lang='lat' dir='ltr'>hoc</span> <span class='ocrx_word' id='word_1_39' title='bbox 1944 927 2394 1007; x_wconf 89' lang='lat' dir='ltr'>Complutum</span> <span class='ocrx_word' id='word_1_40' title='bbox 2421 928 2781 1008; x_wconf 86' lang='lat' dir='ltr'>profectus</span> <span class='ocrx_word' id='word_1_41' title='bbox 2818 935 2927 990; x_wconf 91' lang='lat' dir='ltr'>est</span> <span class='ocrx_word' id='word_1_42' title='bbox 2968 926 3041 988; x_wconf 88' lang='lat' dir='ltr'>P.</span> <span class='ocrx_word' id='word_1_43' title='bbox 3076 926 3220 989; x_wconf 80' lang='lat' dir='ltr'>Ta·-</span> 
     </span>
     <span class='ocr_line' id='line_1_6' title="bbox 750 1034 1005 1098; baseline 0.008 -3"><span class='ocrx_word' id='word_1_44' title='bbox 750 1034 1005 1098; x_wconf 82' lang='lat' dir='ltr'>blareS.</span> 
     </span>
    </p>

    <p class='ocr_par' dir='ltr' id='par_1_3' title="bbox 750 1141 3229 3244">
     <span class='ocr_line' id='line_1_7' title="bbox 870 1141 3221 1223; baseline 0 -20"><span class='ocrx_word' id='word_1_45' title='bbox 870 1141 1013 1204; x_wconf 83' lang='lat'>517.</span> <span class='ocrx_word' id='word_1_46' title='bbox 1102 1141 1280 1205; x_wconf 89' lang='lat' dir='ltr'>Mire</span> <span class='ocrx_word' id='word_1_47' title='bbox 1310 1159 1486 1222; x_wconf 86' lang='lat' dir='ltr'>erga</span> <span class='ocrx_word' id='word_1_48' title='bbox 1512 1142 1592 1205; x_wconf 91' lang='lat' dir='ltr'>P.</span> <span class='ocrx_word' id='word_1_49' title='bbox 1625 1142 1979 1223; x_wconf 88' lang='lat' dir='ltr'>Ignatium</span> <span class='ocrx_word' id='word_1_50' title='bbox 2008 1154 2078 1206; x_wconf 91' lang='lat' dir='ltr'>et</span> <span class='ocrx_word' id='word_1_51' title='bbox 2107 1141 2538 1206; x_wconf 83' lang='lat' dir='ltr'>Societatem</span> <span class='ocrx_word' id='word_1_52' title='bbox 2567 1141 2862 1205; x_wconf 83' lang='lat' dir='ltr'>affectus</span> <span class='ocrx_word' id='word_1_53' title='bbox 2901 1151 3054 1204; x_wconf 90' lang='lat' dir='ltr'>erat</span> <span class='ocrx_word' id='word_1_54' title='bbox 3082 1142 3221 1205; x_wconf 47' lang='lat' dir='ltr'>Le*</span> 
     </span>
     <span class='ocr_line' id='line_1_8' title="bbox 751 1248 3218 1329; baseline 0 -18"><span class='ocrx_word' id='word_1_55' title='bbox 751 1258 966 1328; x_wconf 86' lang='lat' dir='ltr'>gatus</span> <span class='ocrx_word' id='word_1_56' title='bbox 994 1259 1064 1311; x_wconf 88' lang='lat' dir='ltr'>et</span> <span class='ocrx_word' id='word_1_57' title='bbox 1094 1248 1171 1311; x_wconf 90' lang='lat' dir='ltr'>P.</span> <span class='ocrx_word' id='word_1_58' title='bbox 1204 1250 1464 1329; x_wconf 86' lang='lat' dir='ltr'>Ignatii</span> <span class='ocrx_word' id='word_1_59' title='bbox 1500 1250 1755 1313; x_wconf 91' lang='lat' dir='ltr'>litteris</span> <span class='ocrx_word' id='word_1_60' title='bbox 1795 1267 2143 1314; x_wconf 91' lang='lat' dir='ltr'>summam</span> <span class='ocrx_word' id='word_1_61' title='bbox 2189 1251 2751 1313; x_wconf 83' lang='lat' dir='ltr'>consolationem</span> <span class='ocrx_word' id='word_1_62' title='bbox 2789 1249 3218 1329; x_wconf 85' lang='lat' dir='ltr'>accipiebat.-</span> 
     </span>
     <span class='ocr_line' id='line_1_9' title="bbox 750 1353 3214 1438; baseline 0.001 -21"><span class='ocrx_word' id='word_1_63' title='bbox 750 1354 1015 1434; x_wconf 87' lang='lat' dir='ltr'>Magno</span> <span class='ocrx_word' id='word_1_64' title='bbox 1044 1357 1106 1419; x_wconf 90' lang='lat' dir='ltr'>is</span> <span class='ocrx_word' id='word_1_65' title='bbox 1136 1357 1209 1419; x_wconf 91' lang='lat' dir='ltr'>in</span> <span class='ocrx_word' id='word_1_66' title='bbox 1237 1353 1507 1421; x_wconf 70' lang='lat' dir='ltr'>honore</span> <span class='ocrx_word' id='word_1_67' title='bbox 1535 1357 1725 1437; x_wconf 93' lang='lat' dir='ltr'>apud</span> <span class='ocrx_word' id='word_1_68' title='bbox 1762 1357 2191 1438; x_wconf 89' lang='lat' dir='ltr'>Philippum,</span> <span class='ocrx_word' id='word_1_69' title='bbox 2241 1356 2747 1437; x_wconf 86' lang='lat' dir='ltr'>Hispaniarum</span> <span class='ocrx_word' id='word_1_70' title='bbox 2784 1356 3214 1437; x_wconf 71' lang='lat' dir='ltr'>Principem,</span> 
     </span>
     <span class='ocr_line' id='line_1_10' title="bbox 750 1461 3212 1544; baseline 0 -20"><span class='ocrx_word' id='word_1_71' title='bbox 750 1461 1038 1543; x_wconf 87' lang='lat' dir='ltr'>ejusque</span> <span class='ocrx_word' id='word_1_72' title='bbox 1069 1464 1343 1528; x_wconf 90' lang='lat' dir='ltr'>curiam</span> <span class='ocrx_word' id='word_1_73' title='bbox 1371 1464 1654 1527; x_wconf 90' lang='lat' dir='ltr'>habitus</span> <span class='ocrx_word' id='word_1_74' title='bbox 1683 1474 1812 1527; x_wconf 91' lang='lat' dir='ltr'>est.</span> <span class='ocrx_word' id='word_1_75' title='bbox 1851 1463 2031 1528; x_wconf 91' lang='lat' dir='ltr'>Cum</span> <span class='ocrx_word' id='word_1_76' title='bbox 2061 1465 2384 1543; x_wconf 87' lang='lat' dir='ltr'>galerum</span> <span class='ocrx_word' id='word_1_77' title='bbox 2412 1466 2704 1527; x_wconf 91' lang='lat' dir='ltr'>rubrum</span> <span class='ocrx_word' id='word_1_78' title='bbox 2727 1463 2912 1527; x_wconf 91' lang='lat' dir='ltr'>idem</span> <span class='ocrx_word' id='word_1_79' title='bbox 2937 1464 3212 1544; x_wconf 90' lang='lat' dir='ltr'>accepit</span> 
     </span>
     <span class='ocr_line' id='line_1_11' title="bbox 753 1569 3228 1651; baseline 0.001 -19"><span class='ocrx_word' id='word_1_80' title='bbox 753 1570 1081 1633; x_wconf 91' lang='lat' dir='ltr'>Madridii</span> <span class='ocrx_word' id='word_1_81' title='bbox 1127 1572 1199 1634; x_wconf 91' lang='lat' dir='ltr'>in</span> <span class='ocrx_word' id='word_1_82' title='bbox 1228 1573 1488 1651; x_wconf 92' lang='lat' dir='ltr'>templo</span> <span class='ocrx_word' id='word_1_83' title='bbox 1517 1569 1635 1634; x_wconf 81' lang='lat' dir='ltr'>S.ti</span> <span class='ocrx_word' id='word_1_84' title='bbox 1687 1570 2132 1650; x_wconf 86' lang='lat' dir='ltr'>Hieronymi,</span> <span class='ocrx_word' id='word_1_85' title='bbox 2183 1571 2584 1650; x_wconf 87' lang='lat' dir='ltr'>Principem</span> <span class='ocrx_word' id='word_1_86' title='bbox 2623 1571 3024 1651; x_wconf 90' lang='lat' dir='ltr'>Philippum</span> <span class='ocrx_word' id='word_1_87' title='bbox 3051 1588 3228 1634; x_wconf 66' lang='lat' dir='ltr'>cum,</span> 
     </span>
     <span class='ocr_line' id='line_1_12' title="bbox 752 1678 3207 1757; baseline 0 -17"><span class='ocrx_word' id='word_1_88' title='bbox 752 1678 1165 1757; x_wconf 84' lang='lat' dir='ltr'>proceribus</span> <span class='ocrx_word' id='word_1_89' title='bbox 1203 1679 1468 1756; x_wconf 91' lang='lat' dir='ltr'>curiae,</span> <span class='ocrx_word' id='word_1_90' title='bbox 1513 1679 2018 1742; x_wconf 90' lang='lat' dir='ltr'>ecclesiasticis</span> <span class='ocrx_word' id='word_1_91' title='bbox 2062 1690 2131 1740; x_wconf 92' lang='lat' dir='ltr'>et</span> <span class='ocrx_word' id='word_1_92' title='bbox 2181 1680 2698 1757; x_wconf 81' lang='lat' dir='ltr'>saecularibuS,</span> <span class='ocrx_word' id='word_1_93' title='bbox 2733 1679 3083 1756; x_wconf 84' lang='lat' dir='ltr'>invitavit,</span> <span class='ocrx_word' id='word_1_94' title='bbox 3115 1688 3207 1755; x_wconf 93' lang='lat' dir='ltr'>et,</span> 
     </span>
     <span class='ocr_line' id='line_1_13' title="bbox 754 1784 3214 1865; baseline 0 -17"><span class='ocrx_word' id='word_1_95' title='bbox 754 1784 942 1865; x_wconf 93' lang='lat' dir='ltr'>quod</span> <span class='ocrx_word' id='word_1_96' title='bbox 972 1803 1336 1865; x_wconf 90' lang='lat' dir='ltr'>nunquam</span> <span class='ocrx_word' id='word_1_97' title='bbox 1364 1786 1596 1849; x_wconf 85' lang='lat' dir='ltr'>visum</span> <span class='ocrx_word' id='word_1_98' title='bbox 1626 1785 1857 1849; x_wconf 84' lang='lat' dir='ltr'>fuerat</span> <span class='ocrx_word' id='word_1_99' title='bbox 1895 1787 1968 1848; x_wconf 91' lang='lat' dir='ltr'>in</span> <span class='ocrx_word' id='word_1_100' title='bbox 2011 1786 2392 1865; x_wconf 83' lang='lat' dir='ltr'>Hispania,</span> <span class='ocrx_word' id='word_1_101' title='bbox 2435 1803 2681 1849; x_wconf 88' lang='lat' dir='ltr'>mensa</span> <span class='ocrx_word' id='word_1_102' title='bbox 2719 1786 2784 1849; x_wconf 86' lang='lat' dir='ltr'>ei</span> <span class='ocrx_word' id='word_1_103' title='bbox 2822 1787 3214 1848; x_wconf 90' lang='lat' dir='ltr'>communis</span> 
     </span>
     <span class='ocr_line' id='line_1_14' title="bbox 753 1890 3210 1973; baseline 0 -18"><span class='ocrx_word' id='word_1_104' title='bbox 753 1910 916 1955; x_wconf 90' lang='lat' dir='ltr'>cum</span> <span class='ocrx_word' id='word_1_105' title='bbox 953 1891 1282 1973; x_wconf 89' lang='lat' dir='ltr'>Principe</span> <span class='ocrx_word' id='word_1_106' title='bbox 1320 1893 1471 1971; x_wconf 88' lang='lat' dir='ltr'>fuit,</span> <span class='ocrx_word' id='word_1_107' title='bbox 1519 1902 1589 1956; x_wconf 92' lang='lat' dir='ltr'>et</span> <span class='ocrx_word' id='word_1_108' title='bbox 1629 1895 1748 1973; x_wconf 91' lang='lat' dir='ltr'>qui</span> <span class='ocrx_word' id='word_1_109' title='bbox 1788 1893 2101 1973; x_wconf 90' lang='lat' dir='ltr'>Principi</span> <span class='ocrx_word' id='word_1_110' title='bbox 2150 1894 2600 1957; x_wconf 86' lang='lat' dir='ltr'>ministrabat</span> <span class='ocrx_word' id='word_1_111' title='bbox 2629 1894 2992 1973; x_wconf 92' lang='lat' dir='ltr'>poculum,</span> <span class='ocrx_word' id='word_1_112' title='bbox 3039 1890 3210 1971; x_wconf 88' lang='lat' dir='ltr'>ejus·</span> 
     </span>
     <span class='ocr_line' id='line_1_15' title="bbox 754 1998 3215 2085; baseline -0 -23"><span class='ocrx_word' id='word_1_113' title='bbox 754 1998 914 2062; x_wconf 89' lang='lat' dir='ltr'>dem</span> <span class='ocrx_word' id='word_1_114' title='bbox 938 1999 1140 2080; x_wconf 88' lang='lat' dir='ltr'>jussu</span> <span class='ocrx_word' id='word_1_115' title='bbox 1174 2000 1448 2079; x_wconf 89' lang='lat' dir='ltr'>Legato</span> <span class='ocrx_word' id='word_1_116' title='bbox 1488 2001 1703 2063; x_wconf 89' lang='lat' dir='ltr'>etiam</span> <span class='ocrx_word' id='word_1_117' title='bbox 1742 2000 2222 2077; x_wconf 90' lang='lat' dir='ltr'>ministrabat,</span> <span class='ocrx_word' id='word_1_118' title='bbox 2266 2010 2335 2062; x_wconf 91' lang='lat' dir='ltr'>et</span> <span class='ocrx_word' id='word_1_119' title='bbox 2377 2002 2447 2064; x_wconf 92' lang='lat' dir='ltr'>in</span> <span class='ocrx_word' id='word_1_120' title='bbox 2487 2001 2716 2064; x_wconf 92' lang='lat' dir='ltr'>reditu</span> <span class='ocrx_word' id='word_1_121' title='bbox 2760 2002 3215 2085; x_wconf 86' lang='lat' dir='ltr'>observatum</span> 
     </span>
     <span class='ocr_line' id='line_1_16' title="bbox 752 2106 3222 2189; baseline 0 -20"><span class='ocrx_word' id='word_1_122' title='bbox 752 2107 965 2169; x_wconf 91' lang='lat' dir='ltr'>etiam</span> <span class='ocrx_word' id='word_1_123' title='bbox 994 2117 1101 2171; x_wconf 90' lang='lat' dir='ltr'>est</span> <span class='ocrx_word' id='word_1_124' title='bbox 1133 2109 1321 2189; x_wconf 92' lang='lat' dir='ltr'>quod</span> <span class='ocrx_word' id='word_1_125' title='bbox 1349 2106 1691 2189; x_wconf 89' lang='lat' dir='ltr'>Princeps</span> <span class='ocrx_word' id='word_1_126' title='bbox 1719 2108 1820 2170; x_wconf 94' lang='lat' dir='ltr'>illi</span> <span class='ocrx_word' id='word_1_127' title='bbox 1850 2118 2064 2188; x_wconf 91' lang='lat' dir='ltr'>caput</span> <span class='ocrx_word' id='word_1_128' title='bbox 2093 2108 2400 2188; x_wconf 90' lang='lat' dir='ltr'>aperiret</span> <span class='ocrx_word' id='word_1_129' title='bbox 2429 2117 2500 2170; x_wconf 91' lang='lat' dir='ltr'>et</span> <span class='ocrx_word' id='word_1_130' title='bbox 2522 2116 2969 2188; x_wconf 85' lang='lat' dir='ltr'>exspectaret</span> <span class='ocrx_word' id='word_1_131' title='bbox 2991 2107 3222 2171; x_wconf 84' lang='lat' dir='ltr'>donec</span> 
     </span>
     <span class='ocr_line' id='line_1_17' title="bbox 754 2214 3222 2295; baseline 0 -19"><span class='ocrx_word' id='word_1_132' title='bbox 754 2214 905 2294; x_wconf 92' lang='lat' dir='ltr'>ipse</span> <span class='ocrx_word' id='word_1_133' title='bbox 935 2216 1201 2278; x_wconf 90' lang='lat' dir='ltr'>mulam</span> <span class='ocrx_word' id='word_1_134' title='bbox 1240 2215 1783 2294; x_wconf 87' lang='lat' dir='ltr'>conscenderet,</span> <span class='ocrx_word' id='word_1_135' title='bbox 1835 2224 1940 2292; x_wconf 95' lang='lat' dir='ltr'>et,</span> <span class='ocrx_word' id='word_1_136' title='bbox 1985 2233 2146 2278; x_wconf 91' lang='lat' dir='ltr'>cum</span> <span class='ocrx_word' id='word_1_137' title='bbox 2192 2214 2619 2279; x_wconf 90' lang='lat' dir='ltr'>Madridium</span> <span class='ocrx_word' id='word_1_138' title='bbox 2656 2224 3076 2295; x_wconf 87' lang='lat' dir='ltr'>perventum</span> <span class='ocrx_word' id='word_1_139' title='bbox 3112 2231 3222 2276; x_wconf 83' lang='lat' dir='ltr'>es·</span> 
     </span>
     <span class='ocr_line' id='line_1_18' title="bbox 754 2321 3228 2403; baseline 0 -20"><span class='ocrx_word' id='word_1_140' title='bbox 754 2330 883 2399; x_wconf 90' lang='lat' dir='ltr'>set,</span> <span class='ocrx_word' id='word_1_141' title='bbox 920 2322 1331 2402; x_wconf 88' lang='lat' dir='ltr'>aliquandiu</span> <span class='ocrx_word' id='word_1_142' title='bbox 1360 2335 1573 2403; x_wconf 91' lang='lat' dir='ltr'>caput</span> <span class='ocrx_word' id='word_1_143' title='bbox 1615 2333 1942 2403; x_wconf 89' lang='lat' dir='ltr'>apertum</span> <span class='ocrx_word' id='word_1_144' title='bbox 1983 2339 2226 2385; x_wconf 88' lang='lat' dir='ltr'>coram</span> <span class='ocrx_word' id='word_1_145' title='bbox 2256 2323 2410 2402; x_wconf 91' lang='lat' dir='ltr'>ipso</span> <span class='ocrx_word' id='word_1_146' title='bbox 2448 2323 2787 2403; x_wconf 88' lang='lat' dir='ltr'>Princeps</span> <span class='ocrx_word' id='word_1_147' title='bbox 2815 2321 3091 2399; x_wconf 87' lang='lat' dir='ltr'>habuit,</span> <span class='ocrx_word' id='word_1_148' title='bbox 3122 2331 3228 2399; x_wconf 65' lang='lat' dir='ltr'>et,</span> 
     </span>
     <span class='ocr_line' id='line_1_19' title="bbox 755 2428 3218 2510; baseline 0 -20"><span class='ocrx_word' id='word_1_149' title='bbox 755 2445 915 2491; x_wconf 93' lang='lat' dir='ltr'>cum</span> <span class='ocrx_word' id='word_1_150' title='bbox 944 2428 1057 2491; x_wconf 90' lang='lat' dir='ltr'>die</span> <span class='ocrx_word' id='word_1_151' title='bbox 1087 2428 1176 2491; x_wconf 92' lang='lat' dir='ltr'>D.</span> <span class='ocrx_word' id='word_1_152' title='bbox 1209 2429 1523 2492; x_wconf 91' lang='lat' dir='ltr'>Mathiae</span> <span class='ocrx_word' id='word_1_153' title='bbox 1554 2447 1762 2493; x_wconf 88' lang='lat' dir='ltr'>sacro</span> <span class='ocrx_word' id='word_1_154' title='bbox 1796 2440 2139 2510; x_wconf 89' lang='lat' dir='ltr'>tanquam</span> <span class='ocrx_word' id='word_1_155' title='bbox 2180 2430 2493 2509; x_wconf 87' lang='lat' dir='ltr'>Legatus</span> <span class='ocrx_word' id='word_1_156' title='bbox 2531 2429 2957 2493; x_wconf 90' lang='lat' dir='ltr'>Madridium</span> <span class='ocrx_word' id='word_1_157' title='bbox 2991 2429 3218 2508; x_wconf 82' lang='lat' dir='ltr'>ingre-</span> 
     </span>
     <span class='ocr_line' id='line_1_20' title="bbox 756 2534 3225 2616; baseline 0 -20"><span class='ocrx_word' id='word_1_158' title='bbox 756 2534 1061 2614; x_wconf 89' lang='lat' dir='ltr'>deretur,</span> <span class='ocrx_word' id='word_1_159' title='bbox 1096 2534 1437 2616; x_wconf 91' lang='lat' dir='ltr'>Princeps</span> <span class='ocrx_word' id='word_1_160' title='bbox 1466 2537 1559 2600; x_wconf 90' lang='lat' dir='ltr'>ad</span> <span class='ocrx_word' id='word_1_161' title='bbox 1588 2554 1752 2599; x_wconf 91' lang='lat' dir='ltr'>eum</span> <span class='ocrx_word' id='word_1_162' title='bbox 1781 2536 2277 2616; x_wconf 87' lang='lat' dir='ltr'>excipiendum</span> <span class='ocrx_word' id='word_1_163' title='bbox 2307 2546 2512 2599; x_wconf 84' lang='lat' dir='ltr'>extra</span> <span class='ocrx_word' id='word_1_164' title='bbox 2536 2536 2869 2616; x_wconf 92' lang='lat' dir='ltr'>oppidum</span> <span class='ocrx_word' id='word_1_165' title='bbox 2893 2552 3225 2615; x_wconf 86' lang='lat' dir='ltr'>egressus</span> 
     </span>
     <span class='ocr_line' id='line_1_21' title="bbox 755 2641 3224 2723; baseline -0 -19"><span class='ocrx_word' id='word_1_166' title='bbox 755 2651 884 2705; x_wconf 89' lang='lat' dir='ltr'>est.</span> <span class='ocrx_word' id='word_1_167' title='bbox 921 2641 1265 2721; x_wconf 87' lang='lat' dir='ltr'>Quamvis</span> <span class='ocrx_word' id='word_1_168' title='bbox 1296 2653 1532 2706; x_wconf 91' lang='lat' dir='ltr'>autem</span> <span class='ocrx_word' id='word_1_169' title='bbox 1562 2643 1953 2706; x_wconf 90' lang='lat' dir='ltr'>honoribus</span> <span class='ocrx_word' id='word_1_170' title='bbox 1996 2641 2402 2723; x_wconf 85' lang='lat' dir='ltr'>hujusmodi</span> <span class='ocrx_word' id='word_1_171' title='bbox 2443 2642 2739 2705; x_wconf 86' lang='lat' dir='ltr'>affectus</span> <span class='ocrx_word' id='word_1_172' title='bbox 2777 2651 2963 2705; x_wconf 91' lang='lat' dir='ltr'>esset</span> <span class='ocrx_word' id='word_1_173' title='bbox 2999 2642 3224 2721; x_wconf 88' lang='lat' dir='ltr'>Lega-</span> 
     </span>
     <span class='ocr_line' id='line_1_22' title="bbox 756 2749 3225 2831; baseline 0 -20"><span class='ocrx_word' id='word_1_174' title='bbox 756 2762 900 2827; x_wconf 78' lang='lat' dir='ltr'>tuS,</span> <span class='ocrx_word' id='word_1_175' title='bbox 945 2750 1267 2813; x_wconf 91' lang='lat' dir='ltr'>eamdem</span> <span class='ocrx_word' id='word_1_176' title='bbox 1305 2752 1569 2813; x_wconf 88' lang='lat' dir='ltr'>nostris</span> <span class='ocrx_word' id='word_1_177' title='bbox 1609 2751 2167 2814; x_wconf 87' lang='lat' dir='ltr'>familiaritatem</span> <span class='ocrx_word' id='word_1_178' title='bbox 2198 2761 2266 2814; x_wconf 90' lang='lat' dir='ltr'>et</span> <span class='ocrx_word' id='word_1_179' title='bbox 2309 2751 2730 2813; x_wconf 91' lang='lat' dir='ltr'>charitatem</span> <span class='ocrx_word' id='word_1_180' title='bbox 2769 2767 2979 2831; x_wconf 91' lang='lat' dir='ltr'>quam</span> <span class='ocrx_word' id='word_1_181' title='bbox 3027 2749 3225 2829; x_wconf 91' lang='lat' dir='ltr'>prius</span> 
     </span>
     <span class='ocr_line' id='line_1_23' title="bbox 755 2857 3225 2939; baseline 0 -19"><span class='ocrx_word' id='word_1_182' title='bbox 755 2874 1032 2938; x_wconf 91' lang='lat' dir='ltr'>semper</span> <span class='ocrx_word' id='word_1_183' title='bbox 1056 2857 1393 2936; x_wconf 83' lang='lat' dir='ltr'>exhibuit,</span> <span class='ocrx_word' id='word_1_184' title='bbox 1425 2868 1496 2921; x_wconf 91' lang='lat' dir='ltr'>et</span> <span class='ocrx_word' id='word_1_185' title='bbox 1520 2857 1595 2922; x_wconf 94' lang='lat' dir='ltr'>P.</span> <span class='ocrx_word' id='word_1_186' title='bbox 1631 2858 1909 2938; x_wconf 85' lang='lat' dir='ltr'>Ignatio</span> <span class='ocrx_word' id='word_1_187' title='bbox 1943 2859 2227 2938; x_wconf 89' lang='lat' dir='ltr'>scripsit</span> <span class='ocrx_word' id='word_1_188' title='bbox 2263 2871 2339 2920; x_wconf 92' lang='lat' dir='ltr'>ut</span> <span class='ocrx_word' id='word_1_189' title='bbox 2371 2859 2503 2921; x_wconf 91' lang='lat' dir='ltr'>sibi</span> <span class='ocrx_word' id='word_1_190' title='bbox 2535 2868 2731 2921; x_wconf 89' lang='lat' dir='ltr'>certo</span> <span class='ocrx_word' id='word_1_191' title='bbox 2767 2858 3225 2939; x_wconf 90' lang='lat' dir='ltr'>persuaderet</span> 
     </span>
     <span class='ocr_line' id='line_1_24' title="bbox 758 2964 3227 3045; baseline -0.001 -18"><span class='ocrx_word' id='word_1_192' title='bbox 758 2964 968 3045; x_wconf 92' lang='lat' dir='ltr'>quod,</span> <span class='ocrx_word' id='word_1_193' title='bbox 997 2965 1330 3044; x_wconf 89' lang='lat' dir='ltr'>quamdiu</span> <span class='ocrx_word' id='word_1_194' title='bbox 1372 2967 1444 3028; x_wconf 91' lang='lat' dir='ltr'>in</span> <span class='ocrx_word' id='word_1_195' title='bbox 1481 2965 1829 3045; x_wconf 87' lang='lat' dir='ltr'>Hispania</span> <span class='ocrx_word' id='word_1_196' title='bbox 1858 2974 2296 3044; x_wconf 87' lang='lat' dir='ltr'>versaretur,</span> <span class='ocrx_word' id='word_1_197' title='bbox 2333 2975 2455 3028; x_wconf 92' lang='lat' dir='ltr'>aut</span> <span class='ocrx_word' id='word_1_198' title='bbox 2485 2983 2600 3028; x_wconf 88' lang='lat' dir='ltr'>res</span> <span class='ocrx_word' id='word_1_199' title='bbox 2629 2964 3004 3028; x_wconf 88' lang='lat' dir='ltr'>Societatis</span> <span class='ocrx_word' id='word_1_200' title='bbox 3029 2964 3227 3027; x_wconf 89' lang='lat' dir='ltr'>favo-</span> 
     </span>
     <span class='ocr_line' id='line_1_25' title="bbox 758 3071 3229 3151; baseline -0 -17"><span class='ocrx_word' id='word_1_201' title='bbox 758 3089 910 3135; x_wconf 87' lang='lat' dir='ltr'>rem</span> <span class='ocrx_word' id='word_1_202' title='bbox 953 3081 1155 3134; x_wconf 87' lang='lat' dir='ltr'>erant</span> <span class='ocrx_word' id='word_1_203' title='bbox 1186 3071 1587 3151; x_wconf 89' lang='lat' dir='ltr'>habiturae,</span> <span class='ocrx_word' id='word_1_204' title='bbox 1632 3081 1756 3136; x_wconf 87' lang='lat' dir='ltr'>aut</span> <span class='ocrx_word' id='word_1_205' title='bbox 1804 3072 2103 3151; x_wconf 90' lang='lat' dir='ltr'>ipsemet</span> <span class='ocrx_word' id='word_1_206' title='bbox 2141 3073 2455 3151; x_wconf 87' lang='lat' dir='ltr'>Legatus</span> <span class='ocrx_word' id='word_1_207' title='bbox 2498 3071 2820 3135; x_wconf 82' lang='lat' dir='ltr'>favorem</span> <span class='ocrx_word' id='word_1_208' title='bbox 2858 3071 3229 3134; x_wconf 90' lang='lat' dir='ltr'>habiturus</span> 
     </span>
     <span class='ocr_line' id='line_1_26' title="bbox 757 3178 1186 3244; baseline 0.005 -2"><span class='ocrx_word' id='word_1_209' title='bbox 757 3196 905 3242; x_wconf 91' lang='lat' dir='ltr'>non</span> <span class='ocrx_word' id='word_1_210' title='bbox 947 3189 1101 3243; x_wconf 91' lang='lat' dir='ltr'>erat</span> <span class='ocrx_word' id='word_1_211' title='bbox 1143 3178 1186 3244; x_wconf 88' lang='lat'>¹.</span> 
     </span>
    </p>

    <p class='ocr_par' dir='ltr' id='par_1_4' title="bbox 760 3283 3233 4007">
     <span class='ocr_line' id='line_1_27' title="bbox 876 3283 3227 3368; baseline -0 -20"><span class='ocrx_word' id='word_1_212' title='bbox 876 3285 1018 3350; x_wconf 88' lang='lat'>518.</span> <span class='ocrx_word' id='word_1_213' title='bbox 1104 3287 1261 3350; x_wconf 93' lang='lat' dir='ltr'>Hoc</span> <span class='ocrx_word' id='word_1_214' title='bbox 1310 3297 1628 3368; x_wconf 89' lang='lat' dir='ltr'>tempore</span> <span class='ocrx_word' id='word_1_215' title='bbox 1676 3287 2029 3367; x_wconf 86' lang='lat' dir='ltr'>Segoviae</span> <span class='ocrx_word' id='word_1_216' title='bbox 2075 3287 2426 3350; x_wconf 91' lang='lat' dir='ltr'>Dominus</span> <span class='ocrx_word' id='word_1_217' title='bbox 2463 3287 2869 3350; x_wconf 89' lang='lat' dir='ltr'>Ludovicus</span> <span class='ocrx_word' id='word_1_218' title='bbox 2913 3285 2999 3348; x_wconf 91' lang='lat' dir='ltr'>de</span> <span class='ocrx_word' id='word_1_219' title='bbox 3037 3283 3227 3347; x_wconf 93' lang='lat' dir='ltr'>Men·</span> 
     </span>
     <span class='ocr_line' id='line_1_28' title="bbox 760 3392 3229 3474; baseline 0.001 -20"><span class='ocrx_word' id='word_1_220' title='bbox 760 3392 972 3473; x_wconf 90' lang='lat' dir='ltr'>doza,</span> <span class='ocrx_word' id='word_1_221' title='bbox 1027 3393 1196 3457; x_wconf 91' lang='lat' dir='ltr'>dum</span> <span class='ocrx_word' id='word_1_222' title='bbox 1244 3411 1345 3474; x_wconf 35' lang='lat' dir='ltr'>se·</span> <span class='ocrx_word' id='word_1_223' title='bbox 1373 3393 1707 3474; x_wconf 86' lang='lat' dir='ltr'>expedire</span> <span class='ocrx_word' id='word_1_224' title='bbox 1756 3394 2112 3457; x_wconf 91' lang='lat' dir='ltr'>nitebatur</span> <span class='ocrx_word' id='word_1_225' title='bbox 2154 3402 2469 3474; x_wconf 80' lang='lat' dir='ltr'>paratuS,</span> <span class='ocrx_word' id='word_1_226' title='bbox 2508 3402 2584 3456; x_wconf 91' lang='lat' dir='ltr'>ut</span> <span class='ocrx_word' id='word_1_227' title='bbox 2632 3394 2783 3473; x_wconf 91' lang='lat' dir='ltr'>ipse</span> <span class='ocrx_word' id='word_1_228' title='bbox 2833 3392 3098 3469; x_wconf 87' lang='lat' dir='ltr'>scribit,</span> <span class='ocrx_word' id='word_1_229' title='bbox 3151 3401 3229 3456; x_wconf 91' lang='lat' dir='ltr'>ut</span> 
     </span>
     <span class='ocr_line' id='line_1_29' title="bbox 761 3498 3231 3581; baseline 0.001 -20"><span class='ocrx_word' id='word_1_230' title='bbox 761 3498 1013 3562; x_wconf 89' lang='lat' dir='ltr'>deinde</span> <span class='ocrx_word' id='word_1_231' title='bbox 1042 3501 1134 3563; x_wconf 93' lang='lat' dir='ltr'>ad</span> <span class='ocrx_word' id='word_1_232' title='bbox 1174 3501 1391 3581; x_wconf 90' lang='lat' dir='ltr'>pedes</span> <span class='ocrx_word' id='word_1_233' title='bbox 1428 3500 1505 3563; x_wconf 91' lang='lat' dir='ltr'>P.</span> <span class='ocrx_word' id='word_1_234' title='bbox 1550 3501 1806 3580; x_wconf 86' lang='lat' dir='ltr'>Ignatii</span> <span class='ocrx_word' id='word_1_235' title='bbox 1844 3500 2149 3563; x_wconf 89' lang='lat' dir='ltr'>Romam</span> <span class='ocrx_word' id='word_1_236' title='bbox 2186 3501 2482 3579; x_wconf 91' lang='lat' dir='ltr'>rediret,</span> <span class='ocrx_word' id='word_1_237' title='bbox 2527 3501 2814 3563; x_wconf 90' lang='lat' dir='ltr'>hortum</span> <span class='ocrx_word' id='word_1_238' title='bbox 2851 3499 3231 3580; x_wconf 87' lang='lat' dir='ltr'>quemdam</span> 
     </span>
     <span class='ocr_line' id='line_1_30' title="bbox 763 3605 3230 3686; baseline 0 -18"><span class='ocrx_word' id='word_1_239' title='bbox 763 3608 1237 3670; x_wconf 85' lang='lat' dir='ltr'>concinnabat</span> <span class='ocrx_word' id='word_1_240' title='bbox 1267 3609 1454 3670; x_wconf 90' lang='lat' dir='ltr'>intra</span> <span class='ocrx_word' id='word_1_241' title='bbox 1484 3609 1678 3670; x_wconf 91' lang='lat' dir='ltr'>illam</span> <span class='ocrx_word' id='word_1_242' title='bbox 1709 3607 2074 3670; x_wconf 90' lang='lat' dir='ltr'>civitatem</span> <span class='ocrx_word' id='word_1_243' title='bbox 2106 3617 2173 3670; x_wconf 93' lang='lat' dir='ltr'>et</span> <span class='ocrx_word' id='word_1_244' title='bbox 2203 3608 2275 3670; x_wconf 91' lang='lat' dir='ltr'>in</span> <span class='ocrx_word' id='word_1_245' title='bbox 2301 3608 2568 3686; x_wconf 90' lang='lat' dir='ltr'>optimo</span> <span class='ocrx_word' id='word_1_246' title='bbox 2608 3605 2758 3686; x_wconf 89' lang='lat' dir='ltr'>ejus</span> <span class='ocrx_word' id='word_1_247' title='bbox 2798 3608 2987 3685; x_wconf 93' lang='lat' dir='ltr'>loco,</span> <span class='ocrx_word' id='word_1_248' title='bbox 3020 3621 3230 3686; x_wconf 91' lang='lat' dir='ltr'>quem</span> 
     </span>
     <span class='ocr_line' id='line_1_31' title="bbox 764 3712 3232 3794; baseline -0 -18"><span class='ocrx_word' id='word_1_249' title='bbox 764 3713 1102 3778; x_wconf 88' lang='lat' dir='ltr'>Societati</span> <span class='ocrx_word' id='word_1_250' title='bbox 1131 3715 1363 3794; x_wconf 90' lang='lat' dir='ltr'>daret,</span> <span class='ocrx_word' id='word_1_251' title='bbox 1398 3732 1614 3794; x_wconf 90' lang='lat' dir='ltr'>quam</span> <span class='ocrx_word' id='word_1_252' title='bbox 1650 3714 1724 3777; x_wconf 89' lang='lat' dir='ltr'>in</span> <span class='ocrx_word' id='word_1_253' title='bbox 1761 3713 1995 3778; x_wconf 90' lang='lat' dir='ltr'>medio</span> <span class='ocrx_word' id='word_1_254' title='bbox 2036 3714 2251 3777; x_wconf 92' lang='lat' dir='ltr'>corde</span> <span class='ocrx_word' id='word_1_255' title='bbox 2289 3731 2568 3794; x_wconf 89' lang='lat' dir='ltr'>semper</span> <span class='ocrx_word' id='word_1_256' title='bbox 2607 3715 2935 3777; x_wconf 89' lang='lat' dir='ltr'>habebat.</span> <span class='ocrx_word' id='word_1_257' title='bbox 2977 3712 3232 3776; x_wconf 87' lang='lat' dir='ltr'>Neces-</span> 
     </span>
     <span class='ocr_line' id='line_1_32' title="bbox 769 3819 3232 3901; baseline -0 -18"><span class='ocrx_word' id='word_1_258' title='bbox 769 3821 960 3884; x_wconf 90' lang='lat' dir='ltr'>saria</span> <span class='ocrx_word' id='word_1_259' title='bbox 989 3821 1206 3884; x_wconf 89' lang='lat' dir='ltr'>etiam</span> <span class='ocrx_word' id='word_1_260' title='bbox 1233 3821 1325 3883; x_wconf 91' lang='lat' dir='ltr'>ad</span> <span class='ocrx_word' id='word_1_261' title='bbox 1354 3821 1628 3901; x_wconf 90' lang='lat' dir='ltr'>aliquos</span> <span class='ocrx_word' id='word_1_262' title='bbox 1657 3821 1745 3883; x_wconf 91' lang='lat' dir='ltr'>de</span> <span class='ocrx_word' id='word_1_263' title='bbox 1773 3819 2153 3899; x_wconf 76' lang='lat' dir='ltr'>societate,</span> <span class='ocrx_word' id='word_1_264' title='bbox 2185 3822 2467 3884; x_wconf 91' lang='lat' dir='ltr'>interim</span> <span class='ocrx_word' id='word_1_265' title='bbox 2497 3822 2664 3884; x_wconf 93' lang='lat' dir='ltr'>dum</span> <span class='ocrx_word' id='word_1_266' title='bbox 2694 3820 3088 3900; x_wconf 85' lang='lat' dir='ltr'>Collegium</span> <span class='ocrx_word' id='word_1_267' title='bbox 3117 3819 3232 3882; x_wconf 88' lang='lat' dir='ltr'>fie-</span> 
     </span>
     <span class='ocr_line' id='line_1_33' title="bbox 765 3925 3233 4007; baseline -0 -18"><span class='ocrx_word' id='word_1_268' title='bbox 765 3927 907 4007; x_wconf 87' lang='lat' dir='ltr'>bat,</span> <span class='ocrx_word' id='word_1_269' title='bbox 942 3927 1040 3990; x_wconf 93' lang='lat' dir='ltr'>ibi</span> <span class='ocrx_word' id='word_1_270' title='bbox 1068 3927 1364 3990; x_wconf 90' lang='lat' dir='ltr'>alendos</span> <span class='ocrx_word' id='word_1_271' title='bbox 1392 3928 1599 3990; x_wconf 91' lang='lat' dir='ltr'>simul</span> <span class='ocrx_word' id='word_1_272' title='bbox 1629 3945 1790 3990; x_wconf 92' lang='lat' dir='ltr'>cum</span> <span class='ocrx_word' id='word_1_273' title='bbox 1820 3927 2030 3991; x_wconf 91' lang='lat' dir='ltr'>domo</span> <span class='ocrx_word' id='word_1_274' title='bbox 2060 3927 2427 4003; x_wconf 87' lang='lat' dir='ltr'>offerebat;</span> <span class='ocrx_word' id='word_1_275' title='bbox 2461 3945 2547 3990; x_wconf 94' lang='lat' dir='ltr'>ac</span> <span class='ocrx_word' id='word_1_276' title='bbox 2577 3927 2859 3990; x_wconf 89' lang='lat' dir='ltr'>demum</span> <span class='ocrx_word' id='word_1_277' title='bbox 2896 3925 3233 4007; x_wconf 90' lang='lat' dir='ltr'>quidquid</span> 
     </span>
    </p>
   </div>
   <div class='ocr_carea' id='block_1_3' title="bbox 765 4031 3238 4204">
    <p class='ocr_par' dir='ltr' id='par_1_5' title="bbox 765 4031 3238 4204">
     <span class='ocr_line' id='line_1_34' title="bbox 765 4031 3238 4114; baseline -0 -18"><span class='ocrx_word' id='word_1_278' title='bbox 765 4034 1093 4114; x_wconf 86' lang='lat' dir='ltr'>habebat,</span> <span class='ocrx_word' id='word_1_279' title='bbox 1143 4034 1215 4097; x_wconf 92' lang='lat' dir='ltr'>in</span> <span class='ocrx_word' id='word_1_280' title='bbox 1264 4031 1641 4097; x_wconf 90' lang='lat' dir='ltr'>Societatis</span> <span class='ocrx_word' id='word_1_281' title='bbox 1691 4051 1897 4097; x_wconf 91' lang='lat' dir='ltr'>usum</span> <span class='ocrx_word' id='word_1_282' title='bbox 1948 4053 2023 4097; x_wconf 93' lang='lat' dir='ltr'>se</span> <span class='ocrx_word' id='word_1_283' title='bbox 2075 4034 2474 4114; x_wconf 84' lang='lat' dir='ltr'>expendere</span> <span class='ocrx_word' id='word_1_284' title='bbox 2523 4036 2704 4098; x_wconf 89' lang='lat' dir='ltr'>velle</span> <span class='ocrx_word' id='word_1_285' title='bbox 2752 4035 3004 4097; x_wconf 92' lang='lat' dir='ltr'>litteris</span> <span class='ocrx_word' id='word_1_286' title='bbox 3053 4032 3238 4096; x_wconf 88' lang='lat' dir='ltr'>affir-</span> 
     </span>
     <span class='ocr_line' id='line_1_35' title="bbox 769 4139 1087 4204; baseline -0.009 0"><span class='ocrx_word' id='word_1_287' title='bbox 769 4142 1013 4204; x_wconf 91' lang='lat' dir='ltr'>mabat</span> <span class='ocrx_word' id='word_1_288' title='bbox 1042 4139 1087 4201; x_wconf 73' lang='lat'>³.</span> 
     </span>
    </p>
   </div>
   <div class='ocr_carea' id='block_1_4' title="bbox 778 4309 1196 4320">
    <p class='ocr_par' dir='ltr' id='par_1_6' title="bbox 778 4309 1196 4320">
     <span class='ocr_line' id='line_1_36' title="bbox 778 4309 1196 4320; baseline 0 1094"><span class='ocrx_word' id='word_1_289' title='bbox 778 4309 1196 4320; x_wconf 95' lang='lat' dir='ltr'> </span> 
     </span>
    </p>
   </div>
   <div class='ocr_carea' id='block_1_5' title="bbox 775 4417 3248 4762">
    <p class='ocr_par' dir='ltr' id='par_1_7' title="bbox 775 4417 3248 4615">
     <span class='ocr_line' id='line_1_37' title="bbox 855 4417 3248 4474; baseline 0 -13"><span class='ocrx_word' id='word_1_290' title='bbox 855 4419 872 4451; x_wconf 84' lang='lat'>¹</span> <span class='ocrx_word' id='word_1_291' title='bbox 930 4418 1167 4473; x_wconf 80' lang='lat' dir='ltr'>Ignatius</span> <span class='ocrx_word' id='word_1_292' title='bbox 1194 4419 1389 4462; x_wconf 86' lang='lat' dir='ltr'>Nuncio</span> <span class='ocrx_word' id='word_1_293' title='bbox 1418 4418 1637 4472; x_wconf 75' lang='lat' dir='ltr'>Poggio,</span> <span class='ocrx_word' id='word_1_294' title='bbox 1667 4418 1891 4462; x_wconf 84' lang='lat' dir='ltr'>officiose</span> <span class='ocrx_word' id='word_1_295' title='bbox 1908 4451 1918 4470; x_wconf 93' lang='lat'>,</span> <span class='ocrx_word' id='word_1_296' title='bbox 1951 4419 1979 4461; x_wconf 88' lang='grc'>3</span> <span class='ocrx_word' id='word_1_297' title='bbox 2007 4418 2168 4471; x_wconf 79' lang='lat' dir='ltr'>junii:</span> <span class='ocrx_word' id='word_1_298' title='bbox 2205 4419 2338 4462; x_wconf 88' lang='lat' dir='ltr'>idem</span> <span class='ocrx_word' id='word_1_299' title='bbox 2371 4419 2740 4474; x_wconf 75' lang='lat' dir='ltr'>Hispaniarum</span> <span class='ocrx_word' id='word_1_300' title='bbox 2775 4417 2999 4473; x_wconf 88' lang='lat' dir='ltr'>Principi</span> <span class='ocrx_word' id='word_1_301' title='bbox 3034 4419 3248 4473; x_wconf 63' lang='lat' dir='ltr'>gratia</span> 
     </span>
     <span class='ocr_line' id='line_1_38' title="bbox 775 4489 3221 4543; baseline 0 -11"><span class='ocrx_word' id='word_1_302' title='bbox 775 4500 952 4543; x_wconf 76' lang='lat' dir='ltr'>agens,</span> <span class='ocrx_word' id='word_1_303' title='bbox 976 4491 995 4532; x_wconf 90' lang='lat'>1</span> <span class='ocrx_word' id='word_1_304' title='bbox 1018 4489 1171 4542; x_wconf 77' lang='lat' dir='ltr'>Junii3</span> <span class='ocrx_word' id='word_1_305' title='bbox 1194 4490 1328 4533; x_wconf 85' lang='lat' dir='ltr'>idem</span> <span class='ocrx_word' id='word_1_306' title='bbox 1348 4489 1602 4543; x_wconf 85' lang='lat' dir='ltr'>Principis</span> <span class='ocrx_word' id='word_1_307' title='bbox 1623 4489 1934 4543; x_wconf 83' lang='lat' dir='ltr'>Secretario,</span> <span class='ocrx_word' id='word_1_308' title='bbox 1957 4490 2277 4534; x_wconf 83' lang='lat' dir='ltr'>Gundisalvo</span> <span class='ocrx_word' id='word_1_309' title='bbox 2297 4490 2472 4534; x_wconf 85' lang='lat' dir='ltr'>Perez.</span> <span class='ocrx_word' id='word_1_310' title='bbox 2489 4491 2555 4534; x_wconf 90' lang='lat' dir='ltr'>V.</span> <span class='ocrx_word' id='word_1_311' title='bbox 2574 4492 2765 4535; x_wconf 80' lang='lat' dir='ltr'>Cartas</span> <span class='ocrx_word' id='word_1_312' title='bbox 2783 4492 2849 4534; x_wconf 82' lang='lat' dir='ltr'>de</span> <span class='ocrx_word' id='word_1_313' title='bbox 2873 4490 2983 4534; x_wconf 84' lang='lat' dir='ltr'>San</span> <span class='ocrx_word' id='word_1_314' title='bbox 3003 4489 3221 4543; x_wconf 71' lang='lat' dir='ltr'>lgnacio</span> 
     </span>
     <span class='ocr_line' id='line_1_39' title="bbox 777 4561 3101 4615; baseline -0.002 -11"><span class='ocrx_word' id='word_1_315' title='bbox 777 4566 815 4605; x_wconf 89' lang='lat' dir='ltr'>t.</span> <span class='ocrx_word' id='word_1_316' title='bbox 837 4571 909 4614; x_wconf 87' lang='lat'>111,</span> <span class='ocrx_word' id='word_1_317' title='bbox 930 4572 1050 4615; x_wconf 80' lang='lat' dir='ltr'>pag.</span> <span class='ocrx_word' id='word_1_318' title='bbox 1070 4561 1125 4604; x_wconf 89' lang='lat'>72</span> <span class='ocrx_word' id='word_1_319' title='bbox 1143 4568 1195 4604; x_wconf 88' lang='lat' dir='ltr'>et</span> <span class='ocrx_word' id='word_1_320' title='bbox 1214 4561 1285 4604; x_wconf 82' lang='lat'>83.</span> <span class='ocrx_word' id='word_1_321' title='bbox 3097 4581 3101 4583; x_wconf 32' lang='lat' dir='ltr'>v</span> 
     </span>
    </p>

    <p class='ocr_par' dir='ltr' id='par_1_8' title="bbox 778 4630 3248 4762">
     <span class='ocr_line' id='line_1_40' title="bbox 856 4630 3240 4693; baseline 0.001 -20"><span class='ocrx_word' id='word_1_322' title='bbox 856 4632 879 4663; x_wconf 76' lang='lat'><strong>¹</strong></span> <span class='ocrx_word' id='word_1_323' title='bbox 933 4631 1203 4685; x_wconf 81' lang='lat' dir='ltr'>Polancus,</span> <span class='ocrx_word' id='word_1_324' title='bbox 1227 4642 1292 4674; x_wconf 84' lang='lat' dir='ltr'>ex</span> <span class='ocrx_word' id='word_1_325' title='bbox 1308 4642 1454 4682; x_wconf 70' lang='lat' dir='ltr'>com„</span> <span class='ocrx_word' id='word_1_326' title='bbox 1473 4631 1603 4674; x_wconf 89' lang='lat' dir='ltr'>Dno.</span> <span class='ocrx_word' id='word_1_327' title='bbox 1621 4630 1884 4677; x_wconf 84' lang='lat' dir='ltr'>Ludovico</span> <span class='ocrx_word' id='word_1_328' title='bbox 1904 4634 1965 4677; x_wconf 87' lang='lat' dir='ltr'>de</span> <span class='ocrx_word' id='word_1_329' title='bbox 1987 4633 2256 4688; x_wconf 79' lang='lat' dir='ltr'>Mendoza,</span> <span class='ocrx_word' id='word_1_330' title='bbox 2280 4647 2341 4678; x_wconf 87' lang='lat' dir='ltr'>ne</span> <span class='ocrx_word' id='word_1_331' title='bbox 2365 4634 2714 4679; x_wconf 82' lang='lat' dir='ltr'>Romanarum</span> <span class='ocrx_word' id='word_1_332' title='bbox 2735 4636 3240 4693; x_wconf 79' lang='lat' dir='ltr'>Tyburtinarumqne</span> 
     </span>
     <span class='ocr_line' id='line_1_41' title="bbox 778 4702 3248 4762; baseline 0.001 -16"><span class='ocrx_word' id='word_1_333' title='bbox 778 4702 1059 4747; x_wconf 80' lang='lat' dir='ltr'>Societatis</span> <span class='ocrx_word' id='word_1_334' title='bbox 1077 4714 1251 4747; x_wconf 87' lang='lat' dir='ltr'>rerum</span> <span class='ocrx_word' id='word_1_335' title='bbox 1273 4705 1638 4757; x_wconf 81' lang='lat' dir='ltr'>obliviscatur,</span> <span class='ocrx_word' id='word_1_336' title='bbox 1662 4705 1750 4747; x_wconf 75' lang='lat' dir='ltr'>sed</span> <span class='ocrx_word' id='word_1_337' title='bbox 1773 4716 1882 4759; x_wconf 81' lang='lat' dir='ltr'>eas,</span> <span class='ocrx_word' id='word_1_338' title='bbox 1904 4705 2063 4749; x_wconf 84' lang='lat' dir='ltr'>etiam</span> <span class='ocrx_word' id='word_1_339' title='bbox 2085 4707 2204 4750; x_wconf 86' lang='lat' dir='ltr'>dum</span> <span class='ocrx_word' id='word_1_340' title='bbox 2225 4707 2275 4751; x_wconf 86' lang='lat' dir='ltr'>in</span> <span class='ocrx_word' id='word_1_341' title='bbox 2305 4706 2556 4761; x_wconf 80' lang='lat' dir='ltr'>Hispania</span> <span class='ocrx_word' id='word_1_342' title='bbox 2575 4713 2672 4762; x_wconf 86' lang='lat' dir='ltr'>est,</span> <span class='ocrx_word' id='word_1_343' title='bbox 2696 4709 2872 4751; x_wconf 82' lang='lat' dir='ltr'>fovere</span> <span class='ocrx_word' id='word_1_344' title='bbox 2896 4714 3056 4762; x_wconf 85' lang='lat' dir='ltr'>curet,</span> <span class='ocrx_word' id='word_1_345' title='bbox 3076 4707 3130 4751; x_wconf 84' lang='lat'>25</span> <span class='ocrx_word' id='word_1_346' title='bbox 3147 4705 3248 4749; x_wconf 80' lang='lat' dir='ltr'>Fe·</span> 
     </span>
    </p>
   </div>
  </div>
 </body>
</html>
