3679 5414
656 452 769 513 392
946 424 950 429 ι
1592 456 1845 517 Cimon.
1885 457 2040 517 Soc.
2087 458 2228 532 Jsss.

658 599 1125 664 christianum
1154 602 1442 666 vivendi
1472 604 1758 669 modum
1786 606 2243 686 amplexurae
2272 606 2718 670 videbantur.
2751 607 2925 670 Erat
2945 608 3127 673 inter

660 707 794 775 has
824 708 1200 788 quaedam,
1236 711 1354 772 cui
1382 719 1710 775 caeterae
1739 712 2114 793 parebant,
2152 731 2332 793 quae
2362 712 2645 793 magnis
2680 715 2980 778 vocibus
3008 716 3124 779 ad·

662 824 955 878 ventum
983 825 1393 880 nostrorum
1425 818 1582 882 aliis
1611 820 2102 900 praedicabat,
2137 830 2207 884 et
2238 820 2328 883 ad
2357 821 2840 901 recipiendum
2865 823 3125 886 anima·

664 921 819 1001 bat,
854 931 923 985 et
951 932 1026 985 ut
1056 941 1132 986 se
1162 934 1493 1004 gererent
1530 934 1605 988 ut
1642 926 1867 989 bonas
1906 927 2336 1011 christianas
2365 928 2695 1007 decebat,
2729 937 2798 992 et
2829 929 2920 992 ad
2950 929 3125 993 chri-

661 1030 968 1093 stianam
1019 1030 1418 1094 doctrinam
1467 1033 1885 1097 adducebat.
1930 1034 2043 1097 Ad
2087 1044 2370 1098 nostros
2410 1034 2787 1115 aliquando
2827 1045 2894 1099 et
2932 1035 3128 1117 ipsae

666 1137 1100 1202 accedebant
1154 1147 1223 1202 et
1263 1139 1563 1218 genibus
1606 1140 1806 1203 flexis
1847 1158 1923 1204 se
1963 1140 2205 1205 doceri
2246 1143 2440 1206 viam
2482 1143 2728 1206 salutis
2772 1143 3128 1223 petebant,

662 1261 826 1307 cum
857 1255 1151 1308 eatenus
1182 1246 1254 1309 in
1284 1248 1592 1311 tenebris
1623 1258 1879 1312 essent.

784 1352 924 1416 456.
1012 1353 1240 1434 Prope
1280 1355 1645 1419 civitatem
1685 1354 2082 1420 Salvatoris
2117 1358 2418 1437 gentiles
2455 1358 2830 1420 ecclesiam
2868 1356 3129 1421 habent

662 1478 825 1523 cum
882 1461 1090 1524 domo
1131 1470 1601 1542 ·extructam,·
1659 1480 1797 1542 quo
1854 1464 2079 1528 nostri
2145 1482 2221 1528 se
2285 1464 2741 1545 recipiebant.
2803 1463 2906 1527 Ibi
2961 1473 3129 1528 tunc

558 1653 562 1658 ,
662 1566 740 1630 Ρ.
767 1566 1141 1631 Νεινεῑωε
1170 1569 1552 1650 residebat,
1585 1586 1709 1634 eos
1747 1570 2042 1649 docens;
2085 1580 2152 1635 et
2192 1588 2356 1634 cum
2381 1571 2852 1652 profecissent
2889 1571 3124 1651 aliqui,

662 1691 914 1737 eorum
983 1676 1222 1755 opera'
1270 1677 1361 1740 ad
1428 1677 1606 1740 alios
1656 1676 2013 1757 juvandos
2078 1678 2303 1741 nostri
2365 1678 2781 1752 utebantur;
2846 1678 2971 1741 sed
3024 1676 3128 1757 ju·

660 1781 966 1845 venibus
1013 1782 1461 1847 instituendis
1517 1785 1976 1865 praecipuam
2020 1802 2311 1866 operam
2353 1786 2579 1849 nostri
2619 1784 2916 1864 dabant,
2965 1785 3127 1866 quia

664 1890 1108 1952 constantior
1138 1891 1328 1970 apud
1356 1909 1478 1954 eos
1506 1891 1780 1954 fructus
1830 1909 2043 1973 quarn
2075 1893 2146 1956 in
2176 1893 2588 1973 parentibus
2639 1909 2886 1955 eorum
2938 1893 3125 1956 vide-

662 1995 897 2059 batur.

782 2103 921 2166 457.
1009 2104 1118 2168 De
1168 2106 1702 2170 mediterraneis
1742 2107 2166 2188 quibusdam
2204 2108 2514 2189 populiS‚
2570 2125 2708 2187 quo
2759 2108 3128 2171 christiani

661 2228 804 2273 non
833 2222 1338 2302 pervenerant,
1372 2213 1769 2277 referebant
1798 2214 2083 2294 quidam
2112 2213 2629 2315 gentiles‘quod
2651 2215 2779 2277 sub
2804 2215 3122 2278 obedien·

659 2317 757 2380 tia
789 2334 1079 2381 suorum
1105 2320 1662 2398 gubernatorum
1699 2321 2053 2399 viverent,
2098 2330 2168 2384 et
2207 2321 2295 2384 ab
2334 2318 2461 2384 esu
2499 2322 2738 2385 carnis
2775 2321 3124 2385 humanae

657 2425 1094 2489 abstinerent
1145 2436 1215 2490 et
1266 2427 1564 2507 pellibus
1613 2427 2094 2491 induerentur.
2150 2428 2346 2490 Haec
2403 2427 2770 2509 dispositio
2823 2428 2914 2491 ad
2963 2446 3122 2492 con·

657 2532 1061 2596 versionem
1089 2534 1281 2597 utilis
1309 2533 1713 2614 videbatur3
1759 2545 1827 2598 et
1866 2534 2021 2598 ideo
2067 2536 2253 2598 hanc
2297 2534 2822 2616 expeditionem
2852 2545 3124 2599 tentare

656 2640 883 2702 nostri
932 2641 1448 2704 constituebant
1500 2642 1705 2705 simul
1756 2650 1969 2723 atque
2018 2642 2137 2706 alii
2187 2642 2595 2706 sacerdotes
2639 2642 3126 2706 submitteren—

653 2755 800 2825 tur,
843 2748 962 2826 qui
1008 2749 1525 2813 maritimorum
1574 2751 1893 2813 locorum
1945 2768 2191 2814 curam
2238 2750 2615 2829 haberent,
2668 2750 2789 2813 ubi
2836 2751 3124 2814 lusitani

653 2855 937 2934 vivunt,
980 2864 1049 2918 et
1088 2856 1386 2919 militum
1416 2857 1773 2937 praesidia
1817 2858 2186 2921 habentur.
2232 2856 2529 2920 Curavit
2574 2867 2810 2921 autem
2848 2857 2924 2920 P.
2967 2858 3122 2920 Ern—

651 2964 936 3025 manuel
976 2962 1062 3025 de
1100 2963 1436 3044 Nobrega
1478 2972 1555 3028 ut
1602 2965 1673 3028 in
1716 2965 2120 3045 praecipuis
2156 2963 2412 3028 horum
2446 2964 2964 3046 praesidiorum
3004 2965 3120 3027 do-

651 3086 811 3132 mus
841 3076 1441 3151 construerentur,
1484 3071 1602 3134 ubi
1633 3071 1933 3152 juvenes
1976 3080 2046 3135 et
2076 3072 2279 3153 pueri
2310 3071 2674 3150 gentilium
2705 3081 2775 3133 et
2805 3071 3122 3134 christia-

645 3193 907 3239 norum
936 3177 1381 3241 docerentur.

770 3283 911 3347 458.
1000 3278 1302 3363 Quidam
1339 3303 1432 3348 ex
1473 3285 1711 3366 pueris
1753 3285 2124 3366 orphaniS,
2172 3285 2292 3365 qui
2318 3285 2748 3366 Ulyssipona
2781 3286 2853 3347 in
2889 3285 3119 3348 Brasi-

649 3390 819 3454 liam
862 3392 1058 3455 missi
1093 3402 1290 3472 sunt,
1336 3411 1464 3456 suo
1511 3403 1725 3457 cantu
1768 3395 2027 3456 multos
2069 3411 2159 3456 ex
2205 3393 2444 3473 pueris
2493 3392 2862 3472 gentilium
2904 3391 2995 3455 ad
3046 3410 3120 3454 se

650 3499 1057 3578 trahebant,
1100 3508 1169 3563 et
1208 3501 1616 3564 christianis
1664 3500 1880 3564 etiarn
1930 3500 2404 3564 aedificationi
2453 3509 2678 3563 erant.
2731 3499 2893 3562 Filii
2941 3499 3121 3563 chri-²

651 3606 1046 3670 stianorum
1074 3626 1215 3671 non
1243 3608 1454 3689 pauci
1483 3616 1715 3686 erant,
1750 3607 1899 3688 qui,
1927 3626 2052 3690 per
2078 3607 2597 3671 mediterranea
2628 3607 2891 3687 sparsi,
2920 3625 3115 3670 more

648 3713 1171 3778 brasiliensium
1207 3716 1577 3795 vivebant3
1622 3732 1799 3795 quos
1838 3733 2083 3778 omnes
2115 3714 2204 3778 ad
2245 3713 2794 3778 christianorum
2816 3716 3121 3795 populos

646 3821 988 3885 reducere
1017 3824 1244 3886 nostri
1271 3823 1698 3886 nitebantur.

771 3927 910 3991 459.
1000 3929 1403 3993 Veniebant
1431 3946 1525 3992 ex
1563 3930 2098 3994 brasiliensibus
2136 3930 2455 3993 nonnulli
2483 3928 2676 3992 fama
2706 3930 3000 3993 excitati
3030 3927 3119 3990 ad

652 4045 935 4099 nostros
965 4036 1344 4116 videndos,
1378 4046 1447 4099 et
1476 4054 1637 4100 cum
1669 4036 2134 4101 christianam
2163 4037 2562 4100 doctrinam
2593 4036 2946 4115 audirent,
2981 4053 3121 4098 non

651 4144 965 4207 contenti
1008 4145 1329 4224 generali
1385 4145 1857 4224 expositione,
1912 4144 2200 4207 domum
2249 4141 2711 4222 accedebant,
2765 4152 2834 4206 et
2887 4142 3123 4206 multis

647 4269 817 4314 cum
848 4252 1185 4332 lacrymis
1225 4270 1300 4315 se
1341 4252 1612 4316 institui
1652 4251 2005 4332 petebant.
2048 4251 2138 4314 Et
2178 4251 2365 4332 quod
2403 4250 2680 4313 faveret
2719 4249 3122 4313 christianis

644 4358 1003 4423 ,Dominus
1042 4360 1257 4423 etiam
1291 4360 1603 4423 externis
1654 4359 1878 4439 signis
1917 4358 2295 4439 aliquando
2348 4357 2785 4422 ostendebat.
2842 4354 3123 4421 Accidit

644 4467 844 4530 enim
873 4467 945 4529 in
976 4467 1151 4530 Baia
1181 4466 1575 4531 Salvatoris
1618 4474 1694 4529 ut
1733 4467 1915 4529 duae
1957 4466 2277 4530 chanoae
2312 4465 2864 4543 brasiliensium,
2898 4466 3123 4528 altera

645 4572 1237 4652 christianorum,
1290 4576 1514 4638 altera
1566 4574 1933 4653 gentilium
1962 4573 2311 4653 piscatum
2350 4589 2683 4652 egressae
2721 4572 3122 4652 submerge-

652 4688 932 4759 rentur;
979 4691 1047 4745 et
1087 4700 1247 4746 cum
1307 4700 1552 4746 omnes
1602 4682 1904 4761 gentiles
1956 4681 2246 4744 extincti
2298 4681 2589 4758 fuerint,
2646 4697 2892 4743 omnes
2938 4680 3118 4743 chri·
