3679 5414
1678 465 1806 525 AN.
1854 466 1986 525 1551
2949 462 3063 522 263

589 620 747 674 ctus
769 610 1143 692 juvenum,
1176 611 1295 690 qui
1322 611 1620 691 publicis
1649 609 1800 691 ejus
1826 609 2250 673 lectionibus
2278 619 2348 672 et
2376 609 2676 689 privatis
2714 608 3054 671 exercita-

589 718 894 782 tionibus
914 718 1211 782 multum
1231 717 1713 799 proficiebant,
1741 716 1921 780 adeo
1945 726 2023 780 ut
2045 717 2262 797 aliqui
2285 717 2377 780 ad
2400 715 2825 780 Societatem
2856 734 3052 782 acce-

588 826 859 906 derent,
888 843 977 888 ex
1007 826 1262 904 quibus
1283 833 1429 888 tres
1452 824 1803 888 Viennam
1833 824 2032 888 missi
2060 833 2245 904 sunt,
2274 823 2503 887 effecit
2532 831 2609 886 ut
2638 823 3051 903 Ingolstadii

590 933 725 996 hoc
755 948 943 996 anno
973 933 1323 1013 patienter
1352 932 1785 1008 subsisteret.
1830 932 2134 1012 Quidam
2177 931 2392 994 etiam
2432 931 2784 993 lutherani
2827 930 2919 992 ad
2959 930 3044 994 le·

589 1040 882 1120 ctioneS‚
908 1056 1088 1121 quas
1116 1040 1202 1103 de
1224 1039 1628 1103 Aristotelis
1657 1039 1909 1102 ethicis
1932 1038 2321 1102 Gaudanus
2347 1037 2825 1118 praelegebat,
2852 1054 3049 1100 acce-

590 1148 839 1211 dentes
867 1155 937 1209 et
964 1146 1273 1210 fructum
1300 1145 1464 1209 inde
1493 1147 1799 1227 aliquem
1842 1145 2229 1209 referentes
2264 1163 2355 1209 ne
2392 1154 2670 1225 tempus
2708 1144 3046 1223 Ingolsta-
3077 1173 3082 1178 ·

590 1253 688 1317 dii
713 1220 1052 1317 inutiliter
1080 1263 1342 1317 tereret
1370 1252 1784 1318 efficiebant.
1812 1253 1901 1317 Et
1930 1253 2108 1316 haec
2136 1252 2224 1315 de
2253 1252 2517 1315 nostris
2543 1251 3049 1331 Ingolstadien-

590 1362 783 1425 sibus
811 1362 1001 1426 dicta
1028 1363 1171 1426 sint
1202 1361 1242 1426 ¹.

857 1658 984 1722 DE
1026 1657 1101 1720 P.
1151 1656 1568 1722 CLAUDIO
1612 1657 1732 1720 ET
1774 1656 2236 1720 COLLEGIO
2281 1654 2778 1721 VIENNENSI

711 1901 852 1965 208.
938 1900 1251 1965 Primam
1278 1898 1484 1980 hujus
1515 1900 1684 1962 anni
1712 1909 1986 1979 partem
2016 1898 2091 1962 P.
2128 1899 2465 1963 Claudius
2499 1898 2696 1982 Jajus
2734 1900 2807 1961 in
2837 1900 3049 1963 comi-

591 2011 710 2073 tiis
738 2008 1180 2088 Augustanis
1208 2007 1557 2083 transegit
1586 2015 1655 2069 et
1694 2007 1915 2069 multa
1942 2007 2315 2086 praeclara
2357 2016 2425 2068 et
2465 2006 2555 2068 ad
2596 2005 2858 2069 Christi
2900 2008 3046 2086 glo-

590 2117 771 2180 riam
800 2116 1293 2180 illustrandam
1321 2123 1390 2178 et
1432 2113 1860 2178 Societatem
1897 2115 2134 2177 multis
2173 2114 2609 2194 principibus
2648 2115 2825 2176 viris
2861 2132 3047 2177 com-

592 2223 1063 2287 mendandam
1094 2223 1189 2285 ibi
1219 2223 1386 2301 egit.
1421 2221 1625 2285 Prius
1659 2222 1943 2302 quidem
1974 2222 2094 2284 diu
2122 2221 2196 2283 in
2236 2220 2623 2285 Germania
2662 2230 2730 2285 et
2767 2219 3048 2301 majori-

591 2332 723 2394 bus
752 2348 912 2394 cum
939 2330 1301 2393 laboribus
1329 2346 1541 2408 quam
1569 2329 1750 2392 alius
1779 2328 1867 2390 de
1895 2336 2140 2391 nostra
2169 2326 2523 2391 Societate
2551 2337 2878 2391 versatus
2906 2328 3046 2391 fue-

591 2447 724 2518 rat,
755 2436 1302 2518 peregrinand0‚
1332 2436 1674 2513 docendo,
1707 2433 2217 2516 praedicando,
2252 2445 2320 2497 et
2351 2436 2874 2510 co·nversando;
2924 2436 3049 2499 sed

593 2546 665 2608 in
693 2545 830 2609 hoc
871 2552 1228 2607 conventu
1265 2542 1691 2622 Augustano
1729 2542 1959 2605 voluit
1997 2542 2239 2604 divina
2278 2542 2560 2605 bonitas
2597 2552 2675 2605 ut
2714 2543 3044 2623 quodam·

592 2651 803 2715 modo
835 2650 1379 2732 praeteritorum
1407 2650 1729 2713 laborum
1753 2648 2061 2712 fructum
2088 2647 2423 2729 referret,
2457 2657 2526 2713 et
2554 2650 2895 2730 optimum
2938 2651 3052 2713 sui

589 2778 675 2822 ac
705 2758 1084 2823 Societatis
1114 2758 1405 2822 odorem
1434 2757 1621 2838 apud
1661 2757 2018 2837 principes
2057 2766 2127 2819 et
2164 2766 2392 2820 status
2430 2757 2704 2838 imperii
2741 2758 3043 2837 reliquit.

588 2866 666 2929 In
686 2846 1077 2929 ministerio
1099 2863 1542 2928 Sacramenti
1563 2863 2069 2944 poenitentiae,
2097 2863 2185 2925 ob
2202 2862 2493 2944 jubilaei
2517 2866 3051 2928 concessionem

587 2974 791 3037 aulae
816 2972 1213 3036 Caesareae
1237 2971 1524 3051 factam,
1550 2987 1854 3033 messem
1874 2969 2121 3033 habuit
2144 2971 2529 3049 copiosam.
2557 2968 2727 3050 Ejus
2756 2970 3046 3034 familia-

586 3081 872 3144 ritatem
901 3097 1064 3143 cum
1092 3078 1522 3158 primoribus
1551 3077 1726 3140 viris
1755 3077 1827 3138 in
1858 3076 1977 3139 illo
2008 3085 2364 3139 conventu
2403 3086 2506 3139 tot
2543 3094 3048 3155 germanorum

666 3358 682 3391 Ι
740 3358 1009 3409 Polancus‚
1034 3367 1099 3399 ex
1120 3356 1518 3407 commissione,
1548 3354 1761 3398 Claudio
1781 3353 1922 3407 Jaio,
1958 3366 2089 3408 quae
2111 3354 2366 3409 Episcopo
2398 3355 2682 3399 Aistetensi
2717 3356 3050 3410 proponenda

582 3435 701 3477 sunt
722 3429 864 3473 circa
885 3427 1290 3482 Ingolstadiense
1313 3426 1623 3480 Collegium,
1655 3426 1705 3469 in
1739 3438 1839 3480 quo
1873 3437 1973 3469 non
2003 3426 2194 3480 poterit
2231 3425 2466 3480 Ignatius
2499 3426 2729 3470 detincre
2764 3426 3043 3483 canisium,

581 3502 889 3546 Gaudanum
909 3508 960 3544 et
981 3499 1353 3552 Schorichium,
1376 3500 1443 3553 ni,
1464 3506 1672 3553 praeter
1688 3505 1949 3552 externos,
1971 3499 2219 3553 quosdam
2234 3500 2394 3544 etiam
2410 3499 2687 3544 Societatis
2701 3501 3044 3553 scholasticos

582 3575 721 3618 aiere
745 3574 863 3617 Dux
883 3572 1189 3624 constituat,
1212 3572 1265 3615 24
1285 3570 1573 3615 Februarii.
1609 3570 1807 3615 Eadem
1843 3571 1921 3614 die
1953 3570 2188 3625 Ignatins
2216 3570 2501 3615 Aistetensi
2531 3572 2787 3627 Episcopo
2819 3572 3042 3617 officiose

581 3657 795 3700 eumque
819 3645 885 3688 ad
907 3643 1178 3687 Claudium
1196 3643 1482 3686 remittens.
1504 3642 1704 3687 Eadem
1726 3643 1805 3685 die
1830 3642 1987 3686 Petro
2010 3642 2326 3697 Schorichio,
2350 3655 2411 3686 ne
2445 3644 2595 3687 nimis
2615 3650 2858 3699 properet
2881 3644 3044 3699 lngol·

548 3760 556 3768 ,
581 3718 750 3768 stadio
771 3717 1061 3760 Lovanium
1080 3715 1359 3769 proficisci,
1383 3715 1473 3758 sed
1502 3726 1595 3758 nec
1627 3715 1846 3768 Collegii
1876 3714 2299 3770 Ingolstadiensis
2328 3726 2453 3759 cura
2484 3716 2694 3760 nimium
2713 3728 2767 3760 se
2788 3718 3042 3772 obstringi

580 3788 832 3842 patiatur3
855 3788 963 3831 sore
985 3787 1119 3830 enim
1140 3793 1195 3830 ut
1218 3798 1316 3829 non
1337 3787 1423 3830 diu
1443 3786 1511 3830 sit
1534 3786 1579 3828 ei
1601 3785 1905 3840 Ingolstadii
1934 3786 2322 3831 immorandum.
2343 3787 2524 3832 Eidem
2545 3787 2768 3832 facultas
2783 3788 2840 3831 fit
2861 3789 2964 3832 alio
2985 3800 3043 3832 se

580 3861 796 3905 Romam
810 3893 822 3912 ,
842 3871 914 3903 sc.
930 3892 941 3912 ,
962 3858 1218 3902 Viennam
1238 3864 1328 3901 aut
1349 3857 1638 3901 Lovanium
1658 3863 1874 3911 propter
1902 3858 2254 3902 valetudinem
2284 3859 2562 3903 adversam
2591 3860 2961 3913 transferendi,
2982 3868 3042 3905 at

577 3931 777 3975 nonnisi
797 3937 913 3986 post
933 3936 1204 3984 peractam
1223 3928 1592 3972 consessionem
1624 3934 1676 3971 et
1707 3930 2110 3973 communionem
2142 3935 2436 3984 susceptam
2467 3937 2517 3974 et
2526 3930 2602 3986 :re
2625 3942 2739 3975 cum
2759 3932 2965 3976 Canisio
2987 3940 3042 3977 et

578 4001 832 4047 Gaudano
866 4002 1083 4055 collata;
1120 4001 1302 4054 quibus
1335 4000 1377 4044 si
1399 4000 1667 4053 videatur,
1691 4000 1850 4043 etiam
1877 4000 1944 4043 ad
1976 4000 2324 4044 sacerdotium
2358 4002 2651 4055 promoveri
2681 4004 2874 4057 poterit
2903 4011 2955 4047 et
2975 4004 3043 4047 de

575 4074 722 4118 bonis
743 4074 849 4117 suis
871 4073 936 4117 ad
957 4073 1068 4127 pios
1082 4083 1229 4125 usus,
1250 4077 1401 4126 prout
1421 4071 1656 4125 libuerit,
1678 4071 1945 4125 disponere
1961 4105 1971 4120 .
1993 4072 2048 4115 22
2065 4073 2279 4125 Aprilis.
2298 4073 2553 4117 Polancus
2567 4106 2578 4127 ,
2609 4084 2675 4116 ex
2704 4086 2832 4118 com.
2845 4106 2862 4125 ,
2880 4073 3038 4118 Petro

572 4147 782 4192 Canisio
804 4153 857 4189 et
879 4144 1089 4189 Nicolao
1121 4143 1397 4197 Gaudano,
1432 4154 1493 4186 ne
1527 4142 1742 4197 Collegii
1775 4155 1978 4198 curam,
2011 4145 2142 4198 quod
2174 4145 2602 4190 scholasticorum
2631 4145 2906 4191 Societatis
2936 4159 3040 4191 non

574 4219 643 4261 sit
662 4251 673 4271 ,
694 4222 959 4261 assumant
977 4248 987 4265 ,
1001 4216 1056 4259 30
1073 4216 1226 4268 Junii.
1240 4216 1415 4259 —Hac
1436 4216 1516 4259 die
1537 4217 1602 4260 ad
1625 4217 1763 4270 ipsos
1783 4217 1970 4260 missae
2004 4224 2122 4261 sunt
2139 4250 2149 4270 ,
2171 4216 2429 4261 Viennam
2443 4251 2454 4272 ,
2484 4226 2756 4273 postquam
2776 4231 2866 4264 eas
2887 4220 3036 4273 legis·

573 4293 688 4332 sent
704 4320 715 4342 ‚
735 4288 802 4332 ad
823 4288 992 4341 Jaium
1014 4287 1446 4333 transmittendae
1460 4320 1471 4339 ,
1492 4288 1771 4331 historicae
1790 4289 2002 4332 litterae
2024 4289 2085 4332 de
2106 4290 2260 4331 rebus
2280 4291 2505 4333 romanis
2526 4296 2578 4334 et
2598 4291 3041 4345 complutensibus

573 4362 625 4400 et
645 4357 707 4400 de
729 4358 791 4403 iis
812 4370 942 4413 quae
965 4370 997 4403 a
1018 4358 1290 4416 Sylvestro
1313 4358 1547 4403 Laudino
1568 4358 2234 4413 gerebantur.-Poianeus
2248 4393 2258 4413 ,
2283 4371 2347 4403 ex
2367 4372 2518 4415 com„
2538 4361 2693 4406 Petro
2715 4362 2938 4417 Canisio,
2968 4374 3041 4406 ne·

570 4428 887 4484 Ingolstadio
908 4430 1145 4483 recedat,
1178 4439 1231 4474 et
1261 4436 1315 4473 ut
1344 4430 1523 4474 videat
1551 4441 1621 4475 an
1650 4431 1693 4474 is
1714 4430 1765 4474 in
1786 4430 2015 4485 Collegio
2037 4431 2102 4474 ibi
2124 4430 2442 4475 instituendo
2473 4435 2637 4478 teneri
2659 4440 2814 4489 queat
2836 4435 3039 4489 modus,

570 4513 721 4554 quem
742 4502 906 4545 tenuit
926 4502 1142 4556 Neapoli
1164 4503 1220 4546 P.
1244 4501 1539 4556 Salmeron;
1561 4508 1613 4545 et
1648 4502 1857 4546 tandem
1891 4512 1953 4545 ne
1975 4501 2407 4547 vicecancellarii
2438 4517 2640 4554 munus.
2669 4506 2766 4550 nisi
2801 4507 2934 4550 sorte
2963 4507 3032 4551 ad

570 4578 681 4615 tres
703 4578 906 4616 tantum
926 4583 1150 4627 menses,
1173 4579 1405 4617 assumat
1420 4606 1431 4627 ,
1456 4574 1507 4617 16
1524 4574 1772 4628 Augusti.
1796 4574 2032 4628 Ignatius
2051 4574 2311 4619 Bavariae
2345 4574 2474 4620 Duci
2492 4608 2503 4627 .
2528 4577 2590 4620 de
2625 4578 2958 4622 instaurando
2979 4579 3038 4622 in.

566 4642 801 4688 Bavaria
822 4644 1115 4697 theologiae
1134 4643 1303 4687 studio
1323 4650 1374 4687 et
1395 4644 1457 4687 de
1481 4644 1724 4699 collegiis
1744 4646 1810 4689 ad
1830 4656 2095 4690 commune
2118 4645 2381 4701 religionis
2409 4650 2596 4693 bonum
2628 4650 3036 4704 promovendum

567 4715 847 4769 erigendis,
868 4714 923 4757 20
942 4713 1272 4769 Septembris.
