3679 5414
1600 527 1722 584 Ax.
1768 526 1909 585 1552
2869 526 2979 585 705

482 673 844 736 :scientiae
865 672 1250 750 videretur,
1272 672 1485 735 etiam
1505 672 1579 734 in
1602 670 1736 734 hoc
1760 679 2182 749 conceptam
2198 670 2610 734 doctoratus
2623 672 2975 735 existima—

504 782 770 844 tionem
794 779 1165 857 imminuit,
1187 788 1277 857 et,
1298 796 1460 842 cum
1482 794 1638 841 sese
1663 777 2064 841 involveret
2090 776 2162 839 in
2185 776 2607 857 quibusdam
2628 780 2976 859 quaestio-

494 889 740 966 ·nibuS,
794 904 974 974 quas
1014 904 1156 949 non
1206 887 1380 949 satis
1431 886 1784 949 resolutas
1825 883 2014 964 apud
2062 901 2139 946 se
2182 882 2511 964 habebat,
2545 886 2736 949 aliud
2764 886 2980 950 etiam

505 1004 791 1075 praeter
821 995 1159 1058 scientiae
1192 994 1542 1057 defectum
1571 992 1942 1055 notabant.
1997 989 2139 1053 Res
2190 990 2473 1054 demum
2511 992 2602 1054 ad
2642 1010 2980 1073 magnum

488 1111 993 1183 contemptum
1020 1101 1331 1181 devenit,
1366 1118 1527 1165 cum
1556 1100 1772 1163 etiam
1824 1098 1897 1161 in
1948 1098 2558 1162 exhortationibus
2599 1108 2746 1163 tam
2795 1112 2982 1164 esset

510 1207 774 1272 effusus
821 1218 898 1272 ut
947 1209 1113 1289 quid
1163 1209 1296 1272 sibi
1345 1209 1558 1271 vellet
1609 1207 1846 1270 nullus
1888 1213 2129 1285 posset
2179 1204 2537 1285 colligere.
2572 1206 2981 1271 Obliviosus

489 1316 732 1379 --etiam
762 1325 916 1379 erat
945 1324 1015 1379 et
1042 1316 1298 1379 secreti
1335 1332 1591 1396 parum
1635 1314 2037 1390 continens;
2081 1309 2173 1373 ad
2210 1314 2630 1393 temporalia
2660 1332 2834 1378 vero
2864 1333 2979 1378 ne·

494 1424 713 1502 -gotia
745 1441 905 1486 cum
935 1423 1247 1486 externis
1277 1424 1651 1486 tractanda
1680 1424 1874 1488 nullo
1914 1428 2126 1491 modo
2165 1445 2241 1491 se
2284 1425 2616 1489 idoneum
2654 1422 2979 1502 ostendit,

504 1532 735 1593 immo
801 1548 934 1592 nec
993 1548 1079 1593 ea
1127 1530 1551 1611 intelligere,
1606 1531 1770 1595 licet
1820 1534 2103 1613 saepius
2153 1533 2485 1615 repetita,
2545 1539 2856 1612 poterat,
2908 1538 2984 1593 ut

494 1637 727 1701 etiam
753 1638 1031 1700 externi
1072 1637 1389 1701 dicerent
1434 1639 1630 1702 illum
1669 1639 1952 1718 quidem
1990 1657 2253 1720 magna
2282 1640 2542 1703 virtute
2585 1637 2983 1718 praeditum

488 1744 637 1807 :sed
686 1744 778 1806 ad
816 1761 934 1806 res
984 1744 1303 1823 agendas
1352 1762 1605 1824 parum
1655 1745 1986 1809 idoneum
2035 1764 2214 1810 esse.
2262 1745 2443 1810 Cum
2482 1753 2719 1845 autem
2757 1742 2844 1806 de
2872 1743 2985 1807 his

513 1851 1014 1914 admoneretur
1064 1851 1153 1914 ab
1202 1851 1369 1930 illis,
1422 1851 1677 1932 quibus
1728 1869 1901 1931 prae
1952 1853 2256 1916 caeteris
2311 1852 2521 1916 fidem
2578 1850 2980 1929 adhibebat,

490 1958 721 2020 ‘valde
750 1957 964 2037 fregit
997 1975 1244 2021 eorum
1274 1958 1609 2037 animum,
1655 1976 1817 2048 cum
1867 1977 1954 2022 ea
2002 1978 2145 2023 non
2184 1977 2340 2023 esse
2370 1959 2617 2039 magni
2644 1959 2984 2022 momenti

490 2064 779 2128 diceret
819 2082 905 2127 ac
955 2066 1299 2128 talentum
1346 2063 1438 2127 ad
1485 2062 2078 2145 gubernationem
2128 2083 2203 2129 se
2246 2066 2510 2153 habere
2549 2065 2978 2144 ostenderet,

498 2180 609 2249 ut,
642 2171 703 2234 si
732 2169 883 2250 ejus
911 2170 1275 2235 humilitas
1305 2189 1448 2234 non
1476 2180 1665 2235 esset
1693 2172 2006 2252 cognita,
2042 2172 2114 2235 in
2145 2173 2456 2252 aliquam
2491 2171 2982 2253 deceptionem

487 2278 914 2341 ambitionis
952 2279 1341 2342 incurrisse
1391 2287 1460 2342 et
1510 2296 1765 2359 parum
1809 2279 2193 2343 admodum
2236 2296 2313 2342 se
2343 2295 2738 2358 agnoscere
2768 2279 2983 2342 etiam

490 2381 582 2447 ‘in
614 2385 830 2448 claris
860 2402 945 2448 ac
977 2386 1376 2449 manifestis
1406 2386 1737 2467 operibus
1770 2385 2151 2450 videretur.

610 2491 769 2581 629.
858 2492 1059 2555 Tunc
1101 2484 1570 2556 decreverunt
1620 2493 1718 2556 illi
1768 2493 1857 2556 D.
1915 2493 2345 2570 Turrianum
2384 2509 2788 2569 accersere,
2836 2490 2987 2571 ejus

490 2599 896 2663 -adventum
923 2599 996 2662 in
1024 2598 1534 2681 Portugalliam
1575 2618 1732 2663 esse
1763 2600 2245 2689 necessarium
2285 2599 2788 2680 significando;
2837 2600 2979 2681 qui,

489 2724 674 2770 mum
704 2707 1015 2771 venisset
1044 2726 1285 2771 mense
1314 2707 1677 2788 AugustO,
1713 2707 1948 2788 aliqua
1986 2706 2352 2772 constituit
2393 2707 2603 2771 rebus
2634 2726 2777 2771 non
2806 2709 2984 2772 bene

513 2815 917 2878 intellectis,
949 2815 1139 2879 Nihil
1169 2824 1408 2880 tamen
1437 2815 1795 2896 agendum
1838 2815 2274 2878 existimavit
2303 2815 2718 2895 priusquam
2747 2815 2831 2893 is,
2866 2816 2988 2895 qui

492 2919 606 2982 -ad
656 2919 998 2984 Sanctum
1044 2922 1354 2986 Felicem
1394 2941 1471 2985 se
1520 2930 1920 3003 receperat,
1965 2940 2056 2985 ex
2092 2922 2463 3001 provincia
2503 2921 2986 3000 Portugalliae

492 3028 909 3091 excederet.
945 3029 1033 3091 Et
1071 3030 1236 3108 quia
1274 3030 1501 3092 noluit
1539 3030 1615 3093 P.
1658 3029 2052 3093 Turrianus
2098 3046 2302 3092 suam
2350 3027 2763 3092 facultatem
2818 3037 2986 3092 tunc

510 3134 966 3198 manifestare
1032 3136 1356 3198 omnibus
1415 3136 1778 3217 (quamvis
1847 3137 2075 3216 prima
2132 3135 2402 3215 Aprilis
2467 3134 2761 3198 miserat
2830 3153 2988 3198 eam

509 3239 588 3304 P.
622 3241 939 3322 Ignatius
971 3258 1134 3304 cum
1162 3242 1413 3306 litteris
1457 3243 1549 3306 ad
1586 3243 1889 3324 Regem,
1935 3243 2190 3323 quibus
2228 3241 2677 3322 significabat
2710 3241 2796 3305 de
2827 3241 2982 3307 Col·

516 3349 705 3427 legio
748 3347 1320 3429 Compostellano
1352 3350 1705 3428 nonnihil,
1739 3358 1808 3413 et
1836 3349 2282 3429 supplicabat
2310 3347 2489 3428 Regi
2529 3357 2605 3411 ut
2634 3347 2844 3411 fidem
2869 3349 2991 3412 ha-

508 3453 719 3517 *beret
749 3455 826 3518 P.
861 3455 1238 3534 Turriano)
1291 3456 1416 3519 sed
1468 3457 1570 3519 uti
1619 3456 1845 3520 voluit
1893 3456 2229 3519 facultate
2264 3454 2339 3518 P.
2375 3454 2670 3518 Mironis
2699 3454 2991 3519 Provin-

518 3561 752 3641 ciaIiS,
789 3563 901 3625 cui
929 3564 1213 3626 nomine
1243 3563 1319 3627 P.
1353 3563 1614 3644 Ignatii
1644 3564 1918 3626 litteras
1942 3563 2226 3643 scripsit
2257 3571 2331 3625 ut
2361 3562 2436 3625 P.
2471 3561 2741 3626 Simoni
2770 3562 2989 3644 injun-

382 3675 387 3680 ’
496 3677 720 3748 geret
766 3677 844 3732 ut
882 3671 1130 3734 statim
1170 3688 1419 3734 curam
1448 3670 1873 3734 Provinciae
1916 3669 2329 3750 Aragoniae
2372 3670 2768 3749 susciperet
2807 3680 2879 3733 et
2910 3689 2994 3734 eo

519 3793 595 3838 se
625 3776 978 3840 conferret
1008 3777 1600 3857 (quandoquidem
1636 3777 1757 3840 illa
1796 3777 2168 3857 provincia
2216 3775 2233 3807 ¹
2277 3777 2421 3839 late
2461 3775 2844 3840 admodum
2872 3795 2988 3858 pa⁴

508 3883 712 3946 -tebat
761 3892 831 3946 et
877 3882 953 3947 P.
1007 3883 1248 3947 Araoz
1295 3893 1587 3965 propter
1635 3884 2019 3947 adversam
2056 3883 2536 3946 valetudinem
2576 3901 2735 3946 eam
2773 3892 2995 3947 totam

518 3989 924 4053 ministrare
955 4008 1098 4053 non
1128 3992 1456 4071 poterat);
1490 4000 1560 4055 et
1590 3999 1915 4072 patentes
1964 3991 2241 4054 litterae
2290 3989 2575 4054 fuerunt
2628 3990 2994 4054 confectae

520 4096 806 4159 nomine
835 4097 912 4160 P.
957 4096 1237 4176 Ignatii,
1288 4116 1458 4161 nam
1505 4098 2065 4179 subscriptiones
2115 4097 2206 4161 ad
2253 4097 2656 4178 huJ'usmodi
2694 4098 2992 4178 litteraS,

504 4203 741 4265 etiam
767 4212 1122 4284 patenteS,
1158 4205 1249 4268 ad
1278 4203 1353 4268 P.
1388 4204 1817 4268 Turrianum
1845 4205 2172 4284 miserat,
2217 4213 2286 4268 et
2326 4221 2452 4285 per
2480 4204 2557 4266 P.
2591 4203 2997 4269 Cornelium

516 4308 808 4374 fuerunt
857 4311 922 4372 ei
964 4320 1437 4391 presentatae.
1493 4311 1914 4393 InJ‘ungebat
1964 4320 2200 4375 autem
2260 4312 2334 4375 in
2383 4312 2644 4375 virtute
2700 4322 2997 4378 sanctae

522 4416 971 4481 obedientiae
1003 4419 1189 4482 illius
1230 4419 1648 4499 provinciae
1694 4419 2288 4499 acceptationem,
2334 4427 2435 4495 et,
2479 4436 2568 4482 ne
2607 4419 3001 4490 excusatio·

509 4540 688 4586 :nem
711 4524 1125 4588 obtenderet
1151 4525 1338 4606 quod
1362 4543 1404 4588 a
1426 4526 1623 4606 Rege
1645 4525 1951 4589 facultas
1975 4533 2162 4624 esset
2185 4525 2628 4604 impetranda
2652 4527 2744 4590 ad
2767 4543 3000 4607 egres·

607 4761 624 4795 ¹
685 4761 923 4818 Intellige
948 4764 1254 4820 Hispaniam
1276 4772 1464 4820 totam,
1487 4777 1643 4821 quam
1662 4776 1821 4819 usque
1843 4776 1976 4809 nunc
1995 4770 2207 4808 rexerat
2230 4764 2387 4808 Pater
2412 4765 2601 4810 Araoz.

2642 4870 2710 4926 45
