3679 5414
674 456 785 513 444
1583 454 1837 515 Canon.
1881 454 2032 513 Sue.
2076 455 2215 526 JES.

676 617 809 680 pro
841 597 1220 663 Societatis
1248 617 1445 663 more
1475 600 1568 663 ad
1595 599 1991 680 puniendos
2021 598 2491 663 scholasticos
2513 608 2967 680 quaererent,
3001 603 3151 664 nul-

678 708 826 769 lum
856 717 1096 770 tamen
1126 707 1584 786 invenerunt;
1611 723 1778 769 nam
1808 707 1871 770 si
1907 723 2165 769 manus
2191 707 2266 769 in
2305 707 2609 786 aliquem
2649 705 3027 788 injecisset,
3062 726 3154 771 ne

680 812 1124 878 occideretur
1186 814 1548 877 timebant.
1613 814 1795 877 Tota
1847 831 1932 877 ea
1982 814 2152 877 urbs
2211 813 2616 893 Eugubium
2667 815 2843 877 satis
2895 816 3153 879 martia

679 930 808 1000 est,
839 922 1055 985 trium
1086 921 1361 984 dierum
1389 921 1537 984 fere
1567 920 1818 983 itinere
1853 919 2082 984 Roma
2112 920 2361 998 distat,
2394 920 2687 984 Perusio
2717 921 2975 1001 viginti
3005 923 3150 985 mil·

677 1027 859 1090 libus
887 1045 1259 1108 passuum,
1294 1045 1549 1091 versus
1593 1027 2080 1107 Apenninum,
2126 1028 2200 1090 in
2243 1024 2445 1106 cujus
2480 1027 2843 1091 radicibus
2883 1028 3014 1091 sub
3056 1029 3165 1092 di·-

679 1135 868 1198 tione
899 1134 1100 1198 ducis
1130 1135 1381 1200 Urbini
1410 1136 1646 1216 posita
1675 1143 1815 1212 est;
1849 1143 1920 1198 et
1962 1142 2040 1198 ut
2081 1143 2416 1215 parentes
2458 1135 2549 1198 ad
2594 1135 2776 1198 bella
2817 1137 3156 1216 propensi

678 1252 864 1318 sunt,
909 1244 1007 1305 ita
1047 1241 1228 1305 filios
1260 1243 1643 1306 militarem
1682 1242 1753 1305 in
1794 1241 2085 1305 modum
2134 1242 2531 1305 instituunt.
2574 1242 2879 1322 Quidam
2918 1253 3155 1306 autem

678 1368 768 1413 ex
798 1349 903 1412 eis
931 1359 1078 1413 tam
1107 1350 1388 1413 molesti
1411 1359 1479 1412 et
1509 1349 1895 1413 insolentes
1926 1349 1999 1411 in
2030 1349 2300 1412 scholis
2321 1358 2391 1412 et
2413 1366 2587 1429 erga
2610 1359 2896 1413 nostros
2924 1359 3150 1428 erant,

678 1467 756 1520 ut
786 1457 1017 1520 edicto
1047 1457 1330 1537 publico
1361 1475 1405 1520 a
1434 1457 1972 1536 magistratibus
1994 1466 2283 1520 cautum
2305 1456 2516 1520 fuerit
2538 1475 2627 1519 ne
2653 1457 2812 1537 quis
2840 1456 2931 1519 ad
2954 1458 3157 1521 scho-

678 1566 786 1628 las
814 1565 1136 1645 publicas
1167 1566 1320 1627 sine
1348 1564 1686 1627 facultate
1710 1573 2119 1628 nostrorum
2148 1573 2387 1645 posset
2418 1563 2782 1627 accedere.

798 1671 898 1735 64.
985 1672 1316 1753 Juniores
1344 1672 1801 1735 nihilominus
1829 1688 2111 1735 morum
2141 1688 2432 1734 suorum
2462 1670 2963 1734 reformatione
3005 1680 3154 1735 tan·

679 1788 828 1841 tum
879 1777 1276 1858 splendoris
1323 1779 1586 1841 scholis
1641 1779 1908 1842 nostris
1959 1778 2262 1842 attulere
2312 1786 2389 1841 ut
2439 1779 2803 1858 angelicos
2842 1780 3159 1844 nonnulli

683 1902 808 1947 eos
835 1893 1203 1963 vocarent;
1229 1885 1544 1965 quotidie
1574 1903 1783 1949 sacro
1813 1887 2243 1964 intererant,
2280 1894 2350 1948 et
2390 1885 2504 1948 die
2541 1887 2749 1948 lunae
2790 1885 3157 1949 doctrinae

685 1992 1117 2056 christianae
1147 1993 1462 2072 lectioni,
1498 2010 1712 2073 quam
1740 1992 1815 2056 P.
1851 1993 2215 2071 AlbertuS,
2249 1992 2533 2071 Rector,
2566 1992 2881 2072 profiteri
2914 2011 3159 2074 coepe·

680 2109 793 2162 rat
826 2117 988 2163 cum
1020 2116 1284 2179 magna
1313 2101 1788 2180 spectantium
1815 2099 2341 2179 aedificatione,
2376 2099 2675 2163 aderant
2714 2118 3010 2180 eamque
3042 2101 3157 2164 ad-

687 2207 1080 2286 discebant,
1115 2208 1631 2287 menstruisque
1665 2206 2232 2271 confessionibus
2263 2208 2355 2270 ad
2385 2208 2867 2270 conscientiae
2896 2208 3159 2288 purita-

691 2323 834 2377 tem
884 2313 1377 2394 proficiebant,
1419 2316 1859 2395 privatisque
1903 2325 1971 2378 et
2010 2315 2503 2378 communibus
2544 2314 3161 2377 exhortationibus

681 2421 775 2484 ad
831 2422 1133 2484 virtutes
1184 2421 1663 2502 capessendas
1704 2422 2145 2502 urgebantur
2185 2432 2254 2485 et
2292 2439 2438 2485 non
2487 2421 2951 2502 poenitendos
2999 2439 3155 2502 pro-

681 2544 974 2606 gressus
1004 2527 1384 2591 faciebant.

810 2634 912 2696 65.
999 2633 1138 2698 Sed
1176 2645 1245 2698 et
1284 2637 1512 2699 nostri
1550 2637 1842 2715 fratres,
1886 2638 2213 2719 quamvis
2251 2655 2340 2701 ex
2390 2644 2592 2718 parte
2630 2636 2819 2699 bona
2857 2637 3159 2703 aliorum

688 2743 1126 2806 institutione
1176 2747 1534 2824 occupati,
1586 2746 1932 2826 proficere
1982 2755 2220 2810 tamen
2270 2755 2341 2808 et
2382 2745 2516 2826 ipsi
2555 2746 2627 2808 in
2667 2745 2920 2807 litteris
2959 2761 3157 2807 cura-

684 2850 887 2928 bant,
923 2859 991 2913 et
1022 2850 1113 2913 ad
1141 2851 1650 2930 perfectionem
1678 2853 2132 2916 nihilominus
2176 2852 2616 2933 spiritualem
2648 2850 3006 2913 consuetis
3034 2849 3154 2913 So-

686 2957 964 3020 cietatis
1014 2959 1640 3022 exercitationibus
1690 2960 2189 3041 adspirabant,
2236 2969 2312 3022 ut
2361 2959 2610 3021 fraeno
2660 2958 2896 3038 potius
2945 2974 3159 3037 quam

685 3065 969 3127 stimulo
1020 3064 1421 3144 indigerent
1471 3076 1616 3128 tam
1667 3067 1738 3130 in
1799 3068 2197 3130 litterarum
2251 3083 2464 3146 quarn
2513 3066 2583 3128 in
2634 3065 3039 3127 orationum
3088 3073 3158 3127 et

685 3171 923 3234 carnis
975 3172 1444 3250 castigandae
1488 3174 1743 3237 studio.
1787 3173 2133 3237 Eumdem
2172 3174 2359 3236 enim
2399 3172 2685 3235 modum
2726 3181 2936 3250 atque
2975 3169 3157 3233 ordi-

684 3296 882 3355 nem,
917 3296 1125 3359 quem
1159 3279 1229 3340 in
1262 3278 1583 3358 Collegio
1613 3279 1936 3343 Romano
1968 3281 2398 3358 didicerant,
2439 3278 2748 3357 Eugubii
2776 3278 3161 3340 observare

687 3385 1152 3448 conabantur.
1215 3386 1393 3449 Cum
1451 3397 1687 3449 autem
1746 3388 1794 3450 ii
1852 3396 2185 3450 externos
2243 3386 2800 3465 alloquerentur,
2860 3384 3163 3465 privatis

687 3492 1300 3555 exhortationibus
1330 3493 1421 3555 ad
1460 3494 1727 3572 optima
1770 3512 2093 3574 quaeque
2138 3511 2282 3556 non
2326 3493 2479 3556 sine
2522 3492 2789 3571 fructu,
2835 3501 2911 3554 ut
2954 3509 3158 3571 expe·

690 3599 942 3661 rientia
973 3599 1234 3677 docuit,
1269 3600 1680 3663 excitabant
1711 3601 2222 3664 adolescentes,

805 3704 906 3768 66.
997 3706 1167 3769 Erat
1205 3707 1388 3769 inter
1426 3724 1549 3768 eos
1588 3706 1864 3786 Simon,
1913 3708 2064 3787 qui,
2108 3708 2604 3786 abnegationis
2645 3693 2754 3770 sui
2796 3707 3032 3785 gratia
3074 3723 3160 3767 ac

688 3813 995 3891 proximi
1018 3812 1316 3892 Juvandi
1346 3813 1580 3876 studio
1608 3813 1915 3892 servem,
1953 3815 2024 3876 in
2054 3813 2230 3891 som,
2265 3814 2666 3877 hominibus
2696 3813 2923 3876 omnis
2953 3828 3160 3890 gene-

690 3919 789 3981 ris
819 3918 1424 3999 frequentissimO,
1458 3929 1658 3983 tanta
1689 3939 1851 3982 cum
1882 3919 2372 3983 aedificatione
2405 3920 2867 3983 concionatus
2906 3929 3041 3996 est,
3092 3927 3162 3982 et

691 4026 973 4105 quidem
1011 4043 1096 4088 eo
1136 4035 1483 4106 tempore,
1526 4044 1665 4106 quo
1709 4027 1937 4090 solent
1975 4027 2296 4090 homines
2336 4038 2498 4090 ante
2541 4025 3161 4106 quadragesimam

692 4132 909 4195 nimia
940 4134 1043 4194 uti
1073 4133 1378 4210 licentia,
1407 4142 1483 4195 ut
1505 4151 1593 4195 ex
1626 4151 1749 4196 ore
1781 4134 2156 4196 infantium
2186 4143 2254 4196 et
2285 4135 2695 4197 lactentium
2725 4132 3003 4196 laudern
3026 4130 3162 4194 Dei

692 4238 1083 4320 perfectam
1114 4256 1360 4302 omnes
1391 4240 1776 4303 observare
1807 4250 2117 4322 possent;
2153 4250 2222 4303 et
2251 4248 2622 4320 tantopere
2669 4239 2934 4320 placuit
2975 4247 3051 4301 ut
3090 4238 3161 4300 in

690 4347 998 4428 quodam
1028 4347 1389 4426 virginum
1417 4348 1853 4410 monasterio
1892 4348 2139 4410 eodem
2180 4364 2469 4410 munere
2510 4364 2672 4410 cum
2711 4347 3152 4424 fungeretur,

693 4454 784 4517 ad
841 4454 912 4516 id
970 4455 1252 4533 saepius
1308 4454 1815 4534 praestandum
1875 4474 1917 4517 a
1975 4454 2375 4533 virginibus
2432 4455 2661 4517 sacris
2716 4453 3175 4529 invitaretun,

693 4561 1050 4640 quamviS,
1085 4578 1170 4622 ne
1196 4560 1428 4623 studia
1460 4559 1608 4638 ejus
1638 4562 2353 4641 interrumperentur,
2396 4579 2538 4623 non
2577 4560 2647 4622 id
2688 4560 3157 4622 obtinuerunt.

813 4667 913 4729 67.
999 4667 1403 4730 Invisebant
1427 4678 1495 4729 et
1519 4670 1746 4731 nostri
1769 4668 2291 4731 xenodochium
2314 4678 2383 4731 et
2408 4667 2889 4730 confessiones
2914 4683 3158 4745 aegro·
