3679 5414
1628 471 1757 530 ΑΝ.
1802 471 1944 531 1552
2913 472 3026 533 427

559 626 698 694 set,
731 615 1081 681 referente
1109 614 1184 680 P.
1220 615 1497 696 Ignatio
1515 666 1530 697 ,
1567 616 1877 680 edictum
1904 616 2075 680 illud
2104 616 2644 697 Archiepiscopi
2673 617 3016 697 Toletani,

556 724 645 788 de
674 741 812 805 quo
843 724 1167 803 superius
1197 721 1387 786 facta
1416 722 1545 786 fuit
1575 723 1862 803 menti0,
1898 723 2015 805 qui
2043 724 2252 786 nullis
2282 723 2673 787 rationibus
2701 742 2830 787 nec
2860 742 3024 805 pro—

558 848 798 895 cerum
840 829 1229 910 Hispaniae
1267 829 1596 909 precibus
1641 829 1900 894 adduci
1936 839 2218 912 poterat
2266 839 2343 893 ut
2393 831 2481 893 ab
2529 830 2855 911 incoepto
2906 831 3018 896 de-

559 938 872 1016 sisteret,
898 936 1287 1000 remedium
1317 936 1789 1001 adhibendum
1818 938 1934 1001 ille
1966 938 2268 1017 censuit,
2302 946 2403 1016 et,
2436 937 2601 1017 quia
2632 956 2774 1001 non
2812 957 3017 1020 expe-

556 1043 794 1108 diebat
826 1061 1100 1108 summo
1125 1042 1281 1123 jure
1310 1061 1472 1107 cum
1496 1044 2056 1125 Archiepiscopo
2087 1060 2325 1124 agere,
2358 1044 2462 1107 rei
2492 1046 3023 1125 componendae

560 1170 808 1217 curam
837 1152 987 1234 ipse
1018 1154 1423 1234 assumpsit.
1456 1153 1766 1216 Litteras
1795 1154 2013 1233 igitur
2043 1151 2134 1217 ad
2165 1152 2801 1234 Archiepiscopum
2830 1163 2899 1216 et
2929 1153 3021 1215 ad

556 1259 1007 1324 Cardinalem
1043 1259 1417 1340 Poggium,
1452 1258 1657 1324 Sedis
1686 1258 2146 1340 Apostolicae
2186 1260 2259 1322 in
2296 1259 2643 1342 Hispania
2682 1262 3016 1340 legatum,

558 1367 773 1431 scribi
802 1384 931 1430 suo
959 1367 1242 1430 nomine
1265 1365 1498 1447 J‘ussit,
1526 1367 1780 1447 quibus
1808 1367 2055 1431 mirari
2082 1385 2159 1431 se
2182 1368 2635 1431 vehementer
2667 1366 3024 1430 scribebat

557 1476 700 1538 tale
741 1472 1283 1555 Archiepiscopi
1320 1475 1682 1538 decretum
1704 1523 1719 1554 ,
1764 1483 1833 1537 et
1870 1482 1948 1537 ut
1987 1474 2273 1538 omnino
2311 1474 2481 1538 illud
2516 1483 2892 1555 reponeret
2935 1490 3020 1536 ac

557 1580 1007 1660 Societatem,
1040 1581 1126 1644 de
1155 1598 1296 1661 qua
1325 1582 1546 1644 multa
1574 1580 1667 1644 ad
1696 1580 1979 1644 laudem
2007 1579 2484 1657 addebantur,
2505 1582 2651 1644 suis
2681 1581 2782 1644 uti
2808 1580 3025 1661 privi-

556 1690 762 1769 legiis
790 1689 1052 1752 sineret
1074 1687 1385 1768 Jubebat.
1422 1688 1602 1752 Cum
1630 1697 1871 1751 autem
1896 1688 2115 1752 hasce
2145 1688 2452 1766 litteraS,
2487 1697 2866 1768 antequam
2906 1688 3019 1752 ob·

557 1797 1036 1876 signarentur,
1072 1795 1206 1858 sibi
1233 1795 1375 1875 legi
1402 1792 1708 1875 fecisset,
1736 1793 2065 1874 judicans
2093 1812 2237 1858 non
2266 1795 2441 1858 satis
2469 1796 2736 1858 dictum
2765 1812 2921 1858 esse
2948 1795 3022 1858 in

559 1901 935 1967 Societatis
988 1901 1344 1981 favorem,
1399 1900 1703 1980 injunxit
1758 1900 2159 1967 Secretario
2210 1911 2287 1965 ut
2336 1902 2685 1982 quaedam
2733 1900 3026 1965 adderet

558 2010 802 2089 verba,
836 2026 1135 2090 quorum
1164 2026 1415 2072 sensus
1445 2018 1598 2072 erat
1628 2017 2066 2089 quantopere
2096 2009 2275 2071 haec
2321 2006 2640 2072 Societas
2679 2008 2887 2071 hodie
2931 2008 3024 2071 sit

558 2126 800 2180 amata
849 2125 917 2180 et
960 2117 1031 2179 in
1069 2116 1297 2197 pretio
1339 2115 1580 2179 habita
1623 2115 1696 2178 in
1735 2124 1885 2179 toto
1925 2115 2096 2179 orbe
2147 2115 2558 2179 christiano.
2601 2116 2844 2196 Itaque
2881 2132 3024 2178 non

557 2225 787 2287 solum
817 2222 984 2304 quid
1013 2223 1163 2303 ipse
1203 2223 1492 2286 sentiret
1536 2223 1622 2286 de
1666 2221 2024 2287 Societate
2068 2223 2316 2286 testari
2358 2223 2614 2301 voluit,
2662 2220 2784 2285 sed
2833 2223 3023 2286 testi·

556 2331 871 2395 monium
910 2331 1223 2394 omnium
1262 2331 1798 2411 provinciarum
1845 2330 2394 2395 christianarum
2443 2329 2767 2409 adduxit;
2822 2329 3024 2411 cujus

557 2439 747 2519 apud
775 2439 1007 2519 ipsum
1046 2438 1382 2502 indicium
1420 2447 1603 2517 erat,
1648 2436 1838 2518 quod
1867 2454 2130 2517 magno
2170 2455 2331 2501 cum
2361 2436 2616 2501 affectu
2645 2436 3025 2501 undecum-

556 2563 689 2628 que
719 2546 1043 2609 homines
1072 2555 1142 2609 et
1172 2544 1489 2624 Collegia
1517 2543 1893 2609 Societatis
1923 2545 2160 2625 expeti
2189 2545 2686 2625 experiebatur
2726 2543 2765 2608 ¹.

675 2652 777 2717 22.
866 2653 1054 2717 Inter
1083 2653 1220 2717 alia
1252 2652 1537 2734 pietatis
1576 2670 1824 2735 opera,
1868 2669 2050 2733 quae
2087 2651 2357 2716 Romae
2395 2649 2716 2717 Societas
2759 2661 3015 2718 tracta-

556 2761 708 2841 bat,
752 2761 923 2824 illud
960 2760 1090 2824 fuit
1129 2761 1316 2840 quod
1356 2760 1741 2824 Dominum
1782 2758 2175 2824 Ascanium
2216 2758 2635 2825 Columnam
2679 2778 2841 2824 cum
2879 2760 3024 2824 Du·

556 2869 745 2931 cissa
775 2867 1082 2931 Domina
1110 2867 1387 2948 Joanna
1409 2867 1496 2930 de
1539 2867 1942 2947 Aragonia‚
1984 2884 2208 2930 uxore
2247 2884 2410 2945 sua,
2454 2868 2836 2931 conciliare
2879 2877 3020 2932 stu·

558 2974 743 3055 duit;
774 2993 941 3038 nam
973 2993 1134 3038 cum
1163 2992 1415 3055 parum
1445 2974 1625 3037 inter
1656 2974 1853 3055 ipsos
1883 2975 2325 3054 conveniret,
2359 2974 2666 3038 Ducissa
2695 2977 2942 3055 procul
2979 2993 3021 3037 a

557 3081 865 3145 Domino
895 3081 1210 3150 Ascanio
1241 3082 1531 3161 agebat,
1565 3090 1634 3144 et
1664 3080 1756 3144 ad
1784 3082 2034 3144 matris
2068 3090 2309 3161 partes
2347 3080 2697 3146 Dominus
2736 3081 3025 3145 Marcus

555 3189 912 3253 Antonius
941 3188 1306 3268 Columna,
1339 3189 1876 3269 primogenituS,
1909 3189 2162 3252 haeres
2190 3189 2578 3269 utriusque,
2612 3188 3022 3252 inclinabat.

557 3296 735 3360 Cum
783 3312 957 3375 ergo
1009 3295 1322 3359 animum
1370 3296 1590 3376 ipsius
1639 3295 1928 3359 Domini
1978 3296 2276 3360 Ascanii
2331 3296 2526 3376 prius
2583 3297 3027 3376 explorasset

519 3450 523 3454 ‚
556 3403 903 3482 Ignatius,
950 3402 1326 3482 quemdam
1366 3403 1810 3466 sacerdotem
1847 3401 2222 3467 Societatis
2261 3420 2425 3466 cum
2460 3403 2712 3467 litteris
2750 3403 2841 3466 ad
2880 3402 3023 3467 Du·

559 3510 818 3574 cissam
848 3510 1059 3588 misit,
1087 3510 1341 3590 quibus
1356 3509 1772 3574 facultatem
1793 3510 2079 3590 petebat
2100 3510 2329 3591 ipsam
2358 3510 2732 3588 invisendi,
2759 3527 2800 3573 a
2830 3511 3029 3574 nulla

557 3634 850 3698 prorsus
881 3625 1209 3680 creatura
1238 3617 1363 3680 sed
1399 3617 1635 3697 potius
1674 3634 1716 3678 a
1761 3616 2101 3681 Creatore
2143 3616 2235 3680 ad
2273 3617 2344 3680 id
2388 3633 2464 3680 se
2503 3617 2778 3679 moveri
2818 3626 2888 3681 et
2932 3617 3024 3680 ad

558 3724 971 3804 obsequium
1010 3723 1145 3786 Dei
1190 3722 1341 3786 fore
1384 3722 1816 3802 significans.
1866 3723 2043 3788 Cum
2073 3723 2382 3787 Ducissa
2409 3723 2809 3786 humaniter
2847 3741 3020 3787 nun·

558 3831 748 3895 cium
777 3839 846 3893 et
868 3831 1141 3894 litteras
1166 3819 1558 3910 accepisset
1579 3838 1648 3892 et
1671 3838 1960 3909 gratum
1982 3830 2116 3911 ipsi
2137 3830 2289 3893 sore
2313 3828 2696 3893 adventum
2718 3828 2794 3891 P.
2820 3829 3026 3909 Igna-

557 3938 635 4001 tii
664 3938 961 4017 diceret,
1005 3936 1105 4000 2.a
1146 3936 1259 4000 die
1299 3935 1724 4000 Novembris
1761 3934 1854 3998 ad
1893 3936 2228 4018 oppidum
2267 3935 2587 4001 Alvitum
2625 3938 2698 4000 in
2736 3936 3024 4001 confini·

555 4045 689 4108 bus
710 4045 916 4124 regni
932 4041 1378 4124 Neapolitani
1402 4061 1565 4107 cum
1588 4044 1727 4107 alio
1762 4043 2133 4107 sacerdote
2157 4053 2226 4107 et
2247 4061 2387 4107 uno
2411 4053 2534 4106 aut
2557 4045 2781 4108 altero
2803 4044 3028 4108 fratre

555 4151 967 4233 coadjutore
991 4150 1348 4231 profectus
1371 4160 1499 4230 est,
1534 4159 1635 4229 et,
1662 4151 1992 4231 quamvis
2020 4151 2314 4231 plueret,
2348 4159 2417 4214 et
2446 4150 2724 4214 infirma
2754 4154 3022 4215 valetu-

557 4259 719 4322 dine
748 4258 899 4339 ipse
930 4267 1267 4337 uteretur,
1292 4258 1465 4320 nihil
1495 4266 1732 4320 tamen
1756 4255 2222 4320 differendum
2244 4267 2535 4338 propter
2556 4275 2857 4338 gravem
2877 4258 3023 4339 plu-

558 4365 750 4429 viam
771 4375 970 4430 ratus
994 4364 1152 4438 (hoc
1181 4366 1369 4428 enim
1398 4365 1498 4428 illi
1527 4375 1946 4428 consuetum
1973 4363 2204 4427 fuerat
2227 4373 2305 4428 ut
2334 4375 2620 4446 propter
2644 4365 3024 4428 adversam

640 4571 658 4604 ¹
714 4570 1004 4615 'turbarum
1037 4572 1103 4614 ab
1134 4571 1539 4625 Archieplscopo
1571 4569 1821 4614 Toletano
1852 4569 2201 4613 excitatamm
2230 4570 2385 4623 longa
2404 4576 2457 4613 et
2482 4569 2727 4613 distincta
2757 4568 3027 4614 enarratio

558 4642 715 4687 missa
744 4648 826 4686 eat
844 4642 872 4685 6
890 4641 1125 4694 Januarli
1161 4642 1305 4686 Patri
1335 4642 1571 4700 Laynez,
1602 4648 1660 4686 nt
1690 4652 1831 4694 eam,
1863 4641 1908 4685 ai
1940 4640 2183 4695 expedire
2210 4641 2503 4694 videretur,
2536 4640 2749 4685 concilii
2779 4641 3027 4685 Patribus

557 4714 961 4759 communicaret
982 4745 994 4768 ,
1019 4720 1110 4758 ant
1129 4715 1317 4758 saltem
1336 4719 1393 4758 ut
1414 4725 1477 4758 ea
1497 4720 1651 4758 utens
1666 4713 1855 4758 notitia
1887 4713 2049 4757 falsas
2079 4712 2141 4755 de
2163 4711 2423 4758 societate
2443 4713 2707 4768 opiniones
2727 4713 3024 4767 dissiparet.
