3679 5414
1655 422 1782 480 An.
1827 422 1961 481 1551
2085 483 2092 492 ,
2926 419 3037 479 215

564 570 805 633 Frusii
853 568 1146 633 audiens
1202 570 1409 632 valde
1458 570 1532 632 in
1580 568 1933 632 catholica
1989 569 2330 646 religione
2379 568 2511 631 suit
2535 566 3027 647 ‘confirmatus,

565 661 934 758 eidemque
982 676 1350 740 confessus
1398 684 1535 755 est,
1579 684 1648 739 et
1687 674 1778 738 ad
1803 672 2384 738 'communionem
2421 675 2494 737 in
2522 674 2703 738 fesito
2742 674 3029 738 Assum-

569 784 830 866 ptionis
878 785 955 847 Β.
996 783 1319 862 Virginis
1357 784 1730 847 admissus
1784 781 2022 845 Turca
2061 782 2276 846 etiam
2312 782 2448 861 ille,
2492 781 2578 843 de
2609 795 2750 861 quo
2788 799 3029 862 supra,

569 892 835 971 optime
891 909 967 954 se
1023 892 1338 970 gerebat.
1396 889 1736 953 ‘Accessit
1792 899 1862 952 et
1911 888 2211 968 judaeus
2266 888 2552 976 quidam
2609 889 2699 952 ad
2769 889 3033 952 Christi

568 998 780 1061 fidem
815 997 854 1056 ¹.

698 1104 830 1192 106.
921 1104 1100 1168 Cum
1128 1115 1364 1167 autem
1393 1104 1470 1167 P.
1503 1104 1818 1184 Elpidius
1861 1103 2292 1166 Florentiam
2334 1104 2425 1167 ad
2461 1104 2824 1182 negotium
2863 1103 3033 1194 illud

569 1212 879 1291 collegii,
944 1212 1029 1274 de
1079 1229 1218 1291 quo
1269 1211 1592 1291 superius
1651 1219 1890 1274 actum
1945 1219 2085 1289 est,
2145 1218 2487 1274 evocatus
2541 1210 2820 1286 fuisset,
2882 1211 3035 1290 ipse

577 1320 651 1382 Ρ.
678 1320 1007 1382 Andreas
1028 1325 1175 1381 tam
1198 1319 1475 1382 Veneto
1499 1336 1711 1398 quam
1734 1318 2082 1381 Patavino
2108 1317 2423 1397 Collegio
2442 1317 2765 1398 praefuit,
2794 1335 3032 1397 quam·

571 1427 684 1489 vis
713 1425 788 1488 P.
822 1426 1152 1488 Andreas
1180 1425 1662 1505 GalvanelluS,
1697 1434 1771 1487 ut
1800 1426 2159 1505 suppleret
2188 1426 2421 1488 locum
2447 1424 2794 1502 RectoriS,
2828 1422 3031 1486 Pata·

574 1533 768 1596 vium
806 1533 897 1595 sit
940 1533 1217 1595 missus
1276 1532 1455 1596 Cum
1493 1541 1730 1594 autem
1773 1532 2233 1595 intellexisset
2284 1531 2468 1594 idem
2509 1531 2803 1598 Frusius
2845 1532 3034 1611 quod

570 1650 924 1719 quartana
962 1640 1316 1703 laboraret
1360 1638 1791 1702 Tridenti'P.
1839 1639 2150 1721 Jacobus
2187 1639 2477 1719 Laynez
2517 1648 2584 1701 et
2625 1637 3034 1718 coadjutore

571 1748 807 1828 aliquo
838 1747 1216 1826 indigeret,
1251 1747 1658 1826 quemdam,
1706 1746 1825 1827 qui
1858 1747 1928 1808 in
1965 1747 2245 1809 Veneto
2279 1731 2593 1825 Collegio
2624 1755 2812 1825 erat,
2847 1745 3030 1809 Gon-

572 1856 852 1918 salvum
882 1855 1197 1934 nomine,
1232 1855 1325 1917 ad
1354 1855 1587 1934 ipsum
1615 1837 1979 1916 trasmisit.

697 1961 832 2024 107.
919 1961 1097 2025 Cum
1140 1962 1450 2024 nobilem
1499 1961 1875 2041 quemdam
1916 1971 2247 2023 venetum
2285 1959 2359 2022 P.
2409 1959 2738 2023 Andreas
2788 1960 2874 2022 de
2925 1977 3034 2022 ra·

570 2069 760 2131 tione
803 2069 1028 2131 nostri
1066 2068 1364 2131 instituti
1395 2070 1905 2148 alloqueretur,
1960 2078 2029 2130 et
2068 2067 2642 2130 constitutionem
2681 2076 3028 2142 nostram,

575 2192 714 2255 qua
763 2175 1217 2255 prohibemur
1256 2193 1344 2238 ne
1394 2175 1466 2238 in
1505 2176 1716 2238 rebus
1765 2175 1856 2238 ad
1896 2185 2161 2238 statum
2201 2159 2646 2238 dominorum
2686 2185 3037 2253 tempora—

576 2282 745 2344 lium
772 2299 903 2345 nos
933 2282 1456 2345 immisceamus
1483 2298 1615 2367 nec
1646 2282 1733 2344 de
1763 2280 2162 2361 hujusmodi
2192 2281 2403 2344 rebus
2444 2280 2826 2361 quidquam
2868 2280 3031 2342 scri-

577 2390 854 2469 bamuS,
918 2406 1219 2469 cumque
1275 2389 1504 2452 eidem
1562 2388 1857 2461 dixisset
1931 2407 2006 2451 se
2071 2389 2379 2451 noluisse
2438 2389 2753 2467 legatum
2818 2387 3040 2466 Regis

577 2496 1165 2560 christianissimi
1194 2496 1501 2559 invisere
1528 2513 1659 2558 nec
1699 2494 2150 2559 Cardinalem
2191 2496 2707 2573 Turonensem,
2740 2495 2858 2574 qui
2900 2493 3036 2557 Ve-

575 2603 783 2666 netiis
809 2612 994 2683 erat,
1029 2602 1420 2665 admiratus
1463 2612 1571 2665 est
1609 2603 1723 2664 ille
1762 2612 2036 2665 tantam
2075 2602 2146 2664 in
2178 2602 2441 2666 nostris
2470 2601 3036 2682 circumspectio-

573 2728 761 2790 nem,
795 2720 862 2773 et
890 2712 1218 2774 hortatus
1246 2720 1353 2774 est
1380 2721 1457 2773 ut
1486 2711 1671 2772 bono
1703 2710 1940 2772 animo
1981 2727 2161 2789 quae
2199 2710 2426 2772 nostri
2464 2710 2764 2773 instituti
2803 2699 3039 2772 essent

579 2833 980 2897 ageremus.

704 2923 836 2988 108.
923 2925 1172 2988 Invisit
1203 2924 1492 2987 Octobri
1515 2942 1755 2987 mense
1777 2924 1854 2987 P.
1882 2924 1941 2986 F
1940 2925 2177 2987 rusius
2201 2924 2592 3003 Collegium
2612 2924 3042 2987 Patavinum

558 3041 644 3094 et
673 3030 1028 3111 quomodo
1060 3032 1297 3095 omnia
1326 3048 1403 3094 se
1431 3032 1844 3095 habuissent
1865 3041 2025 3111 post
2051 3032 2443 3094 discessum
2466 3030 2541 3093 P.
2570 3029 2824 3112 Elpidii
2846 3031 3039 3093 intel-

575 3139 775 3218 lexit,
808 3147 876 3201 et
906 3156 1086 3218 quae
1116 3139 1189 3200 in
1216 3135 1579 3219 posterum
1608 3148 1846 3201 essent
1877 3139 2156 3217 agenda
2187 3155 2349 3201 cum
2380 3137 2693 3201 omnium
2723 3138 3036 3199 consola·

575 3245 768 3307 tione
799 3245 1164 3309 constituit
1194 3244 1239 3307 ².

705 3351 838 3415 109.
924 3350 1276 3415 Numerus
1324 3352 1942 3430 scholasticorum,
1988 3352 2107 3431 qui
2149 3352 2469 3416 Venetiis
2508 3360 2669 3414 sunt
2720 3350 3034 3428 admissi,

576 3460 1037 3529 ultradecem
1066 3477 1208 3522 non
1237 3468 1422 3538 erat;
1471 3459 1823 3522 delectum
1867 3460 2053 3543 enim
2091 3476 2248 3521 esse
2288 3459 2688 3522 habendum
2726 3475 2857 3520 nec
2895 3466 3046 3521 tam

576 3566 835 3629 multos
863 3565 1339 3649 admittendos
1366 3574 1444 3628 ut
1467 3566 1913 3629 irritarentur
1936 3560 2235 3628 aliarum
2258 3567 2664 3629 scholarum
2687 3565 3035 3643 magistri,
3072 3611 3083 3622 .

578 3672 924 3759 Dominus
953 3670 1156 3735 Prior
1184 3672 1569 3751 sentiebat,
1604 3671 1805 3751 cujus
1843 3671 2226 3751 voluntati,
2271 3672 2507 3753 quoad
2545 3670 2696 3751 ejus
2733 3672 2884 3735 fieri
2923 3690 3040 3751 po-

577 3788 794 3859 terat,
828 3778 904 3841 P.
940 3779 1234 3842 Frusius
1263 3797 1339 3842 se
1370 3779 1911 3860 attemperabat.

706 3885 838 3948 110.
926 3885 1297 3949 Hebraeus
1334 3886 1481 3966 ille,
1523 3886 1610 3949 de
1648 3903 1786 3965 quo
1836 3886 2050 3965 paulo
2091 3894 2254 3957 ante
2304 3885 2492 3966 quod
2545 3886 2636 3949 ad
2685 3885 3045 3949 Christum

580 3992 825 4055 fuisset
868 4008 1259 4056 conversus
1299 3992 1637 4071 diximu5,
1682 4002 1831 4055 tam
1870 3994 2239 4073 praeclare
2280 4010 2358 4055 se
2396 3992 2721 4071 gerebat,
2774 4001 2851 4056 ut
2899 4009 3043 4055 non

577 4101 817 4162 solum
853 4100 942 4163 ad
989 4100 1406 4178 religionem
1458 4099 1940 4163 Christianam
1982 4100 2108 4162 sed
2151 4098 2240 4160 ad
2281 4108 2544 4162 statum
2583 4100 3043 4161 consiliorum

660 4373 676 4404 ¹
735 4371 1004 4426 Polaticus,
1027 4385 1093 4417 ex
1113 4374 1506 4427 commissione,
1526 4374 1767 4417 Andreae
1794 4372 1833 4416 F
1836 4373 1993 4427 rusio,
2015 4374 2076 4415 de
2098 4373 2365 4416 retinendo
2400 4373 2536 4417 domi
2571 4373 2765 4425 Joanne
2800 4372 3041 4427 Baptista

577 4444 818 4496 hebraeo,
840 4446 881 4487 si
905 4453 956 4487 et
981 4445 1075 4500 ipsi
1096 4445 1262 4500 prosit
1285 4452 1338 4489 et
1359 4444 1477 4489 aliis
1495 4455 1595 4488 non
1617 4451 1818 4499 noceat,
1841 4446 1890 4487 21
1912 4443 2102 4497 Mar-tin
2123 4445 2186 4487 de
2202 4444 2581 4487 haereticorum
2599 4444 2744 4487 libris
2758 4455 2857 4487 non
2873 4445 3042 4498 legen-

572 4515 659 4556 dis
672 4521 748 4565 et,
768 4516 811 4558 si
832 4520 1009 4559 eorum
1029 4517 1184 4560 lecito
1204 4517 1505 4560 necessaria
1525 4517 1621 4560 sibi
1644 4516 1904 4570 videatur,
1925 4520 1982 4560 ut
2004 4516 2068 4559 ad
2090 4515 2352 4570 Ignatium
2369 4516 2583 4569 scribat,
2603 4516 2630 4558 4
2650 4514 2785 4568 Julii.

656 4584 679 4615 Ξ
736 4585 1000 4633 Polaticus.
1022 4597 1087 4629 ex
1107 4588 1502 4640 commissione,
1524 4587 1762 4631 Andreae
1785 4586 1986 4641 Frusio,
2020 4593 2078 4631 ut
2111 4587 2288 4631 videat
2324 4596 2392 4630 an
2426 4592 2481 4629 ut
2511 4585 2747 4640 Collegto
2781 4586 3044 4632 Patavina

578 4651 777 4708 praesit
799 4663 953 4709 aptus
972 4658 1038 4701 sit
1059 4657 1255 4701 Caesar
1278 4658 1508 4702 Helmius
1521 4691 1532 4710 ,
1552 4659 1607 4701 26
1626 4657 1961 4712 Septembris.
2493 4668 2498 4673 ·
