3679 5414
1610 463 1738 522 ΑΝ.
1793 463 1933 521 1552
2900 464 3009 524 459

524 615 603 668 et
631 603 929 685 injurias
960 615 1295 687 acceptas
1322 609 1502 670 alter
1531 607 1736 670 alteri
1766 607 2281 671 condonarunt.
2314 608 2515 672 Unus
2541 625 2787 672 eorum
2825 618 2999 687 erat,

530 714 656 794 qui
682 715 876 776 nulla
906 715 1184 777 ratione
1215 715 1307 778 ad
1337 716 1885 779 condonandam
1916 713 2246 795 injuriam
2276 715 2533 778 adduci
2560 724 2872 796 poterat,
2914 717 3006 780 ad

520 820 729 901 cujus
767 822 984 901 pedes
1023 822 1311 901 quidam
1350 839 1441 885 ex
1485 821 1814 886 Patribus
1858 823 2122 885 nostris
2153 840 2229 885 se
2259 823 2651 903 prostravit
2691 832 2759 885 et
2797 823 3002 886 vehe-

522 929 745 990 'menti
795 929 1087 1008 spiritus
1138 929 1439 1008 impetu,
1484 947 1616 1009 pro
1663 948 1935 1009 amore,
1980 930 2234 1009 inquit,
2290 929 2584 1005 Christi,
2639 930 2757 1010 qui
2808 932 3004 994 cruci

521 1035 780 1098 affixus
811 1036 1115 1099 inimicis
1138 1037 1478 1116 pepercit,
1515 1047 1585 1123 et
1607 1046 1684 1100 tu
1717 1039 1954 1109 omnia
1991 1036 2320 1101 condona
2353 1037 2679 1117 inimicis,
2711 1047 2778 1100 et
2807 1037 3003 1102 Deus

525 1142 650 1205 tibi
680 1150 800 1205 tua
833 1142 1284 1206 condonabit.
1321 1142 1635 1223 Repente
1662 1162 1786 1207 cor
1810 1145 2140 1219 hominiS,
2168 1161 2465 1207 saxeum
2487 1145 2707 1224 prius,
2742 1147 3012 1215 emolli·.

516 1259 672 1313 'tum
702 1260 841 1329 est,
876 1260 944 1313 et
976 1251 1287 1313 clamare
1319 1251 1554 1331 coepit
1583 1269 1660 1314 se
1693 1252 2048 1314 universis
2079 1252 2485 1330 ignoscere,
2530 1269 2662 1315 nec
2702 1254 3004 1332 amplius

524 1356 771 1432 ulcisci
803 1358 1015 1435 velle,
1052 1358 1176 1420 sed
1205 1358 1442 1436 potius
1469 1357 1787 1437 perferre
1816 1360 2169 1439 patienter
2202 1360 2510 1422 adversa
2541 1360 2779 1422 omnia
2809 1369 2876 1422 et
2905 1360 3001 1421 in·

517 1461 765 1542 jurias.
797 1463 1051 1528 Mulier
1081 1464 1296 1527 etiam
1326 1465 1676 1544 quaedam
1706 1474 1863 1528 erat
1898 1467 2157 1545 pannis
2188 1475 2256 1529 et
2288 1469 2620 1547 squalore
2653 1467 2903 1544 obsita,
2937 1477 3005 1529 et

514 1571 611 1632 ab
660 1571 1013 1653 Episcopo
1066 1572 1528 1651 impetratum
1567 1585 1674 1635 est
1714 1583 1791 1635 ut
1834 1573 1899 1635 ei
1936 1575 2351 1637 necessaria
2390 1575 3005 1637 subministraren-

518 1686 655 1740 tur.
689 1679 793 1741 Ea
824 1678 1106 1741 demum
1146 1695 1322 1741 cura
1362 1687 1433 1741 et
1473 1696 1691 1760 opera
1730 1680 1804 1742 in
1845 1698 2121 1759 eorum,
2168 1681 2287 1760 qui
2326 1681 2397 1744 in
2437 1698 2725 1743 carcere
2766 1697 3003 1742 versa·

518 1785 797 1864 bantur,
846 1785 1224 1849 utilitatem
1268 1796 1376 1849 est
1426 1787 1745 1850 adhibita
1796 1796 1874 1849 ut
1925 1805 2171 1850 omnes
2222 1788 2295 1850 hi
2343 1790 2561 1850 etiam
2608 1787 3005 1850 animarum

516 1908 811 1955 suarum
852 1893 1062 1955 saluti
1104 1896 1563 1956 consulerent
1601 1904 1670 1958 et
1712 1895 2026 1957 maxima
2073 1896 2146 1957 in
2174 1895 2485 1958 Domino
2518 1895 3002 1957 consolatione

510 2000 811 2079 ‘spiritus
840 2002 1317 2080 explerentur.
1355 2000 1614 2064 Custos
1644 2001 1860 2065 etiam
1880 2003 2205 2080 ‚carceris
2236 2020 2399 2065 cum
2445 2019 2665 2065 uxore
2704 2012 3002 2082 peccata

519 2123 648 2168 sua
681 2106 986 2170 confessi
1015 2115 1209 2186 sunt;
1245 2117 1314 2170 et
1345 2108 1580 2187 aliqua
1612 2118 1910 2189 peccata
1941 2126 2072 2188 per
2102 2126 2330 2172 annos
2359 2090 2625 2188 aliquot
2656 2110 2885 2173 celata
2915 2125 2999 2170 eo

510 2212 588 2275 -in
619 2229 911 2276 carcere
941 2231 1067 2293 per
1098 2214 1596 2278 contritionem
1626 2224 1695 2277 et
1727 2215 2247 2278 confessionem
2278 2215 2508 2279 deleta
2538 2216 2843 2279 suerunt.

643 2319 775 2382 103.
862 2320 1200 2383 Vicarius
1230 2321 1445 2384 etiam
1468 2321 1826 2402 Episcopi,
1855 2323 1976 2402 qui
2005 2339 2266 2402 magna
2299 2332 2584 2385 nostros
2614 2323 3000 2385 observan-

484 2422 614 2488 *tia
652 2428 1244 2507 prosequebatur,
1288 2428 1412 2490 uni
1450 2444 1697 2491 eorum
1736 2428 2106 2492 confessus
2150 2439 2291 2507 est3
2333 2429 2731 2509 Episcopus
2768 2438 2846 2492 ut
2883 2447 3000 2510 pa·

518 2540 700 2596 trem
749 2551 1055 2614 prorsus
1109 2543 1519 2598 nostrorum
1569 2553 1646 2598 se
1697 2537 2016 2615 gerebat,
2072 2538 2450 2617 aliquoties
2501 2535 2784 2599 scholas
2830 2537 3005 2600 invi-

516 2657 681 2704 sens
708 2651 778 2704 et
806 2659 983 2722 puer
995 2659 1076 2705 os
1104 2644 1178 2706 in
1205 2660 1469 2727 magna
1500 2644 1764 2725 pietate
1794 2653 1865 2707 et
1896 2643 2244 2709 modestia
2275 2644 2636 2707 institutos
2676 2661 2999 2723 cernenS,

515 2750 826 2814 maximo
859 2751 1079 2814 animi
1106 2750 1371 2830 gaudio
1411 2752 2006 2833 perfundebatur;
2050 2753 2198 2815 suis
2237 2753 2454 2816 etiam
2493 2753 3001 2816 exhortationi-

512 2856 645 2919 bus
675 2874 801 2920 eos
843 2857 933 2918 ad
975 2858 1453 2921 obedientiam
1491 2860 2087 2939 praeceptoribus
2124 2869 2193 2923 et
2232 2859 2747 2939 proficiendum
2785 2860 2858 2922 in
2895 2861 2998 2922 lit-

514 2965 688 3027 teris
718 2983 804 3026 ac
835 2965 1153 3027 moribus
1183 2965 1628 3029 hortabatur.
1666 2967 1744 3030 In
1778 2967 1957 3030 alios
1988 2967 2202 3030 etiam
2233 2967 2320 3030 de
2350 2969 2610 3048 populo
2643 2967 3000 3029 existima-

517 3070 619 3132 tio
649 3069 1031 3136 Societatis
1070 3071 1142 3133 in
1192 3071 1342 3135 dies
1391 3072 1949 3152 diffundebatur;
1994 3074 2119 3136 sed
2159 3082 2237 3137 ut
2275 3074 2539 3156 optimo
2590 3074 2841 3153 cuique
2883 3083 3021 3135 no-'

526 3167 841 3240 strorum
870 3178 1269 3241 institutum
1315 3197 1401 3242 ac
1432 3181 1825 3243 ministeria
1868 3181 2243 3245 charitatis
2281 3181 2679 3262 placebant,
2722 3181 2823 3243 ita
2859 3197 3000 3242 non

517 3283 821 3364 jdeerant
851 3286 970 3364 qui
999 3303 1244 3348 eorum
1273 3287 1697 3365 patientiam
1735 3277 2176 3369 exercerent,
2210 3298 2498 3352 nostros
2538 3288 3000 3350 dissimulato·

519 3407 639 3453 res
671 3391 1070 3456 vocitantes
1112 3402 1181 3455 et
1221 3393 1340 3472 qui
1385 3393 1686 3457 docendi
1723 3396 2077 3459 rationem
2121 3413 2264 3458 non
2307 3404 2659 3474 tenerent;
2703 3403 2772 3456 et
2820 3395 3003 3457 inter

516 3497 661 3561 ,hos
709 3500 1184 3578 ludimagistri
1232 3510 1604 3579 quaestum
1654 3502 1786 3564 s1bi
1828 3503 2036 3582 eripi,
2081 3520 2246 3565 nam
2285 3501 2432 3564 fere
2469 3512 2750 3565 centum
2795 3511 2863 3563 et
2900 3502 2999 3564 vi-

511 3605 703 3684 ginti
733 3606 1144 3669 scholastici
1175 3607 1266 3669 ad
1305 3618 1593 3671 nostros
1635 3609 2178 3689 conveniebant,
2224 3609 2514 3688 indigne
2556 3609 2885 3686 ferenteS‚
2935 3617 3003 3671 et

512 3713 953 3794 ⁴superfluam
977 3731 1133 3777 esse
1161 3723 1568 3778 nostrorum
1596 3733 1909 3796 operam,
1938 3734 2099 3779 cum
2122 3715 2707 3798 praeceptoribus
2730 3715 3001 3778 Mutina

517 3820 940 3902 abundaret,
974 3821 1314 3900 dicentes,
1358 3822 1579 3885 multa
1621 3832 1873 3886 contra
1912 3832 2197 3887 nostros
2237 3824 2832 3903 obloquebantur3
2877 3820 3001 3884 sed

518 3927 827 3990 veritate
856 3928 1076 4007 aliqui
1117 3928 1460 4007 compulsi
1500 3929 1751 3992 melius
1782 3929 1868 3993 de
1910 3930 2175 3992 nostris
2205 3930 2467 3993 sentire
2507 3938 2574 3992 et
2614 3928 2867 3992 melius
2897 3928 2998 3990 eis

510 4030 707 4094 affici
735 4042 1141 4114 coeperunt.
1171 4033 1410 4115 Aliqui
1433 4033 1735 4115 juvenes
1756 4046 1905 4120 tam
1930 4037 2319 4099 insolentes
2343 4045 2547 4099 erant
2569 4045 2644 4099 ut
2668 4036 2883 4098 etiam
2908 4035 2999 4097 ad

520 4148 800 4218 portam
849 4142 1019 4204 novi
1064 4141 1363 4221 Collegii
1406 4143 1753 4206 audaciae
1792 4157 1965 4206 suae
2006 4144 2538 4223 importunitate
2590 4140 3000 4222 permolesti

514 4255 787 4326 essent;
821 4248 1009 4327 quod
1039 4265 1202 4311 cum
1231 4248 1401 4312 Dux
1428 4249 1805 4314 Ferrariae
1836 4251 2334 4330 intellexisset,
2377 4251 2496 4330 qui
2525 4250 2873 4313 Mutinam
2914 4267 2998 4310 eo

516 4361 840 4434 ‘tempore
869 4365 1188 4435 venerat,
1234 4356 1325 4419 ad
1363 4358 1920 4436 gubernatorem
1958 4359 2061 4422 ire
2105 4367 2389 4422 nostros
2429 4357 2716 4436 volebat
2755 4365 2832 4419 ut
2875 4356 2993 4417 ho-

520 4476 679 4522 rum
706 4461 1156 4525 insolentiam
1183 4465 1621 4544 reprimeret.
1655 4464 1907 4528 Invisit
1936 4482 2096 4527 eum
2126 4465 2413 4542 Rector,
2449 4473 2517 4527 et
2557 4473 2879 4526 amanter
2911 4463 2998 4525 ab

520 4566 676 4646 ipso
705 4568 907 4632 Duce
936 4580 1274 4650 exceptus
1305 4580 1433 4634 est.
1471 4571 1668 4634 Tunc
1709 4573 1997 4650 quidam
2030 4590 2119 4635 ex
2151 4572 2399 4635 amicis
2439 4571 2831 4633 subsidium
2867 4588 2997 4650 pro
3091 4603 3102 4628 ι

514 4673 819 4756 Collegii
859 4678 1373 4741 sustentatione
1402 4678 1811 4759 postulavit,
1848 4689 1916 4743 et
1955 4697 2160 4743 suam
2199 4696 2489 4759 operam
2534 4677 2701 4741 Dux
2742 4678 2990 4741 obtulit
