3679 5414
1613 479 1738 538 AN.
1784 479 1923 538 1550
2914 479 2988 537 35

639 627 741 689 69.
828 626 1121 689 Praeter
1151 620 1518 688 castellum
1547 624 1739 703 illud,
1786 624 1976 703 quod
2016 624 2089 685 in
2125 623 2417 685 brachio
2458 622 2811 702 CaribdiS,
2855 623 2984 685 sub

516 736 726 799 titulo
756 732 885 796 Sti.
920 731 1341 810 SalvatoriS,
1375 714 1586 794 sit'um
1614 740 1743 811 est,
1780 732 1898 794 ubi
1928 730 2380 811 septuaginta
2411 729 2666 792 milites
2708 729 2986 810 hispani

518 859 688 905 cum
716 840 861 903 suis
890 839 1176 902 familiis
1206 847 1584 901 versantur
1614 847 1683 901 et
1720 838 1836 900 ubi
1876 836 2333 900 concionibus
2371 836 2698 916 magistri
2737 835 2987 900 Isidori

521 949 618 1011 ad
649 947 1223 1012 reformationem
1251 946 1600 1025 insignem
1631 945 1887 1007 milites
1916 944 2203 1007 adducti
2241 954 2436 1022 sunt,
2485 944 2556 1006 in
2596 944 2734 1006 alio
2775 944 2988 1006 etiam

520 1055 818 1118 castello
850 1054 1037 1117 idem
1068 1053 1350 1133 pietatis
1380 1069 1558 1131 opus
1589 1051 2007 1131 praestitum
2038 1060 2167 1114 est.

646 1161 747 1224 70.
833 1160 914 1223 In
959 1160 1247 1223 civitate
1290 1158 1776 1222 restitutiones
1827 1159 2088 1221 multae
2136 1158 2368 1221 factae
2417 1167 2612 1236 sunt;
2663 1176 2754 1220 ex
2802 1167 2991 1221 statu

528 1269 804 1351 peccati
835 1268 1157 1331 mortalis
1188 1275 1257 1329 et
1284 1267 1618 1346 periculis
1656 1282 1903 1328 eorum
1941 1265 2140 1328 multi
2177 1264 2415 1328 educti
2450 1264 2764 1344 fuerunt3
2808 1263 2993 1344 quod

524 1393 688 1439 cum
718 1375 1091 1454 religiosus
1123 1372 1408 1454 quidam
1438 1372 1703 1435 ordinis
1733 1372 2281 1452 capuccinorum
2303 1371 2403 1434 ita
2426 1389 2501 1434 se
2524 1372 2785 1434 habere
2808 1388 2992 1434 com·

525 1483 847 1564 perisset,
889 1480 980 1545 ad
1021 1481 1412 1560 Collegium
1453 1480 1678 1559 venit,
1715 1479 1869 1541 Deo
1907 1479 2181 1558 gratias
2218 1496 2442 1558 agens
2480 1496 2570 1541 ex
2607 1478 2843 1541 animo
2874 1478 2991 1558 qui
3044 1489 3051 1496 ·

524 1588 960 1653 Societatem
987 1589 1061 1651 in
1098 1587 1348 1667 spiritu
1386 1596 1455 1650 et
1494 1588 1794 1649 veritate
1833 1586 2277 1657 incedentem
2315 1586 2387 1648 in
2427 1584 2737 1648 Siciliam
2777 1585 2990 1648 addu-

527 1697 778 1774 xisset;
813 1696 1031 1776 aliqui
1059 1695 1331 1757 obsessi
1362 1712 1405 1756 a
1436 1694 1641 1756 malis
1671 1692 2035 1773 spiritibus
2066 1691 2284 1772 adjuti
2315 1701 2513 1772 sunt,
2548 1701 2618 1754 et
2646 1692 2719 1754 in
2762 1690 2992 1771 hujus·

527 1803 716 1865 modi
747 1801 1127 1864 afflictione
1158 1801 1582 1864 constitutos
1612 1800 1703 1862 ad
1732 1809 2016 1861 nostros
2053 1798 2199 1862 fere
2238 1816 2518 1878 semper
2556 1797 2989 1860 deferebant.

646 1909 747 1971 71.
836 1909 1188 1972 Numerus
1237 1917 1647 1971 nostrorum
1701 1906 1793 1969 ad
1851 1907 2142 1986 triginta
2198 1906 2334 1968 hoc
2382 1924 2568 1968 anno
2619 1904 2991 1968 Messanae

520 2015 976 2094 ascendebat,
1004 2016 1245 2078 decem
1268 2015 1405 2077 illis
1427 2014 1733 2089 novitiiS,
1764 2013 1850 2075 de
1875 2013 2126 2093 quibus
2150 2030 2387 2092 supra,
2409 2012 2857 2092 computatiS,
2875 2012 2994 2091 qui

528 2124 722 2187 velut
752 2123 883 2186 flos
912 2123 1321 2185 scholarum
1349 2122 1421 2184 in
1460 2121 1724 2184 eisdem
1766 2120 1942 2184 satis
1980 2120 2249 2199 cogniti
2286 2119 2598 2197 fuerant,
2641 2127 2710 2181 et
2749 2118 2820 2180 in
2858 2118 2991 2198 spi-

530 2232 668 2294 ritu
714 2239 785 2293 et
829 2230 1233 2293 constantia
1281 2238 1352 2291 et
1390 2228 1606 2291 animi
1646 2227 2132 2290 consolatione
2172 2227 2364 2288 viam
2401 2225 2687 2288 Domini
2720 2225 2990 2287 incede·

528 2338 699 2402 bant
732 2337 775 2397 ¹.
2267 2396 2274 2402 .

648 2445 749 2508 72.
839 2445 1232 2525 Episcopus
1253 2443 1609 2524 papiensis
1617 2491 1632 2522 ,
1659 2442 2059 2505 haereticae
2081 2441 2456 2521 pravitatis
2478 2440 2876 2521 inquisitor,
2903 2441 2992 2503 ad

533 2553 606 2615 P.
640 2552 969 2616 Natalem
998 2552 1379 2631 scripserat
1410 2559 1486 2612 ut
1514 2550 1749 2629 aliqua
1781 2549 1873 2611 ad
1901 2557 2228 2611 sanctum
2264 2548 2458 2611 illum
2500 2547 2801 2610 officium
2839 2565 2990 2627 per-

532 2661 827 2723 tinentia
865 2667 1399 2740 exsequeretur;
1441 2665 1515 2719 at
1554 2657 1715 2737 quia
1755 2655 2216 2719 criminaliter
2252 2654 2777 2736 procedendum
2813 2662 2989 2735 erat,

530 2785 674 2830 non
711 2766 783 2830 id
820 2783 1072 2828 munus
1110 2764 1512 2845 acceptavit
1562 2763 1637 2826 P.
1692 2762 1997 2840 NataliS,
2052 2762 2166 2825 cui
2208 2763 2571 2841 rescripsit
2613 2762 2994 2842 Inquisitor

530 2874 875 2937 admirari
904 2890 981 2936 se
1011 2872 1420 2953 significans
1451 2870 1638 2952 quod
1668 2869 2069 2950 hujusmodi
2106 2887 2359 2933 munus
2396 2870 2487 2933 ad
2516 2870 2849 2932 haereses
2878 2887 2993 2932 ex-

534 2981 939 3062 stirpandas
961 2980 1320 3061 pertinens
1350 2987 1734 3057 recusaret,
1765 2995 1897 3041 nec
1922 2979 2065 3041 ulla
2086 2977 2459 3058 privilegia
2490 2977 2724 3039 valida
2751 2976 2901 3039 fore
2924 2978 2994 3038 in

540 3089 865 3169 hisquae
898 3087 989 3149 ad
1014 3086 1316 3149 officium
1347 3085 1514 3148 illud
1539 3085 1890 3165 pertinent
1913 3084 2372 3148 detrectanda
2405 3083 2822 3148 affirmabat.
2857 3076 2999 3145 Sed

537 3205 774 3259 tamen
800 3202 1094 3275 propter
1117 3210 1278 3256 eum
1301 3192 1667 3255 charitatis
1696 3191 2049 3272 affectum,
2076 3209 2214 3271 quo
2243 3187 2670 3273 Societatem
2700 3190 2996 3269 comple-

532 3303 882 3380 ctebatur,
911 3301 1447 3363 excusationem
1467 3300 1536 3361 in
1558 3300 1716 3362 aliis
1738 3299 2044 3377 admisit;
2078 3299 2148 3361 in
2170 3298 2366 3360 libris
2388 3307 2625 3361 tamen
2648 3296 2993 3375 videndiS,

530 3427 634 3473 an
672 3408 1010 3472 haeretici
1049 3416 1285 3470 essent
1325 3424 1580 3486 necne,
1643 3423 1936 3485 operam
1981 3414 2387 3468 nostrorum
2436 3422 2511 3467 se
2569 3405 2784 3467 etiam
2832 3413 2998 3467 tunc

540 3514 945 3579 desiderare
976 3532 1108 3577 nec
1132 3513 1318 3593 juste
1346 3514 1596 3594 negari
1634 3530 1845 3594 posse
1888 3512 2333 3593 significavit.
2376 3512 2620 3592 Itaque
2663 3512 2734 3574 in
2762 3527 3001 3590 suspe-

541 3623 674 3686 ctis
703 3620 1105 3701 hujusmodi
1135 3621 1331 3683 libris
1372 3621 1863 3683 examinandis
1910 3619 2311 3700 Inquisitori
2348 3619 2829 3699 gratificatum
2870 3628 3000 3697 est,

542 3738 611 3792 et
640 3738 1049 3791 nostrorum
1070 3725 1332 3805 judicio
1362 3727 1560 3788 multi
1590 3727 1746 3789 libri
1777 3727 1928 3788 sine
1961 3724 2377 3806 cujusquam
2405 3725 2693 3788 infamia
2725 3724 3003 3788 combu-

544 3928 738 3972 Mariae
765 3928 1038 3981 dell'Alto,
1067 3929 1122 3972 22
1149 3928 1439 3973 Februarii.
1469 3929 1613 3973 Idem
1642 3929 1824 3973 eadem
1856 3929 1939 3972 die
1973 3929 2139 3973 eidem
2174 3929 2503 3974 Abbatissae.
2537 3929 2679 3973 Idem
2713 3927 2920 3980 Natali,
2946 3929 3008 3971 de

545 3999 725 4042 eadem
745 3999 1045 4053 Abbatissa,
1069 4000 1120 4042 17
1140 3997 1259 4042 Maii
1282 4005 1333 4042 et
1353 4000 1408 4043 20
1428 3999 1762 4054 Septembris.

626 4071 644 4102 ¹
701 4069 967 4124 Polancus,
1003 4082 1068 4113 ex
1097 4071 1490 4122 commissione,
1512 4071 1655 4115 Patri
1678 4070 1991 4128 Hieronymo
2015 4070 2189 4115 Natali
2211 4071 2272 4114 de
2295 4070 2560 4126 Magistris
2580 4071 2819 4124 juvenali
2841 4076 2893 4114 et
2925 4070 3010 4114 Pe·

545 4149 628 4185 tro
648 4139 905 4184 Bressano
925 4141 990 4185 ad
1013 4141 1371 4186 Sacerdotium
1392 4143 1753 4196 promovendis
1768 4175 1779 4197 ,
1811 4143 1860 4186 11
1894 4142 2151 4196 Januarii;
2175 4143 2235 4186 de
2255 4141 2450 4195 Joanne
2472 4142 2712 4197 Baptista
2733 4141 3008 4193 Bressano.

539 4224 636 4256 seu
656 4212 950 4267 Passarino,
979 4212 1178 4258 Isidoro
1213 4214 1396 4257 Bellini
1429 4220 1482 4257 et
1517 4213 1779 4269 Stephano
1812 4213 2069 4267 Baroello,
2104 4215 2131 4257 7
2162 4213 2315 4266 Junii.
2350 4213 2491 4258 Idem
2524 4213 2707 4267 Joanni
2741 4212 3011 4268 Baptistae

546 4283 819 4335 Bressano,
837 4294 899 4326 ne
920 4284 1163 4340 syndicus
1183 4284 1311 4328 velit
1331 4285 1585 4339 appellari
1599 4318 1611 4338 ,
1633 4291 1686 4328 et
1706 4285 2077 4339 poenitentiam
2097 4291 2224 4339 agat
2246 4285 2307 4328 de
2337 4286 2620 4330 commissis
2639 4286 2892 4330 adversus
2912 4285 3013 4329 Na·

547 4355 722 4410 talem,
743 4355 925 4399 eadem
945 4357 1043 4399 die.
1065 4355 1207 4400 Idem
1229 4355 1545 4413 Hieronymo
1565 4357 1739 4401 Natali
1754 4389 1766 4409 ,
1789 4357 1851 4399 de
1873 4357 1936 4400 iis
1950 4389 1960 4409 ,
1982 4356 2069 4411 qui
2099 4356 2263 4401 Roma
2292 4356 2583 4402 Messanam
2610 4369 2675 4412 po
2685 4363 2727 4401 st
2759 4364 3018 4402 aestatem

548 4427 785 4472 mittendi
806 4432 924 4471 sunt
938 4459 950 4480 ,
971 4427 1026 4470 23
1043 4428 1294 4483 Augusti;
1312 4428 1375 4472 de
1396 4428 1593 4472 duobus
1612 4428 1773 4472 Roma
1794 4427 2084 4471 Messanam
2104 4428 2297 4482 missis,
2318 4429 2374 4473 30
2391 4429 2645 4484 Augusti,
2669 4434 2722 4472 et
2741 4429 2770 4472 6
2790 4429 3018 4485 Septem·

549 4499 672 4552 bris;
694 4500 756 4543 de
784 4498 1138 4544 instaurandis
1164 4498 1431 4544 Messanae
1463 4500 1673 4554 studiis,
1708 4509 1983 4553 eorumque
2007 4499 2184 4543 ordine
2205 4507 2258 4543 et
2286 4501 2536 4545 lectorum
2557 4506 2664 4544 tum
2684 4501 3018 4556 antiquorum

552 4579 660 4615 tum
678 4581 930 4614 novorum
962 4570 1322 4614 distributione
1357 4577 1409 4614 et
1445 4572 1722 4624 laboribus,
1756 4570 1810 4614 20
1846 4570 2181 4624 Septembris.
2210 4571 2349 4616 Idem
2387 4572 2648 4627 Stephano
2687 4573 2929 4617 Baroeno
2966 4580 3019 4616 et

549 4641 732 4694 joanni
752 4640 1023 4696 Baptistae
1045 4641 1320 4687 Passarino
1343 4648 1399 4686 ut
1420 4644 1514 4687 sub
1534 4643 1827 4686 obedientia
1847 4642 1951 4685 sint
1966 4640 2139 4685 Patris
2156 4641 2375 4696 Natalis,
2392 4644 2418 4686 4
2435 4643 2689 4689 Octobris.
2709 4644 2846 4689 idem
2875 4644 3019 4687 Patri

552 4713 745 4763 Natali.
760 4713 823 4756 de
847 4711 1112 4768 Stephano
1134 4720 1184 4757 et
1208 4714 1403 4767 Joanne
1426 4715 1682 4769 Baptista,
1702 4716 1879 4759 eadem
1902 4713 2000 4756 die.
