3679 5414
1551 482 1678 540 ΛΝ.
1724 482 1857 540 1551
2824 482 2926 540 271

458 642 553 688 eo
614 624 941 687 libentius
998 625 1496 705 audiebantur,
1562 643 1701 706 quo
1761 626 2151 689 modestius
2209 642 2286 688 se
2336 625 2710 705 gerebant;
2764 626 2932 690 dum

460 732 656 796 enim
687 740 893 795 acute
922 750 1095 812 prae
1125 733 1282 795 aliis
1313 742 1735 813 argumenta
1764 732 2276 813 proponebant,
2311 733 2771 813 pertinaciter
2792 750 2936 796 non

466 839 851 919 urgebant,
884 856 975 902 ne
1003 840 1315 919 palmam
1341 840 1591 903 venari
1617 839 2051 903 viderentur.
2086 838 2335 902 Patres
2363 841 2609 918 etiam,
2655 841 2775 919 qui
2813 858 2932 920 pu-

464 945 650 1009 blice
688 945 1121 1025 theologiam
1169 946 1702 1026 profitebantur,
1748 956 1824 1009 ut
1866 947 2263 1010 excitarent
2311 947 2615 1010 aliorum
2666 947 2933 1010 audito-

470 1070 629 1116 rum
656 1052 912 1132 studia,
947 1054 1141 1116 circa
1164 1054 1595 1132 theologiam
1619 1054 2051 1134 languentia,
2078 1053 2591 1134 disputationes
2614 1054 2934 1133 publicas

471 1160 938 1223 instituendas
960 1177 1117 1223 esse
1139 1162 1656 1225 existimarunt.
1685 1160 1883 1240 Quae
1905 1177 2079 1240 ergo
2102 1169 2253 1224 tota
2276 1160 2718 1223 hebdomada
2733 1178 2930 1241 prae·

472 1268 657 1330 lecta
710 1266 1021 1347 fuerant,
1082 1285 1326 1330 eorum
1374 1268 1559 1331 ratio
1600 1287 1643 1331 a
1681 1269 1981 1348 nostriS,
2036 1269 2307 1348 reliquo
2360 1268 2711 1331 auditorio
2762 1269 2930 1331 assi·

466 1374 708 1453 dente,
762 1375 1069 1454 primum
1120 1375 1571 1454 exigebatur;
1626 1362 1879 1438 deinde
1930 1375 2374 1454 argumentis
2423 1375 2930 1454 impugnaban-

471 1490 586 1544 tur
618 1499 703 1544 ac
733 1480 1320 1558 defendebantur;
1349 1490 1417 1545 et
1447 1483 1730 1562 quidem
1758 1481 1835 1545 P.
1871 1481 2238 1562 ClaudiuS,
2267 1482 2387 1562 qui
2414 1481 2934 1545 haereticorum

473 1587 842 1668 opiniones
872 1587 963 1650 ad
992 1605 1302 1668 unguem
1333 1588 1668 1667 callebat,
1702 1598 1772 1652 et
1801 1588 2145 1668 singulari
2176 1589 2480 1669 quadam
2512 1598 2665 1651 arte
2696 1589 2931 1651 confu-

468 1695 692 1773 tabat,
724 1711 866 1758 non
895 1697 1124 1758 solum
1152 1696 1363 1758 valde
1391 1705 1644 1774 gratus
1673 1704 1828 1758 erat
1851 1745 1865 1773 ,
1899 1696 2025 1758 sed
2064 1712 2225 1758 cum
2268 1695 2559 1773 egregio
2597 1694 2831 1758 fructu
2863 1696 2935 1758 in

474 1819 558 1864 eo
587 1818 877 1864 munere
907 1802 1353 1865 versabatur.
1387 1801 1769 1882 Plerosque
1800 1802 2011 1881 enim,
2049 1803 2167 1881 qui
2195 1820 2338 1865 non
2360 1802 2609 1865 leviter
2632 1801 2932 1865 luthera-

468 1925 727 1971 norum
754 1909 1307 1990 sophismatibus
1340 1909 1591 1972 irretiti
1620 1917 1846 1989 erant,
1880 1909 2297 1972 lectionibus
2335 1918 2406 1972 et
2442 1908 2933 1972 confutationi-

469 2016 603 2078 bus
631 2015 707 2077 P.
742 2016 1019 2079 Claudii
1046 2016 1384 2079 liberatos
1414 2016 1503 2078 ab
1526 2016 1888 2079 erroribus
1909 2016 2126 2079 fuisse
2149 2016 2543 2090 constabat3
2572 2025 2641 2078 et
2663 2016 2762 2078 ita
2785 2015 2934 2095 ejus

473 2123 901 2186 auditorium
930 2123 1262 2203 frequens
1292 2133 1445 2186 erat
1475 2124 1544 2186 et
1573 2125 1975 2204 complures
2018 2124 2155 2186 viri
2195 2122 2547 2203 primarii,
2591 2140 2675 2184 ac
2719 2123 2934 2185 etiam

472 2231 794 2309 praelati,
829 2230 1247 2293 lectionibus
1270 2229 1419 2310 ejus
1450 2230 1733 2294 assidue
1755 2231 2165 2294 intererant.

593 2336 731 2399 220.
819 2335 978 2400 Non
1008 2337 1300 2416 perinde
1345 2337 1416 2400 id
1455 2337 1715 2400 accidit
1752 2337 1827 2401 P.
1871 2337 2165 2401 Nicolao
2204 2336 2532 2417 LanoyO.
2575 2338 2729 2400 sive
2768 2338 2935 2417 quia

471 2443 899 2506 scholastica
939 2444 1172 2507 studia
1214 2444 1542 2524 Magistri
1580 2446 2091 2509 sententiarum
2132 2444 2322 2525 apud
2357 2461 2740 2524 germanos
2777 2446 2935 2525 plus

472 2551 648 2613 satis
678 2559 832 2613 erat
860 2568 1102 2628 exosa,
1136 2552 1290 2614 sive
1323 2551 1509 2632 quod
1538 2551 1710 2632 ipse,
1745 2549 1999 2615 lentior
2025 2552 2097 2615 in
2119 2552 2678 2632 pronunciandO,
2705 2552 2938 2631 magis

470 2658 841 2722 doctrinae
871 2675 1084 2739 quam
1112 2659 1391 2739 gratiae
1420 2659 1701 2723 laudem
1722 2667 2093 2740 reportare
2114 2668 2394 2739 poterat
2415 2659 2487 2722 in
2510 2676 2594 2722 eo
2619 2676 2932 2723 munere.

474 2765 676 2830 Unde
727 2783 888 2828 cum
926 2768 1017 2830 ad
1052 2767 1594 2846 gubernandum
1633 2768 2002 2847 egregium
2040 2767 2380 2830 talentum
2424 2766 2702 2830 adferre
2743 2766 2938 2830 Patri

473 2872 771 2937 Claudio
801 2874 1185 2950 videretur,
1220 2884 1289 2937 et
1316 2893 1460 2938 non
1490 2875 1588 2938 ita
1622 2875 1712 2937 ad
1743 2875 2161 2954 docendum,
2198 2875 2415 2938 alium
2436 2874 2551 2937 ille
2575 2874 2939 2937 doctorem

478 2981 883 3060 theologum
912 2999 953 3043 a
985 2980 1061 3044 P.
1094 2982 1372 3060 Ignatio
1401 2991 1642 3062 petere
1671 2982 1945 3062 coepit;
1979 2982 2192 3044 immo
2231 2990 2301 3044 et
2339 2981 2517 3044 duos
2558 2981 2781 3043 nostri
2821 2998 2935 3042 ex-

477 3088 830 3168 petebant,
863 3097 940 3151 ut
969 3089 1119 3167 ipse
1151 3089 1364 3152 etiam
1393 3088 1469 3151 P.
1505 3088 1842 3153 Claudius
1872 3088 1964 3152 ad
1994 3089 2374 3152 conciones
2412 3088 2689 3151 italicas
2734 3094 2801 3149 et
2847 3086 2939 3148 ad

479 3195 766 3273 negotia
789 3195 1080 3276 majoris
1102 3197 1442 3259 momenti
1464 3196 1839 3258 tractanda
1864 3196 1956 3258 ad
1979 3195 2372 3259 catholicae
2396 3194 2760 3273 religionis
2781 3210 2937 3272 pro·

479 3301 861 3365 motionem
884 3303 1171 3366 liberior
1198 3312 1406 3366 esset.
1435 3302 1800 3366 Accedere
1822 3301 2009 3365 enim
2033 3302 2465 3382 incipiebant
2489 3300 2705 3381 aliqui
2728 3301 2942 3363 etiam

478 3409 748 3472 nobiles
777 3410 936 3485 viri,
970 3418 1045 3472 ut
1075 3427 1324 3472 eorum
1364 3408 1850 3473 confessiones
1896 3409 2340 3488 audirentur,
2386 3408 2505 3489 qui
2546 3418 2615 3470 et
2659 3425 2942 3471 sacram

477 3517 1044 3579 communionem
1073 3534 1215 3579 una
1253 3533 1414 3579 cum
1457 3516 1721 3579 nostris
1758 3515 2120 3596 suscipere
2161 3515 2539 3595 optabant;
2585 3524 2652 3577 et
2689 3515 2941 3577 horum

477 3640 814 3687 numerus
843 3624 1017 3686 satis
1049 3624 1419 3703 augendus
1449 3624 1864 3704 putabatur,
1900 3624 1963 3686 si
1992 3624 2430 3698 sacerdotes,
2467 3622 2584 3702 qui
2614 3622 2776 3684 huic
2819 3622 2939 3684 mi-

477 3731 768 3794 nisterio
800 3731 1050 3794 darent
1082 3748 1405 3812 operam,
1440 3731 1932 3795 accessissent.

597 3837 739 3901 221.
831 3837 1010 3902 Cum
1031 3838 1246 3902 etiam
1268 3838 1424 3901 Rex
1445 3855 1906 3901 romanorum
1929 3836 2405 3917 provinciales
2429 3835 2938 3913 adolescenteS,

478 3962 731 4008 sacrae
760 3945 1163 4024 theologiae
1193 3946 1424 4009 studio
1455 3944 1849 4023 dedicatoS,
1882 3962 1925 4007 a
1970 3944 2118 4007 suis
2147 3942 2527 4006 ditionibus
2565 3942 2945 4005 mittendos

478 4069 659 4132 esse,
687 4053 759 4115 in
783 4062 1160 4133 conventu,
1196 4052 1286 4116 ad
1317 4052 1679 4132 religionis
1703 4051 2280 4114 reformationem
2302 4049 2566 4128 habito,
2596 4050 2945 4112 decrevis-

482 4168 611 4237 set,
645 4159 793 4223 sere
835 4160 1349 4241 quinquaginta
1388 4178 1479 4224 ex
1519 4159 1655 4222 inis
1694 4160 1767 4223 in
1810 4159 2024 4222 domo
2063 4157 2371 4238 quadam
2408 4156 2671 4219 nostris
2710 4155 2947 4218 vicina

484 4264 917 4345 habitabant,
950 4276 1020 4329 et
1049 4284 1293 4329 eorum
1321 4275 1823 4347 praeceptores
1854 4283 1939 4328 ac
1967 4263 2310 4345 praefecti
2340 4278 2501 4325 cum
2529 4261 2604 4325 P.
2653 4261 2949 4325 Claudio

479 4371 572 4434 de
593 4372 868 4435 ratione
890 4373 1351 4436 institutionis
1373 4390 1622 4436 eorum
1641 4372 1974 4452 agebant,
2002 4380 2071 4434 et
2098 4386 2345 4433 omnes
2368 4370 2561 4448 leges
2574 4386 2705 4449 pro
2730 4368 2952 4447 ipsius

486 4478 764 4542 Claudii
793 4479 1086 4543 arbitrio
1117 4480 1257 4544 illis
1286 4480 1930 4559 constituebantur;
1965 4487 2036 4540 et
2065 4485 2566 4557 praeterquam
2605 4475 2791 4556 quod
2823 4493 2949 4538 eos

484 4586 632 4649 suis
659 4587 1274 4650 exhortationibus
1297 4585 1388 4649 ad
1409 4587 1747 4667 pietatem
1770 4584 2209 4663 hortabatur,
2239 4582 2453 4645 etiam
2476 4582 2952 4645 confessionis

485 4694 721 4772 gratia
753 4692 1038 4756 domum
1061 4701 1382 4757 nostram
1404 4701 1482 4756 ut
1501 4693 1926 4757 accederent
1949 4708 2197 4755 eorum
2218 4687 2562 4771 praefecti
2587 4688 2948 4769 optabant.
