3679 5414
1592 393 1718 452 ΑΝ.
1765 395 1900 454 1551
2874 397 2982 457 235

517 537 911 618 Episcopus
943 536 1056 599 ille
1085 538 1394 617 prudens
1422 548 1492 601 et
1522 539 1775 603 doctus
1805 541 2425 620 contradictioneS,
2461 559 2639 622 quas
2670 543 2980 622 patieba-

514 654 631 707 tur
661 643 1002 718 SocietaS,
1038 662 1166 724 pro
1199 661 1463 722 magna
1492 646 2003 730 approbatione
2025 648 2128 710 illi
2150 664 2306 710 esse
2336 658 2406 710 et
2429 648 2832 712 salutiferas
2862 648 2979 712 ad-

512 752 801 815 modum
831 768 987 814 esse
1017 752 1428 815 censendas,
1463 751 1623 815 Non
1653 754 1869 833 igitur
1898 755 2191 817 ulterius
2229 755 2407 817 haec
2446 757 2777 819 tractatio
2812 766 2979 820 tunc

509 859 796 938 quidem
824 875 1209 939 progressa
1235 868 1364 937 est,
1400 877 1559 922 cum
1590 861 1834 941 paucis
1865 868 2024 942 post
2054 862 2518 925 hebdomadis
2557 863 2642 926 de
2686 863 2978 927 dissolu-

514 966 703 1029 tione
742 965 1039 1030 Concilii
1076 967 1197 1045 agi
1237 976 1563 1046 coeptum
1602 967 1847 1047 fuerit;
1894 986 2061 1032 nam
2112 976 2589 1049 protestantes
2640 971 2980 1034 miserunt
3027 1037 3030 1040 Α

509 1073 795 1153 quidem
842 1072 1254 1137 Tridentum
1305 1075 1641 1154 aliquem,
1696 1075 1814 1155 qui
1863 1075 2151 1138 domum
2201 1076 2374 1155 ipsis
2426 1077 2855 1139 conduceret
2908 1087 2977 1141 et

508 1198 674 1244 cum
699 1198 833 1244 nec
863 1181 1115 1244 domus
1142 1199 1275 1244 nec
1304 1183 1607 1262 pretium
1636 1182 1700 1245 ei
1722 1181 2190 1262 satisfaceret,
2225 1200 2302 1245 re
2324 1183 2586 1246 infecta
2609 1184 2723 1246 ille
2751 1201 2977 1247 reces-

511 1289 625 1350 sit.
658 1288 1127 1352 Nihilominus
1159 1297 1500 1352 venturos
1530 1307 1686 1353 esse
1717 1289 2124 1369 aliquandiu
2153 1291 2603 1370 sperabatur;
2627 1281 2763 1353 ¹sed
2794 1301 2978 1372 post·

510 1412 598 1456 ea
620 1395 1048 1457 intellectum
1066 1405 1172 1479 est
1189 1395 1379 1475 quod
1396 1413 1639 1459 omnes
1656 1397 1985 1460 doctores
2002 1396 2354 1460 lutherani
2367 1414 2620 1460 versus
2643 1397 2979 1478 Angliam

515 1511 987 1595 recesserant,
1022 1511 1091 1564 et
1119 1502 1181 1565 si
1219 1503 1611 1606 venissent,
1656 1504 1850 1566 nulla
1900 1520 2063 1583 spes
2104 1503 2190 1567 de
2228 1503 2544 1584 ipsorum
2582 1513 2734 1566 erat
2782 1504 2980 1567 redu·

511 1609 777 1688 ctione,
815 1609 940 1672 sed
970 1610 1502 1689 perturbassent
1532 1609 1922 1673 Concilium
1952 1621 2023 1673 et
2053 1611 2409 1674 dilationis
2439 1628 2656 1673 causa
2686 1610 2982 1675 fuissent

511 1727 615 1795 et,
649 1715 924 1797 hospite
956 1717 1365 1795 insalutatO,
1420 1735 1579 1780 cum
1609 1717 1975 1780 eisvisum
2022 1727 2239 1796 esset,
2283 1716 2372 1778 ad
2412 1735 2541 1780 sua
2578 1717 2977 1782 rediissent.

511 1822 901 1901 Imperator
932 1823 1385 1887 nihilominus
1417 1840 1632 1903 aegre
1661 1823 1732 1886 id
1759 1824 1938 1902 tulit,
1975 1842 2137 1887 cum
2165 1824 2523 1904 principes
2552 1824 2979 1888 Germaniae

508 1931 861 1994 lutherani
890 1948 1058 1994 suos
1088 1931 1417 1994 doctores
1457 1949 1533 1994 se
1563 1931 1910 1995 missuros
1941 1931 2006 1993 ei
2036 1932 2547 2011 promisissent.
2596 1931 2776 1995 Cum
2804 1951 2978 2012 ergo

509 2038 684 2120 haec
723 2055 887 2119 spes
926 2049 1277 2101 cessasset
1314 2048 1384 2103 et
1426 2038 1737 2101 Praelati
1776 2039 1866 2102 ad
1905 2038 2116 2102 finem
2156 2038 2456 2102 Concilii
2502 2039 2974 2119 adspirarent.

507 2145 602 2208 ad
624 2163 935 2208 mensem
956 2145 1225 2208 Maium
1254 2146 1489 2216 omnia
1520 2148 1749 2209 soluta
1780 2145 1932 2208 fore
1962 2146 2404 2227 sperabatur;
2432 2145 2767 2226 quidquid
2790 2148 2979 2209 enim

506 2261 910 2333 supererat,
956 2252 1179 2315 tribus
1224 2252 1654 2316 sessionibus
1696 2251 1952 2316 confici
1980 2269 2190 2333 posse
2222 2252 2617 2316 videbatur.
2652 2249 2977 2316 Accessit

505 2359 696 2438 quod
727 2368 1102 2440 postquam
1132 2360 1516 2438 exercituS,
1553 2361 1671 2440 qui
1701 2360 2265 2440 Magdeburgum
2294 2360 2690 2440 obsidebat,
2740 2360 2971 2423 dimis-

507 2483 628 2528 sus
657 2475 784 2546 est,
812 2484 1054 2529 rumor
1087 2466 1530 2529 increbuerat
1554 2466 1822 2545 aliquot
1852 2467 2150 2529 militum
2179 2466 2396 2529 millia
2428 2467 2860 2546 equestrium
2890 2484 2975 2530 ac

506 2573 937 2652 pedestrium
974 2589 1231 2653 urgere
1271 2573 1735 2652 Lansgravii,
1780 2574 1900 2653 qui
1942 2573 2173 2636 adhuc
2214 2583 2466 2653 captus
2509 2573 2971 2653 detinebatur,

502 2679 1015 2761 dimissionem,
1053 2688 1121 2744 et
1152 2681 1419 2761 aliquot
1448 2690 1685 2743 castra
1726 2681 2145 2760 electorum,
2187 2679 2582 2760 Moguntini
2624 2690 2693 2745 et
2733 2681 2793 2745 T
2793 2681 2973 2749 revie

507 2787 764 2867 rensiS,
799 2789 1093 2868 cepisse.
1129 2788 1372 2868 Itaque
1403 2789 1749 2851 electores
1778 2789 2020 2851 statim
2049 2806 2089 2849 a
2114 2789 2370 2867 legatis
2398 2787 2809 2853 facultatem
2840 2790 2975 2852 dis-

501 2895 800 2958 cedendi
828 2896 1211 2976 petierunt,
1254 2896 1580 2975 quamvis
1614 2896 2006 2975 Imperator
2053 2895 2339 2975 rogavit
2387 2913 2509 2958 eos
2557 2913 2647 2959 ne
2693 2897 2974 2960 recede·

507 3012 694 3082 rent,
729 3012 797 3065 et
827 3003 977 3083 ipse
1009 3021 1256 3066 curam
1286 3004 1598 3082 suscepit
1629 3002 1949 3067 homines
1981 3003 2137 3065 illos
2169 3001 2499 3065 seditiose
2541 3013 2835 3082 agentes
2872 3021 2974 3066 re-

506 3109 873 3190 primendi.
910 3109 969 3171 T
973 3110 1320 3172 imebatur
1351 3119 1587 3173 autem
1619 3110 1828 3189 quod,
1856 3108 2346 3171 recedentibus
2377 3109 2820 3188 electoribus,
2855 3110 2978 3172 alii

507 3225 716 3297 atque
755 3217 874 3278 alii
913 3216 1356 3291 recederent,
1413 3225 1481 3279 et
1535 3216 1930 3280 Concilium
1978 3225 2164 3278 esset
2215 3215 2762 3279 dissolvendum.
2819 3216 2975 3279 Hoc

508 3333 742 3386 tamen
767 3341 1008 3387 mense
1031 3323 1430 3403 Decembri,
1459 3332 1837 3404 postquam
1862 3323 2174 3402 theologi
2203 3322 2592 3385 sententias
2621 3322 2971 3403 dixerant,

502 3431 830 3495 doctrina
860 3430 946 3493 de
976 3422 1185 3493 rebus
1215 3431 1598 3511 propositis
1628 3431 1952 3493 confecta
1981 3440 2121 3507 est,
2155 3439 2224 3492 et
2252 3427 2560 3492 Praelati
2596 3438 2756 3510 post
2795 3429 2979 3493 festa

506 3537 842 3601 Natalitia
874 3536 959 3600 de
988 3536 1352 3601 Sacrificio
1383 3538 1645 3601 Missae
1688 3548 1757 3601 et
1799 3536 2262 3601 Sacramento
2301 3537 2601 3617 ordiniS,
2651 3539 2978 3617 quamvis

506 3643 592 3706 de
631 3646 1123 3708 communione
1163 3646 1292 3707 sub
1332 3653 1628 3725 utraque
1669 3646 1905 3725 specie
1949 3653 2017 3708 et
2055 3645 2518 3725 parvulorum
2557 3645 2978 3708 credebatur

505 3754 1003 3837 tractationem
1034 3770 1189 3815 esse
1215 3752 1749 3816 differendam...
1783 3750 1800 3782 ¹
1825 3754 1913 3816 Et
1936 3752 2115 3814 haec
2139 3752 2224 3815 de
2256 3751 2572 3815 Concilio
2597 3751 2735 3814 sint
2760 3751 2972 3830 dicta,

502 3859 694 3938 quod
724 3859 816 3921 ad
844 3867 1127 3922 nostros
1159 3859 1407 3923 attinet
1437 3857 1483 3922 ¹.

590 4066 605 4098 ¹
664 4064 762 4119 Sic,
785 4066 1059 4119 sententia,
1082 4071 1139 4109 ut
1157 4070 1320 4120 patet,
1342 4076 1442 4109 non
1464 4065 1689 4119 expleta.

586 4137 609 4169 ¹
664 4136 933 4189 Polancus,
957 4148 1023 4180 ex
1038 4138 1439 4186 commissione,
1459 4135 1603 4179 Patri
1626 4134 1853 4191 Laynez,
1875 4134 1937 4177 de
1961 4133 2237 4178 societatis
2258 4132 2498 4178 instituto
2518 4133 2835 4178 auctoritate
2854 4134 2978 4178 Con—

504 4210 612 4254 cilii
634 4209 981 4253 confirmando
1005 4209 1203 4253 dedisse
1221 4210 1331 4263 jam
1351 4208 1560 4252 litteras
1580 4206 1837 4261 lgnatlum
1858 4206 1924 4250 ad
1945 4204 2301 4259 Portuganiae
2323 4204 2519 4260 Regem
2538 4211 2590 4249 et
2611 4206 2677 4249 ad
2701 4205 2975 4260 Hispania-

510 4291 623 4324 rum
644 4280 958 4335 Principem,
982 4290 1031 4323 ct
1053 4280 1259 4334 insuper
1279 4285 1581 4323 curaturum
1602 4280 1669 4322 ab
1689 4278 1805 4322 aliis
1825 4276 2087 4331 primariis
2107 4277 2264 4331 viris,
2287 4276 2733 4321 Universitatibus
2754 4284 2805 4321 et
2825 4288 2975 4331 prae-

507 4353 631 4396 latis
651 4352 945 4396 testimonia
967 4353 1158 4395 habere
1182 4352 1245 4395 de
1266 4350 1542 4395 Societatis
1569 4349 1872 4394 ministeriis
1902 4355 1953 4393 et
1985 4349 2172 4402 agendi
2203 4348 2380 4402 mod0,
2409 4348 2464 4391 29
2493 4348 2824 4400 Novembris;
2844 4348 2978 4392 idem

507 4424 721 4469 Claudio
757 4423 887 4475 Jaio‚
923 4424 984 4467 de
1020 4423 1294 4467 obtinendo
1330 4422 1625 4467 testimonio
1659 4421 1817 4475 Regis
1851 4420 2217 4473 Romanorum,
2253 4420 2386 4474 quod
2419 4420 2485 4464 ad
2521 4419 2804 4464 Concilium
2841 4421 2977 4464 mitti

507 4497 699 4547 valeat,
725 4496 776 4538 15
795 4495 1110 4548 Decembris;
1132 4496 1268 4539 idem
1290 4494 1533 4538 Patribus
1553 4493 1762 4550 Laynez
1783 4498 1835 4536 et
1859 4492 2128 4536 Salmeron
2149 4491 2310 4535 mittit
2331 4498 2641 4546 argumenta
2662 4504 2770 4545 sex,
2794 4492 2978 4547 quibus

506 4565 831 4609 convincitur
852 4576 949 4608 non
971 4572 1211 4620 oportere
1232 4564 1672 4609 confirmationem
1695 4561 1976 4608 societatis
2006 4573 2037 4606 a
2069 4561 2297 4606 Concilio
2327 4563 2593 4616 postulare
2611 4596 2622 4615 ,
2644 4570 2698 4606 et
2719 4574 2891 4606 eorum
2914 4562 2979 4607 de

510 4637 573 4680 ils
592 4638 905 4692 sententiam
928 4637 1153 4693 exquirit
1168 4638 1251 4692 „21
1275 4637 1592 4680 Decembris.
