3679 5414
687 445 792 515 '1'12
1610 457 1866 516 Cimon.
1907 455 2062 516 Soc.
2103 456 2242 529 JEs.

683 582 1027 681 Duegnas
1058 603 1452 681 dicebatur,
1484 604 1763 666 locutus
1802 612 1938 680 est,
1982 603 2102 682 qui
2146 603 2491 665 instanter
2528 603 2908 666 admodum
2947 605 3036 667 ab
3066 621 3154 668 eo

685 710 1072 789 postulavit
1122 718 1198 772 ut
1242 710 1334 772 ad
1372 710 1780 772 Adventum
1817 720 2226 790 sequentem
2269 710 2448 772 duos
2487 709 2735 772 Patres
2774 709 3157 774 Soc-ietatis

685 816 1172 896 Methymnam
1202 818 1531 879 mitteret.
1565 816 1742 879 Cum
1772 818 1960 879 enim
1990 817 2346 879 nundinae
2376 817 2688 879 celebres
2717 835 2802 880 eo
2834 826 3149 897 tempore

684 926 1232 1002 celebrarentur,
1265 941 1393 1003 per
1416 924 1794 986 conciones
1818 934 1887 986 et
1910 923 2432 985 confessionum
2456 924 2920 987 ministerium
2942 942 3152 1004 posse

687 1034 1070 1095 multorum
1100 1031 1376 1093 animas
1397 1029 1634 1110 juvari
1664 1030 2080 1092 affirmabat.
2112 1030 2271 1092 Non
2301 1031 2525 1110 potuit
2557 1031 2656 1093 illi
2683 1030 2953 1093 Doctor
2982 1031 3149 1095 Tor-

684 1156 800 1201 res
830 1140 965 1201 hoc
995 1155 1292 1217 negare,
1326 1138 1508 1199 unde
1539 1137 1614 1199 P.
1649 1136 2045 1217 Baptistam
2085 1154 2244 1199 cum
2284 1138 2423 1200 alio
2464 1137 2833 1199 sacerdote
2864 1139 2957 1200 ad
2985 1157 3149 1201 con-

685 1246 952 1308 dictum
985 1255 1260 1325 tempus
1289 1244 1773 1324 Methymnam
1802 1243 1991 1306 misit
2029 1253 2105 1305 ut
2145 1245 2393 1306 saltem
2434 1245 2528 1305 ibi
2572 1244 2969 1324 quindecim
3001 1246 3152 1309 dies

678 1361 1067 1416 manerent.
2235 1356 2252 1371 '

802 1459 946 1522 266.
1034 1458 1174 1552 §ed
1203 1460 1538 1538 quoniam
1565 1460 1855 1521 brevius
1884 1476 2096 1537 quam
2135 1476 2267 1537 par.
2305 1468 2459 1521 erat
2497 1460 2875 1521 transitum
2916 1459 2990 1521 Ρ.
3025 1460 3154 1522 Ba·

678 1568 937 1647 ptistae
975 1577 1046 1629 et
1086 1566 1383 1648 Joannis
1433 1565 1742 1628 Alvarez
1792 1583 1918 1645 per
1968 1566 2145 1628 haec
2190 1565 2467 1646 oppida,
2513 1583 2672 1628 cum
2716 1565 3148 1630 Salmantica

682 1673 1125 1736 discedentes
1155 1673 1432 1751 Burgos
1459 1682 1860 1753 pergerent,
1894 1673 2468 1753 perstrinximuS,
2502 1674 2712 1752 paulo
2744 1673 3149 1751 diligentius

681 1780 1035 1859 quomodo
1060 1797 1176 1841 res
1203 1788 1409 1859 gesta
1436 1779 1668 1858 fuerit,
1704 1780 2103 1842 declarabo,

799 1887 941 1952 267.
1031 1886 1207 1949 Cum
1258 1887 1369 1948 die
1418 1884 1712 1949 Sabbati
1759 1885 1850 1958 23,
1890 1885 2199 1965 Augusti
2250 1885 2684 1949 Salmantica
2735 1888 3144 1951 recederent

679 1992 930 2056 Patres
957 1993 1274 2075 Joannes
1303 1994 1612 2056 Alvarez
1642 2003 1710 2055 et
1739 1992 2060 2072 Baptista
2104 1992 2422 2056 Sanchez
2463 2011 2626 2056 cum
2668 1995 2881 2056 sociis
2909 1994 2968 2057 F
2970 1996 3148 2057 erdi-

679 2100 914 2162 nando
946 2101 1258 2163 Alvarez
1288 2116 1371 2162 ac
1403 2100 1822 2179 Pegnalosa,
1857 2118 1983 2179 per
2006 2102 2163 2162 loca
2187 2101 2347 2162 viae
2370 2100 2631 2179 vicina,
2658 2099 3012 2164 dominica
3036 2102 3146 2165 die

682 2206 1001 2286 sequenti
1052 2207 1462 2269 concionari
1501 2206 2040 2269 constituerunt.-
2078 2206 2255 2269 Tres
2297 2224 2470 2286 ergo
2510 2225 2600 2270 ex
2638 2208 2774 2269 illis
2812 2209 2884 2269 in
2921 2208 3146 2271 tribus

680 2313 855 2375 locis
895 2322 1058 2374 sunt
1098 2312 1528 2389 concionati,
1570 2313 1688 2375 ubi
1741 2292 2002 2391 magna
2046 2330 2205 2374 cum
2246 2313 2594 2376 charitate
2632 2313 2913 2377 suerunt
2943 2332 3142 2377 exce-

678 2420 803 2498 pti;
836 2429 904 2481 et
948 2420 1276 2498 quamvis
1305 2419 1596 2498 egregio
1626 2437 1789 2481 cum
1815 2418 2049 2482 fructu
2080 2436 2324 2481 omnes
2362 2420 2876 2499 laboraverint,
2913 2422 3143 2501 copio-

680 2526 940 2588 siorem
985 2526 1284 2588 caeteris
1334 2526 1571 2589 retulit
1613 2525 1688 2588 Ρ.
1735 2525 2045 2607 Joannes
2088 2525 2423 2605 Alvarez,
2471 2527 2584 2588 cui
2628 2528 2878 2606 obtigit
2917 2526 3144 2607 major

682 2632 971 2713 quidam
1000 2634 1322 2713 populuS,
1355 2633 1427 2694 in
1458 2650 1686 2713 quem,
1738 2650 1900 2695 cum
1941 2633 2198 2696 festum
2240 2634 2593 2714 quoddam
2639 2636 3136 2715 celebraretur,

679 2742 879 2803 multi
909 2742 1125 2804 etiam
1153 2742 1429 2804 externi
1458 2741 1969 2820 confluxerant3
2003 2750 2073 2803 et
2100 2751 2299 2804 tanta
2324 2759 2483 2804 cum
2512 2743 2746 2821 gratia
2777 2761 2861 2805 ac
2892 2744 3140 2822 spiritu

680 2849 1142 2911 concionatus
1173 2859 1300 2927 est,
1334 2858 1409 2911 ut
1442 2866 1687 2911 omnes
1717 2866 1979 2928 magna
2010 2849 2476 2911 admiratione
2505 2851 2816 2928 perculsi
2853 2849 3135 2927 fuerint;

679 2966 748 3018 et
788 2956 1107 3035 primarii
1148 2974 1238 3018 ex
1277 2957 1535 3036 populo
1575 2966 1651 3019 ut
1693 2973 1911 3035 penes
1950 2973 2027 3018 se
2077 2974 2237 3019 eum
2286 2957 2669 3019 retinerent
2699 2958 3141 3033 laborabant:

678 3072 747 3125 et
778 3080 938 3124 cum
971 3062 1155 3124 dona
1185 3063 1405 3125 multa
1435 3062 1796 3140 offerrent,
1831 3064 1935 3125 eis
1977 3080 2123 3124 non
2151 3062 2510 3140 admissiS,
2555 3062 2644 3125 ad
2686 3064 3029 3142 hospitale
3068 3083 3143 3129 se

680 3170 1005 3248 contulit3
1039 3187 1179 3248 quo
1209 3187 1371 3231 cum
1410 3170 1756 3249 primores
1793 3179 1941 3232 tam
1979 3169 2446 3232 ecclesiastici
2488 3186 2700 3249 quam
2736 3172 3142 3235 saeculares

572 3272 578 3278 ’
682 3277 1164 3354 convenirent,
1207 3285 1277 3339 et
1315 3275 1405 3339 ad
1456 3293 1624 3338 suas
1674 3277 1922 3339 domos
1959 3278 2222 3339 vellent
2262 3277 2634 3355 deducere,
2677 3295 2818 3339 non
2857 3278 3144 3341 admisit

682 3384 794 3446 ille
826 3383 1137 3463 quidem,
1171 3382 1294 3445 sed
1324 3383 1397 3444 in
1423 3384 2061 3446 remunerationem
2092 3382 2298 3463 hujus
2327 3383 2555 3445 bonae
2584 3385 2973 3446 voluntatis
3003 3386 3138 3465 spi-

677 3491 1003 3553 ritualem
1055 3490 1621 3553 exhortationem
1671 3491 1762 3553 ad
1812 3508 1939 3552 eos
1993 3491 2266 3566 habuit,
2329 3498 2475 3552 tam
2526 3491 2713 3553 dulci
2763 3491 3015 3570 spiritu
3064 3501 3143 3554 ut

677 3598 937 3658 multos
978 3597 1068 3658 ad
1106 3598 1466 3677 lacrymas
1496 3607 2006 3675 commoveret3
2052 3607 2120 3659 et
2159 3597 2554 3677 aliquorum
2593 3597 2815 3660 corda
2844 3597 2946 3660 sic
2992 3599 3140 3660 teti-

678 3704 786 3781 git
817 3702 1045 3780 DeuS,
1080 3704 1201 3782 qui
1230 3705 1469 3766 statim
1498 3702 2014 3766 confessionem
2053 3702 2402 3780 fecerunt3
2450 3712 2518 3766 et
2562 3704 2813 3766 eodem
2842 3704 2953 3766 die
2997 3713 3146 3767 tres

679 3809 1105 3873 concordiae
1155 3811 1334 3873 inter
1378 3809 1795 3873 dissidentes
1833 3810 2030 3872 viros
2072 3821 2404 3890 peractae
2446 3821 2639 3886 sunt,
2689 3828 2869 3890 quae
2908 3811 3145 3875 multis

681 3918 928 3980 diebus
957 3919 1207 3997 peragi
1244 3936 1387 3980 non
1416 3926 1811 3997 potuerant.
1847 3918 2114 3981 Eadem
2143 3919 2256 3981 die
2286 3918 2662 3981 Dominica
2702 3918 2792 3980 ad
2823 3919 3040 3981 alium
3067 3937 3144 3982 se

678 4027 1021 4106 populum
1060 4026 1509 4088 contulerunt
1548 4025 1674 4087 sub
1712 4035 1950 4100 nocte,
2001 4025 2116 4087 ubi
2155 4042 2493 4103 magnum
2535 4026 2747 4088 etiam
2788 4025 3141 4105 quoddam

673 4133 937 4195 festum
968 4133 1337 4212 agebatur3
1365 4150 1522 4194 cum
1554 4140 1788 4195 autem
1816 4131 1892 4194 P.
1918 4131 2241 4211 Baptista
2264 4134 2636 4195 tumultum
2664 4132 2904 4211 populi
2931 4132 3143 4194 rebus

674 4240 880 4302 vanis
913 4240 1127 4302 dediti
1164 4240 1469 4317 videret,
1502 4240 1652 4301 zelo
1676 4239 1987 4301 maximo
2018 4239 2308 4301 honoris
2337 4237 2471 4300 Dei
2501 4247 2569 4300 et
2599 4237 2847 4300 salutis
2877 4238 3141 4301 anima·

673 4364 831 4409 rum
863 4347 933 4409 in
964 4347 1117 4426 ipsa
1163 4346 1284 4410 via
1327 4346 1607 4427 publica
1646 4363 1896 4409 vocem
1934 4345 2279 4408 elevando
2309 4345 2540 4424 coepit
2570 4344 2671 4406 eis
2702 4345 3134 4420 concionari3

673 4453 857 4516 unde
891 4454 1093 4533 quasi
1126 4453 1427 4516 aliorum
1472 4453 1665 4516 obliti
1705 4451 2353 4532 homineS,.quibus
2391 4452 2592 4530 prius
2630 4451 3006 4526 vacabant,
3050 4451 3144 4513 ad

674 4578 836 4623 eum
884 4561 1307 4624 audiendum
1348 4578 1423 4622 se
1464 4562 1911 4623 contulerunt
1953 4559 2443 4622 admirabundi
2482 4568 2549 4621 et
2588 4557 2969 4620 Dominum
2999 4560 3142 4620 lau-

674 4668 947 4730 dantes
