3679 5414
702 450 816 510 512
1675 448 1931 509 Canon.
1974 448 2127 507 Soc,
2167 448 2309 520 Jss.

707 596 1131 676 vigilabant,
1165 602 1234 657 et
1261 613 1391 674 pro
1419 594 1608 657 virili
1638 603 1842 674 parte
1869 593 1962 656 ad
1990 594 2169 656 bene
2208 593 2648 655 moriendum
2683 593 3064 673 juvabant,
3103 605 3171 657 et

704 711 956 765 contra
986 701 1350 764 daemonis
1380 702 1684 781 impetus
1714 701 2123 778 armabant3
2159 710 2227 763 et
2256 701 2355 763 ita
2384 717 2628 763 eorum
2669 716 2884 779 opera
2930 702 3165 780 plures

709 828 751 872 a
800 809 1104 872 Domino
1155 807 1407 888 adJuti,
1463 826 1552 871 ex
1608 808 1743 870 hac
1795 808 1942 870 vita
2001 808 2277 888 placide
2334 815 2883 887 constanterque
2940 824 3170 870 reces-

714 925 977 979 serunt.
1110 996 1115 1001 ι

823 1022 963 1085 239.
1051 1023 1146 1087 Ut
1175 1031 1415 1085 autem
1445 1023 1683 1101 plures
1709 1030 2117 1085 nostrorum
2148 1038 2365 1101 opera
2388 1021 2460 1084 in
2483 1021 3046 1084 confessionibus
3068 1022 3167 1084 uti

703 1139 1023 1211 possent,
1079 1130 1584 1192 canonicorum
1634 1128 1973 1209 suffragio
2024 1128 2326 1192 facultas
2371 1129 2634 1192 nostris
2687 1127 3172 1192 confessiones

707 1237 1039 1301 audiendi
1067 1238 1140 1299 in
1171 1254 1445 1300 summo
1470 1238 1732 1317 templo
1757 1236 1925 1299 data
1949 1245 2077 1315 est;
2102 1236 2330 1299 nostri
2355 1237 2543 1299 enim
2564 1236 2925 1316 propriam
2952 1239 3172 1300 eccle·

706 1346 885 1408 siam
913 1363 1058 1408 non
1086 1344 1462 1422 habebant3
1495 1353 1563 1406 et
1588 1360 1671 1406 ea
1694 1344 1831 1406 loci
1857 1344 2323 1406 commoditas
2345 1343 2418 1406 in
2440 1343 2830 1406 cathedrali
2852 1342 3172 1423 frequen·

705 1454 924 1515 tiores
951 1452 1392 1532 poenitentes
1423 1451 1513 1513 ad
1542 1467 1667 1514 eos
1699 1451 2119 1514 adducebat.
2143 1450 2478 1514 Mulieres
2500 1451 2875 1530 pleraeque
2897 1451 3173 1513 nobiles

706 1560 1026 1638 generali
1056 1558 1501 1621 consessione
1529 1559 1722 1621 vitae
1767 1566 2138 1620 anteactae
2187 1558 2505 1621 maculas
2543 1557 2777 1621 delere
2818 1558 3005 1638 apud
3045 1575 3173 1620 no-

706 1674 895 1728 stros
910 1667 1308 1744 voluerunt,
1336 1666 1518 1727 aliae
1545 1666 1795 1728 crebro
1818 1663 1908 1726 ad
1931 1663 2471 1728 Sanctissimum
2488 1662 3027 1728 Sacramentum
3040 1665 3173 1728 Eu·

709 1772 1090 1836 charistiae
1116 1771 1566 1849 accedebant,
1616 1781 1686 1834 et
1722 1771 2141 1834 admirando
2173 1771 2430 1834 ardore
2462 1772 2833 1835 charitatis
2866 1771 3172 1850 flagrare

708 1880 779 1942 in
808 1879 1285 1943 functionibus
1314 1879 1598 1959 pietatis
1626 1879 2116 1942 cernebantur.
2162 1877 2349 1941 Satis
2381 1897 2585 1956 νει-ο,
2630 1881 2700 1941 in
2732 1878 2928 1941 initio
2973 1896 3171 1958 prae-

706 1988 975 2066 sertim,
1009 2005 1273 2050 novum
1302 1987 1694 2067 videbatur,
1730 2004 1893 2049 cum
1920 1986 2146 2049 nostri
2185 2004 2316 2048 nec
2348 1996 2508 2065 post
2539 1986 3022 2049 confessiones
3055 2004 3171 2049 au—

706 2095 894 2159 ditas
932 2112 1063 2157 nec
1102 2103 1260 2175 post
1312 2093 1569 2156 Missas
1620 2094 1693 2156 in
1736 2094 2037 2157 aliorum
2085 2094 2395 2173 gratiam
2434 2094 2829 2156 celebratas
2871 2093 3165 2173 praemii

708 2202 1091 2282 quidquam
1120 2209 1242 2263 aut
1272 2201 1767 2280 eleemosynae
1790 2209 2207 2278 exspectare
2232 2201 2444 2262 immo
2467 2218 2598 2262 nec
2623 2200 2993 2263 admittere
3020 2218 3166 2262 cer·

712 2318 1069 2371 nerentur.

826 2413 965 2476 240.
1054 2414 1240 2477 Ante
1270 2413 1894 2493 quadragesimam
1933 2414 2299 2494 quusdam
2342 2415 2751 2477 monasterii
2789 2414 3165 2493 religiosae

707 2521 960 2584 litteris
989 2519 1065 2583 P.
1101 2521 1465 2583 Ludovico
1501 2520 1734 2583 missis
1763 2531 2200 2599 rogaverunt
2232 2532 2300 2583 et
2340 2522 2897 2601 impetraverunt
2939 2530 3012 2584 ut
3056 2520 3175 2583 ali-

672 2652 675 2655 >
705 2628 865 2710 quis
897 2637 1304 2691 nostrorum
1334 2627 1582 2690 diebus
1610 2626 1985 2690 dominicis
2013 2645 2097 2690 ac
2127 2628 2324 2691 sestis
2361 2628 2949 2712 quadragesimae
2979 2627 3166 2709 apud

711 2737 904 2815 ipsas
952 2736 1515 2798 concionaretur.
1573 2735 2043 2798 Tantumdem
2082 2737 2339 2799 accidit
2380 2737 2586 2799 alteri
2624 2737 3056 2801 monasterio
3102 2745 3170 2799 et

709 2841 1047 2905 Societati
1079 2841 1320 2904 Sancti
1350 2841 1640 2921 Angeli3
1674 2859 1841 2904 nam
1869 2851 2162 2922 uterque
2205 2843 2362 2922 pius
2399 2844 2599 2906 locus
2638 2844 3176 2907 concionatores

713 2948 1034 3027 obtinuit;
1068 2957 1136 3011 et
1165 2949 1491 3028 quamvis
1521 2950 1661 3011 alia
1692 2950 2121 3012 monasteria
2154 2950 2224 3013 id
2247 2958 2586 3029 peterent,
2614 2952 2783 3012 solis
2806 2951 2916 3012 his
2939 2950 3174 3013 tribus

710 3073 1131 3119 concessum
1169 3065 1308 3135 est,
1356 3073 1443 3140 ne
1484 3073 1646 3119 cum
1684 3057 2080 3119 studiorum
2111 3056 2390 3136 jactura
2440 3058 2543 3119 eis
2585 3057 3163 3120 satisfaciendum

715 3172 922 3226 esset.
976 3163 1258 3225 Indicae
1307 3163 1584 3225 litterae
1634 3171 1703 3225 et
1741 3164 1857 3225 hic
1895 3174 1962 3226 et
2002 3163 2404 3227 Florentiae
2443 3163 2657 3226 etiam
2695 3182 2855 3226 cum
2906 3180 3165 3241 magna

710 3270 1200 3333 aedificatione
1249 3288 1375 3349 per
1413 3287 1664 3332 manus
1701 3280 1850 3333 tam
1887 3272 2384 3350 religiosorum
2425 3272 2639 3351 quam
2689 3272 3162 3334 saecularium

713 3394 1189 3458 personarum
1218 3377 1920 3440 circumferebantur.

833 3483 972 3546 2⁴11.
1060 3483 1247 3546 Inter
1271 3492 1725 3562 aegrotantes
1748 3484 2037 3563 quidam
2077 3494 2228 3547 erat
2259 3534 2272 3562 ,
2309 3485 2429 3564 qui
2467 3485 2734 3547 fractus
2769 3485 3180 3564 prolixitate

715 3591 974 3670 morbi,
1008 3608 1174 3653 cum
1204 3609 1341 3670 quo
1373 3591 1757 3654 triennium
1787 3591 2232 3654 conflictatus
2260 3600 2442 3669 erat,
2477 3592 2580 3654 sic
2611 3600 2945 3669 coeperat
2974 3592 3059 3654 de
3086 3591 3179 3653 di-

716 3699 884 3761 vina
938 3698 1425 3761 misericordia
1475 3697 1786 3761 diffidere
1825 3707 1900 3760 ut
1934 3697 2079 3777 jam
2119 3698 2638 3779 quodammodo
2678 3699 2884 3778 nigra
2927 3698 3177 3761 inferni

718 3805 1024 3884 caligine
1056 3823 1139 3868 ac
1172 3804 1480 3868 tenebris
1510 3805 1779 3868 involvi
1809 3816 1879 3868 et
1917 3805 2219 3886 opprimi
2257 3806 2388 3867 sibi
2425 3805 2825 3882 videretur,
2875 3814 2942 3868 et
2980 3823 3176 3868 more

719 3911 1027 3975 humano
1058 3912 1365 3989 inversO,
1396 3912 1976 3992 desperabundus
2017 3921 2263 3976 noctes
2291 3912 2464 3992 vigil
2503 3912 2918 3975 traducebat
2946 3962 2959 3988 ,
2992 3912 3177 3975 diem

723 4020 984 4082 clausis
1016 4019 1316 4081 cubiculi
1347 4019 1698 4097 fenestriS,
1735 4037 1912 4099 quas
1941 4020 2204 4108 aperiri
2231 4037 2374 4083 non
2402 4019 2824 4098 patiebatur,
2853 4019 3181 4082 dormita-

722 4128 875 4204 bat,
911 4133 981 4188 et
1009 4127 1225 4188 semel
1247 4126 1395 4207 jam
1417 4128 1638 4189 multa
1659 4136 1867 4189 nocte
1890 4127 2122 4189 cibum
2146 4136 2428 4189 tenuem
2452 4127 2807 4206 capiebat3
2842 4143 2974 4189 nec
3001 4126 3184 4188 hanc

724 4233 1072 4296 rationem
1130 4233 1531 4296 admonitus
1588 4233 1679 4296 ab
1737 4234 1873 4296 illis
1930 4234 2284 4312 religiosis
2339 4242 2613 4296 mutare
2670 4233 2916 4295 voluit.
2979 4231 3186 4295 Hunc

724 4340 801 4403 P.
835 4339 1221 4419 PhilippuS,
1256 4341 1487 4418 belga,
1522 4339 1830 4403 invisere
1861 4349 1929 4402 et
1960 4341 2278 4403 animare
2307 4350 2377 4403 et
2405 4340 2477 4402 in
2509 4357 2705 4419 spem
2748 4338 3035 4402 divinae
3071 4339 3183 4402 bo—

724 4448 969 4511 nitatis
1000 4448 1274 4527 erigere
1306 4456 1455 4510 tarn
1485 4448 1858 4526 diligenter
1887 4449 2166 4512 curavit
2193 4457 2269 4510 ut
2293 4447 2383 4510 ad
2406 4447 2921 4511 confessionem
2943 4463 3184 4527 pecca-

727 4563 962 4619 torum
994 4556 1223 4635 ipsum
1253 4555 1640 4634 pellexerit,
1677 4572 1815 4635 quo
1847 4553 2057 4633 facto,
2082 4553 2230 4634 jam
2251 4564 2327 4617 ut
2351 4555 2736 4617 fenestram
2760 4553 3090 4633 aperiret,
3118 4562 3190 4615 et

728 4661 923 4725 horis
952 4662 1530 4725 convenientibus
1561 4661 1795 4725 cibum
1823 4670 2131 4740 caperet,
2166 4670 2588 4741 caeteraque
2618 4661 2896 4723 animae
2926 4671 2995 4723 et
3026 4678 3184 4750 cor-1
