3679 5414
707 478 819 547 600
1621 489 1876 549 Canon.
1920 488 2079 548 Soc.
2119 490 2259 562 Jus.

1331 811 1460 875 DE
1501 812 1577 876 Ρ.
1621 812 2145 878 FRANCISCO
2189 813 2543 878 BORGIA

1489 975 1578 1018 ET
1620 974 2011 1020 OGNATENSI
2051 975 2389 1021 COLLEGIO

828 1166 966 1229 425.
1055 1166 1312 1230 Primis
1342 1168 1620 1233 duobus
1663 1171 2022 1233 mensibus
2053 1172 2260 1252 hujus
2290 1174 2459 1235 anni
2488 1173 2562 1235 in
2600 1171 2979 1235 Provincia
3009 1171 3174 1235 Gui-

707 1289 1019 1351 puzcoae
1048 1274 1122 1337 Ρ.
1156 1273 1586 1339 Franciscus
1616 1277 1879 1356 Borgia
1907 1287 2240 1341 versatus
2270 1287 2409 1357 est,
2446 1286 2515 1342 et
2554 1278 2879 1359 quamvis
2918 1279 2993 1341 in
3030 1296 3173 1342 ere—

707 1378 988 1443 mitorio
1018 1378 1487 1460 Magdalenae
1518 1400 1738 1463 prope
1778 1383 2116 1464 oppidum
2156 1384 2437 1465 Ognate
2478 1383 2841 1463 resideret,
2885 1402 3012 1465 per
3053 1404 3173 1448 va·

709 1486 817 1548 ria
847 1487 1108 1568 oppida
1138 1488 1327 1551 illius
1355 1490 1770 1569 provinciae
1800 1494 2224 1556 excurrebat
2242 1542 2256 1570 ‚
2292 1501 2363 1555 et
2392 1493 2464 1555 in
2494 1492 2758 1556 eisdem
2800 1492 3170 1555 conciona-

707 1594 918 1657 batur
946 1603 1014 1657 et
1043 1595 1526 1660 confessiones
1557 1598 1914 1677 audiebat,
1951 1609 2019 1662 et
2061 1609 2259 1663 tanto
2288 1618 2454 1663 cum
2493 1600 2751 1679 fructu,
2794 1610 2872 1662 ut
2910 1599 3172 1663 scribat

708 1702 1063 1781 parochus
1093 1702 1334 1784 oppidi
1355 1703 1442 1766 de
1466 1705 1819 1785 Vergara,
1847 1708 2272 1786 cognomine
2296 1706 2503 1786 Solis,
2531 1706 2741 1787 quod,
2768 1708 2832 1771 si
2852 1707 3008 1786 quis
3029 1724 3173 1769 non

709 1817 956 1887 ageret
983 1808 1072 1873 de
1101 1810 1293 1873 vitae
1323 1813 1815 1876 emendatione
1835 1824 1906 1877 et
1936 1813 2022 1876 de
2051 1815 2264 1878 rebus
2294 1815 2384 1879 ad
2414 1814 2549 1877 Dei
2580 1814 2993 1893 obsequium
3020 1831 3169 1893 per-

706 1916 1111 1996 tinentibuS,
1140 1919 1697 1984 erubescendum
1727 1920 1860 1984 sibi
1883 1922 2169 1984 omnino
2193 1922 2634 1985 existimaret
2654 1971 2668 1999 ,
2701 1930 2768 1984 et
2791 1938 2922 2002 pro
2951 1921 3169 1983 nihilo

706 2024 954 2088 haberi
980 2042 1058 2087 se
1090 2025 1383 2105 dignum
1412 2044 1590 2089 esse.
1627 2027 2136 2092 Emendicabat
2165 2029 2382 2092 etiam
2421 2027 2802 2108 aliquando
2834 2026 2909 2090 Ρ.
2953 2027 3171 2090 Fran-

706 2131 960 2211 ciscuS,
995 2132 1183 2211 quod
1212 2144 1366 2196 erat
1408 2151 1551 2197 non
1592 2136 1822 2198 minus
1860 2135 2051 2198 sacto
2093 2154 2305 2218 quam
2347 2135 2568 2199 verbo
2615 2134 3050 2198 concionari.
3094 2133 3169 2197 In

705 2239 1012 2319 quodam
1069 2240 1327 2321 oppido
1385 2240 1494 2303 his
1552 2242 1798 2304 diebus
1856 2259 2017 2305 cum
2067 2243 2159 2305 ad
2208 2243 2737 2322 eleemosynam
2795 2240 3171 2321 petendam

705 2362 1040 2426 egressus
1076 2357 1285 2425 esset,
1330 2357 1528 2411 tanta
1559 2348 1935 2412 devotione
1974 2350 2279 2430 populus
2319 2348 2410 2411 ad
2449 2348 2521 2411 id
2559 2349 3050 2426 concurrebat,
3094 2356 3170 2410 ut

703 2453 907 2515 brevi
942 2463 1260 2533 tempore
1300 2471 1513 2535 super
1551 2455 1895 2518 ducentos
1933 2473 2156 2536 panes
2194 2464 2265 2518 et
2304 2455 2703 2535 quindecim
2753 2472 3063 2534 capones
3103 2464 3172 2517 et

706 2577 1040 2639 magnam
1071 2563 1311 2625 carnis
1340 2563 1620 2642 copiam
1665 2572 1877 2642 atque
1908 2563 2067 2640 olei,
2101 2579 2281 2642 quae
2313 2580 2456 2625 non
2486 2563 2717 2624 solum
2744 2560 3009 2624 nostris
3047 2561 3172 2624 sed

702 2667 918 2731 etiam
947 2669 1378 2749 pauperibus
1409 2669 1684 2733 abunde
1707 2670 2080 2748 sufficeret,
2114 2670 2458 2734 dederunt
2491 2668 2532 2729 ¹.

821 2775 960 2838 426.
1049 2775 1210 2857 Ipso
1233 2776 1346 2840 die
1370 2776 1891 2841 Purificationis
1912 2778 2249 2841 Lazcanii
2273 2778 2738 2840 concionatus
2765 2786 2896 2841 est.
2931 2775 3170 2839 Domi-

699 2901 834 2945 nus
865 2893 1106 2946 autem
1134 2883 1283 2963 ejus
1318 2884 1478 2963 loci,
1512 2885 1632 2966 qui
1661 2884 1846 2948 inter
1873 2885 2253 2965 primarios
2292 2883 2443 2964 ejus
2480 2884 2898 2964 provinciae
2934 2900 3169 2946 cense-

698 2991 930 3071 batur,
962 2992 1316 3054 saeculari
1337 2992 1579 3056 habitu
1604 2993 1875 3068 relicto,
1910 2991 2493 3068 ecclesiasticum,
2520 3008 2658 3071 quo
2692 2991 2912 3053 utitur
2936 2987 3168 3052 Socie-

700 3108 812 3161 tas
861 3108 1130 3178 nostra,
1181 3099 1470 3162 induere
1510 3098 1850 3178 decrevit,
1901 3108 1991 3176 et,
2038 3098 2129 3162 ad
2167 3098 2647 3162 eremitorium
2700 3096 3170 3176 Magdalenae

699 3206 1015 3285 venien5‚
1051 3224 1093 3268 a
1122 3205 1199 3269 Ρ.
1233 3207 1619 3269 Francisco
1650 3206 2132 3287 spiritualibus
2162 3205 2520 3268 exercitiis
2559 3206 2883 3267 excultus
2912 3212 3053 3282 est,
3101 3211 3167 3266 et

701 3314 773 3375 in
802 3312 1196 3392 Ognatensi
1227 3313 1543 3392 Collegio
1582 3331 1658 3375 se
1686 3314 1942 3376 litteris
1982 3313 2164 3375 velle
2202 3311 2373 3375 dare
2412 3328 2703 3393 operam
2743 3309 3162 3388 affirmabat,

699 3429 791 3498 et,
817 3427 1089 3482 mutato
1115 3421 1418 3500 nomine,
1447 3419 1811 3501 Philippus
1831 3421 1920 3483 de
1941 3421 2110 3503 Jesu
2133 3419 2381 3482 vocari
2394 3419 2649 3499 coepit.
2678 3418 2809 3482 Vir
2832 3427 2986 3482 erat
3010 3435 3165 3499 pru·

699 3527 898 3607 dens,
932 3536 1002 3590 et
1024 3526 1201 3590 haec
1231 3525 1382 3607 eJ‘us
1411 3528 1708 3590 mutatio
1738 3544 2044 3606 magnae
2069 3526 2560 3590 admirationis
2590 3527 2664 3589 in
2687 3543 2774 3589 ea
2797 3526 3171 3606 provincia

701 3651 920 3696 causa
947 3633 1100 3696 fuit.
1134 3634 1229 3698 Ut
1262 3643 1500 3697 autem
1529 3636 1740 3698 rebus
1768 3633 2070 3697 filiorum
2101 3650 2390 3696 suorum
2422 3633 2845 3708 consuleret,
2879 3633 3167 3697 domum

702 3740 934 3803 redire
963 3741 1221 3804 debuit.

822 3845 962 3910 427.
1051 3847 1204 3910 Hoc
1235 3849 1389 3928 ipso
1419 3858 1738 3929 tempore
1768 3848 2105 3912 Vicarius
2148 3848 2388 3929 oppidi
2417 3846 2504 3911 de
2534 3835 2879 3927 Zumaya,
2919 3863 3169 3909 sacrae

700 3953 1100 4035 theologiae
1142 3956 1560 4019 licenciatus
1588 3964 1658 4018 et
1686 3956 1974 4035 egregie
2004 3954 2256 4018 doctus
2286 3965 2355 4018 et
2387 3955 2457 4018 in
2495 3970 2760 4036 magna
2814 3953 3168 4016 existima-

699 4062 889 4125 tione
920 4062 1350 4142 integritatis
1378 4062 1682 4138 habituS,
1716 4080 1879 4125 cum
1909 4062 2482 4140 Hierosolymam
2525 4061 2772 4125 ivisset
2801 4077 2887 4124 ac
2929 4059 3165 4123 rediis-

696 4178 840 4248 set,
872 4169 1290 4250 religionem
1320 4170 1596 4249 ingredi
1628 4171 2119 4248 constituerat,
2154 4179 2222 4232 et
2253 4169 2549 4233 arbitrio
2580 4167 2658 4230 P.
2691 4168 2750 4231 F
2753 4167 3062 4231 rancisci
3093 4183 3168 4228 se

702 4286 928 4340 totum
957 4277 1328 4341 commisit.
1363 4277 1522 4340 Non
1551 4284 1789 4342 tamen
1819 4277 2153 4358 expedire
2175 4278 2411 4340 visum
2440 4286 2548 4339 est
2573 4275 2649 4338 P.
2683 4276 3069 4339 Francisco
3093 4284 3169 4338 ut

702 4385 838 4464 ipsi
866 4385 1238 4447 consilium
1268 4385 1468 4449 daret
1509 4386 1600 4448 ad
1629 4403 1844 4466 quam
1883 4385 2326 4466 potissimum
2367 4383 2788 4462 religionem
2831 4382 3168 4446 accedere

785 4590 802 4622 ¹
858 4589 1094 4646 Ignatins
1115 4589 1262 4634 Patri
1283 4588 1563 4633 Francisco
1583 4589 1644 4632 de
1665 4589 1841 4643 Borja,
1866 4589 1911 4631 ei
1934 4593 2245 4643 potestatem
2269 4588 2501 4632 tribuens
2522 4594 2578 4632 ut
2604 4588 2765 4632 libere
2781 4621 2791 4640 ,
2814 4598 2912 4641 quo
2931 4587 3169 4641 magistu

695 4662 920 4706 Domino
941 4662 1006 4705 ad
1036 4661 1385 4716 proxImorum
1406 4661 1687 4705 utilitatem
1709 4659 1882 4703 facere
1900 4659 2118 4714 Judicet,
2142 4660 2283 4703 intra
2313 4658 2619 4714 Hispaniam
2635 4694 2645 4710 .
2677 4671 2730 4703 se
2763 4658 3021 4712 conferat,
3042 4658 3070 4700 2
3087 4657 3171 4710 Ja-

698 4733 887 4775 nuntii.
