<?xml version="1.0" encoding="UTF-8"?>
<!DOCTYPE html PUBLIC "-//W3C//DTD XHTML 1.0 Transitional//EN"
    "http://www.w3.org/TR/xhtml1/DTD/xhtml1-transitional.dtd">
<html xmlns="http://www.w3.org/1999/xhtml" xml:lang="en" lang="en">
 <head>
  <title>
</title>
<meta http-equiv="Content-Type" content="text/html;charset=utf-8" />
  <meta name='ocr-system' content='tesseract 3.04.00' />
  <meta name='ocr-capabilities' content='ocr_page ocr_carea ocr_par ocr_line ocrx_word'/>
</head>
<body>
  <div class='ocr_page' id='page_1' title='image "./vitaignatiiloio03polagoog_0687.png"; bbox 0 0 3679 5414; ppageno 0'>
   <div class='ocr_carea' id='block_1_1' title="bbox 1562 489 2948 550">
    <p class='ocr_par' dir='ltr' id='par_1_1' title="bbox 1562 489 2948 550">
     <span class='ocr_line' id='line_1_1' title="bbox 1562 489 2948 550; baseline -0.001 -1"><span class='ocrx_word' id='word_1_1' title='bbox 1562 491 1691 550; x_wconf 77' lang='grc' dir='ltr'>ΑΝ.</span> <span class='ocrx_word' id='word_1_2' title='bbox 1737 489 1879 548; x_wconf 84' lang='grc'>1552</span> <span class='ocrx_word' id='word_1_3' title='bbox 2843 489 2948 548; x_wconf 87' lang='grc'>681</span> 
     </span>
    </p>
   </div>
   <div class='ocr_carea' id='block_1_2' title="bbox 461 635 3032 4577">
    <p class='ocr_par' dir='ltr' id='par_1_2' title="bbox 470 635 2953 2843">
     <span class='ocr_line' id='line_1_2' title="bbox 483 635 2945 717; baseline -0.003 -15"><span class='ocrx_word' id='word_1_4' title='bbox 483 640 896 717; x_wconf 79' lang='lat' dir='ltr'>adduceret,</span> <span class='ocrx_word' id='word_1_5' title='bbox 953 638 1174 701; x_wconf 88' lang='lat' dir='ltr'>voluit</span> <span class='ocrx_word' id='word_1_6' title='bbox 1207 646 1444 700; x_wconf 90' lang='lat' dir='ltr'>tamen</span> <span class='ocrx_word' id='word_1_7' title='bbox 1486 637 1729 700; x_wconf 90' lang='lat' dir='ltr'>divina</span> <span class='ocrx_word' id='word_1_8' title='bbox 1769 635 2050 699; x_wconf 83' lang='lat' dir='ltr'>bonitas</span> <span class='ocrx_word' id='word_1_9' title='bbox 2089 643 2165 697; x_wconf 91' lang='lat' dir='ltr'>ut</span> <span class='ocrx_word' id='word_1_10' title='bbox 2205 651 2331 715; x_wconf 93' lang='lat' dir='ltr'>per</span> <span class='ocrx_word' id='word_1_11' title='bbox 2370 644 2653 697; x_wconf 90' lang='lat' dir='ltr'>nostros</span> <span class='ocrx_word' id='word_1_12' title='bbox 2697 651 2945 696; x_wconf 91' lang='lat' dir='ltr'>omnes</span> 
     </span>
     <span class='ocr_line' id='line_1_3' title="bbox 478 740 2945 827; baseline -0.002 -18"><span class='ocrx_word' id='word_1_13' title='bbox 478 745 1048 827; x_wconf 77' lang='lat' dir='ltr'>pacificarentur.</span> <span class='ocrx_word' id='word_1_14' title='bbox 1081 745 1260 807; x_wconf 91' lang='lat' dir='ltr'>Tam</span> <span class='ocrx_word' id='word_1_15' title='bbox 1287 745 1545 808; x_wconf 90' lang='lat' dir='ltr'>multas</span> <span class='ocrx_word' id='word_1_16' title='bbox 1573 761 1790 824; x_wconf 85' lang='lat' dir='ltr'>paces</span> <span class='ocrx_word' id='word_1_17' title='bbox 1821 761 1864 806; x_wconf 92' lang='lat' dir='ltr'>a</span> <span class='ocrx_word' id='word_1_18' title='bbox 1893 741 1968 805; x_wconf 90' lang='lat' dir='ltr'>P.</span> <span class='ocrx_word' id='word_1_19' title='bbox 2016 742 2475 805; x_wconf 89' lang='lat' dir='ltr'>Emmanuele</span> <span class='ocrx_word' id='word_1_20' title='bbox 2514 740 2945 804; x_wconf 89' lang='lat' dir='ltr'>Ferdinandi</span> 
     </span>
     <span class='ocr_line' id='line_1_4' title="bbox 479 831 2942 931; baseline -0.002 -15"><span class='ocrx_word' id='word_1_21' title='bbox 479 852 845 916; x_wconf 88' lang='lat' dir='ltr'>confectas</span> <span class='ocrx_word' id='word_1_22' title='bbox 873 853 947 914; x_wconf 90' lang='lat' dir='ltr'>in</span> <span class='ocrx_word' id='word_1_23' title='bbox 977 871 1059 914; x_wconf 89' lang='lat' dir='ltr'>ea</span> <span class='ocrx_word' id='word_1_24' title='bbox 1093 852 1381 915; x_wconf 88' lang='lat' dir='ltr'>civitate</span> <span class='ocrx_word' id='word_1_25' title='bbox 1411 851 1658 913; x_wconf 85' lang='lat' dir='ltr'>scribit</span> <span class='ocrx_word' id='word_1_26' title='bbox 1687 850 1838 931; x_wconf 89' lang='lat' dir='ltr'>ejus</span> <span class='ocrx_word' id='word_1_27' title='bbox 1868 850 2104 912; x_wconf 91' lang='lat' dir='ltr'>socius</span> <span class='ocrx_word' id='word_1_28' title='bbox 2144 849 2221 912; x_wconf 93' lang='grc' dir='ltr'>Ρ.</span> <span class='ocrx_word' id='word_1_29' title='bbox 2257 848 2599 926; x_wconf 77' lang='lat' dir='ltr'>Parsada,</span> <span class='ocrx_word' id='word_1_30' title='bbox 2634 831 2711 910; x_wconf 79' lang='lat' dir='ltr'>ut</span> <span class='ocrx_word' id='word_1_31' title='bbox 2752 848 2942 910; x_wconf 89' lang='lat' dir='ltr'>dubi-</span> 
     </span>
     <span class='ocr_line' id='line_1_5' title="bbox 479 954 2946 1022; baseline -0.002 0"><span class='ocrx_word' id='word_1_32' title='bbox 479 969 662 1022; x_wconf 83' lang='lat' dir='ltr'>taret</span> <span class='ocrx_word' id='word_1_33' title='bbox 690 978 783 1022; x_wconf 92' lang='lat' dir='ltr'>an</span> <span class='ocrx_word' id='word_1_34' title='bbox 814 958 1106 1022; x_wconf 92' lang='lat' dir='ltr'>totidem</span> <span class='ocrx_word' id='word_1_35' title='bbox 1134 958 1428 1022; x_wconf 86' lang='lat' dir='ltr'>haberet</span> <span class='ocrx_word' id='word_1_36' title='bbox 1466 958 1616 1021; x_wconf 90' lang='lat' dir='ltr'>dies</span> <span class='ocrx_word' id='word_1_37' title='bbox 1655 975 1886 1021; x_wconf 90' lang='lat' dir='ltr'>annus</span> <span class='ocrx_word' id='word_1_38' title='bbox 1914 958 2029 1019; x_wconf 92' lang='lat' dir='ltr'>ille</span> <span class='ocrx_word' id='word_1_39' title='bbox 2072 956 2444 1019; x_wconf 84' lang='lat' dir='ltr'><strong>bisextilis.</strong></span> <span class='ocrx_word' id='word_1_40' title='bbox 2478 954 2714 1018; x_wconf 89' lang='lat' dir='ltr'>Dabat</span> <span class='ocrx_word' id='word_1_41' title='bbox 2758 955 2946 1018; x_wconf 91' lang='lat' dir='ltr'>idem</span> 
     </span>
     <span class='ocr_line' id='line_1_6' title="bbox 479 1062 2945 1146; baseline -0.002 -17"><span class='ocrx_word' id='word_1_42' title='bbox 479 1066 893 1130; x_wconf 80' lang='lat' dir='ltr'>Emmanuel</span> <span class='ocrx_word' id='word_1_43' title='bbox 925 1083 1214 1146; x_wconf 86' lang='lat' dir='ltr'>operam</span> <span class='ocrx_word' id='word_1_44' title='bbox 1237 1065 1799 1129; x_wconf 89' lang='lat' dir='ltr'>confessionibus</span> <span class='ocrx_word' id='word_1_45' title='bbox 1818 1082 1833 1145; x_wconf 91' lang='grc'><strong>;</strong></span> <span class='ocrx_word' id='word_1_46' title='bbox 1858 1064 2417 1128; x_wconf 86' lang='lat' dir='ltr'>concionabatur</span> <span class='ocrx_word' id='word_1_47' title='bbox 2442 1071 2678 1125; x_wconf 91' lang='lat' dir='ltr'>autem</span> <span class='ocrx_word' id='word_1_48' title='bbox 2698 1062 2945 1126; x_wconf 91' lang='lat' dir='ltr'>diebus</span> 
     </span>
     <span class='ocr_line' id='line_1_7' title="bbox 481 1168 2950 1253; baseline -0.002 -17"><span class='ocrx_word' id='word_1_49' title='bbox 481 1173 679 1236; x_wconf 88' lang='lat' dir='ltr'>sestis</span> <span class='ocrx_word' id='word_1_50' title='bbox 707 1174 781 1236; x_wconf 93' lang='lat' dir='ltr'>in</span> <span class='ocrx_word' id='word_1_51' title='bbox 805 1190 1081 1236; x_wconf 90' lang='lat' dir='ltr'>summo</span> <span class='ocrx_word' id='word_1_52' title='bbox 1115 1174 1374 1253; x_wconf 85' lang='lat' dir='ltr'>templo</span> <span class='ocrx_word' id='word_1_53' title='bbox 1405 1189 1614 1234; x_wconf 90' lang='lat' dir='ltr'>mane</span> <span class='ocrx_word' id='word_1_54' title='bbox 1644 1181 1712 1234; x_wconf 93' lang='lat' dir='ltr'>et</span> <span class='ocrx_word' id='word_1_55' title='bbox 1741 1189 2064 1251; x_wconf 87' lang='lat' dir='ltr'>vespere,</span> <span class='ocrx_word' id='word_1_56' title='bbox 2108 1171 2221 1234; x_wconf 91' lang='lat' dir='ltr'>die</span> <span class='ocrx_word' id='word_1_57' title='bbox 2260 1170 2596 1233; x_wconf 89' lang='lat' dir='ltr'>mercurii</span> <span class='ocrx_word' id='word_1_58' title='bbox 2638 1186 2847 1232; x_wconf 91' lang='lat' dir='ltr'>mane</span> <span class='ocrx_word' id='word_1_59' title='bbox 2876 1168 2950 1230; x_wconf 89' lang='lat' dir='ltr'>in</span> 
     </span>
     <span class='ocr_line' id='line_1_8' title="bbox 482 1275 2945 1361; baseline -0.002 -18"><span class='ocrx_word' id='word_1_60' title='bbox 482 1281 791 1361; x_wconf 91' lang='lat' dir='ltr'>quadam</span> <span class='ocrx_word' id='word_1_61' title='bbox 840 1280 1211 1360; x_wconf 88' lang='lat' dir='ltr'>parochia,</span> <span class='ocrx_word' id='word_1_62' title='bbox 1266 1280 1378 1343; x_wconf 92' lang='lat' dir='ltr'>die</span> <span class='ocrx_word' id='word_1_63' title='bbox 1416 1279 1700 1342; x_wconf 87' lang='lat' dir='ltr'>veneris</span> <span class='ocrx_word' id='word_1_64' title='bbox 1737 1279 1810 1341; x_wconf 91' lang='lat' dir='ltr'>in</span> <span class='ocrx_word' id='word_1_65' title='bbox 1863 1278 2170 1359; x_wconf 89' lang='lat' dir='ltr'>quodam</span> <span class='ocrx_word' id='word_1_66' title='bbox 2213 1277 2644 1340; x_wconf 89' lang='lat' dir='ltr'>monasterio</span> <span class='ocrx_word' id='word_1_67' title='bbox 2686 1275 2945 1339; x_wconf 92' lang='lat' dir='ltr'>Conce-</span> 
     </span>
     <span class='ocr_line' id='line_1_9' title="bbox 482 1383 2949 1467; baseline -0.002 -17"><span class='ocrx_word' id='word_1_68' title='bbox 482 1388 740 1467; x_wconf 92' lang='lat' dir='ltr'>ptionis</span> <span class='ocrx_word' id='word_1_69' title='bbox 783 1404 1014 1465; x_wconf 89' lang='lat' dir='ltr'>mane,</span> <span class='ocrx_word' id='word_1_70' title='bbox 1058 1388 1130 1449; x_wconf 93' lang='lat' dir='ltr'>in</span> <span class='ocrx_word' id='word_1_71' title='bbox 1171 1387 1309 1449; x_wconf 90' lang='lat' dir='ltr'>alio</span> <span class='ocrx_word' id='word_1_72' title='bbox 1349 1404 1670 1466; x_wconf 87' lang='lat' dir='ltr'>vespere,</span> <span class='ocrx_word' id='word_1_73' title='bbox 1713 1386 1825 1450; x_wconf 89' lang='lat' dir='ltr'>die</span> <span class='ocrx_word' id='word_1_74' title='bbox 1866 1385 2145 1448; x_wconf 90' lang='lat' dir='ltr'>sabbati</span> <span class='ocrx_word' id='word_1_75' title='bbox 2188 1386 2260 1448; x_wconf 92' lang='lat' dir='ltr'>in</span> <span class='ocrx_word' id='word_1_76' title='bbox 2298 1384 2559 1465; x_wconf 91' lang='lat' dir='ltr'>templo</span> <span class='ocrx_word' id='word_1_77' title='bbox 2598 1383 2949 1446; x_wconf 90' lang='lat' dir='ltr'>Dominae</span> 
     </span>
     <span class='ocr_line' id='line_1_10' title="bbox 483 1491 2948 1573; baseline -0.002 -16"><span class='ocrx_word' id='word_1_78' title='bbox 483 1493 784 1557; x_wconf 86' lang='lat' dir='ltr'>Nostrae</span> <span class='ocrx_word' id='word_1_79' title='bbox 834 1495 920 1557; x_wconf 89' lang='lat' dir='ltr'>de</span> <span class='ocrx_word' id='word_1_80' title='bbox 964 1493 1247 1572; x_wconf 90' lang='lat' dir='ltr'>Gratia;</span> <span class='ocrx_word' id='word_1_81' title='bbox 1302 1494 1601 1573; x_wconf 89' lang='lat' dir='ltr'>singulis</span> <span class='ocrx_word' id='word_1_82' title='bbox 1650 1493 1977 1556; x_wconf 87' lang='lat' dir='ltr'>noctibus</span> <span class='ocrx_word' id='word_1_83' title='bbox 2029 1492 2497 1555; x_wconf 85' lang='lat' dir='ltr'>christianam</span> <span class='ocrx_word' id='word_1_84' title='bbox 2546 1491 2948 1554; x_wconf 89' lang='lat' dir='ltr'>doctrinam</span> 
     </span>
     <span class='ocr_line' id='line_1_11' title="bbox 483 1597 2951 1681; baseline -0.002 -18"><span class='ocrx_word' id='word_1_85' title='bbox 483 1618 742 1680; x_wconf 90' lang='lat' dir='ltr'>pueros</span> <span class='ocrx_word' id='word_1_86' title='bbox 771 1601 1094 1678; x_wconf 89' lang='lat' dir='ltr'>docebat,</span> <span class='ocrx_word' id='word_1_87' title='bbox 1129 1602 1249 1680; x_wconf 91' lang='lat' dir='ltr'>qui</span> <span class='ocrx_word' id='word_1_88' title='bbox 1277 1601 1348 1664; x_wconf 90' lang='lat' dir='ltr'>in</span> <span class='ocrx_word' id='word_1_89' title='bbox 1379 1601 1726 1681; x_wconf 88' lang='lat' dir='ltr'>hospitale</span> <span class='ocrx_word' id='word_1_90' title='bbox 1766 1599 1856 1661; x_wconf 89' lang='lat' dir='ltr'>ad</span> <span class='ocrx_word' id='word_1_91' title='bbox 1888 1600 2072 1662; x_wconf 90' lang='lat' dir='ltr'>hanc</span> <span class='ocrx_word' id='word_1_92' title='bbox 2110 1599 2483 1662; x_wconf 89' lang='lat' dir='ltr'>lectionem</span> <span class='ocrx_word' id='word_1_93' title='bbox 2522 1597 2951 1661; x_wconf 85' lang='lat' dir='ltr'>audiendam</span> 
     </span>
     <span class='ocr_line' id='line_1_12' title="bbox 473 1696 2953 1784; baseline -0.001 -15"><span class='ocrx_word' id='word_1_94' title='bbox 473 1707 960 1784; x_wconf 77' lang='lat' dir='ltr'>confluebant3</span> <span class='ocrx_word' id='word_1_95' title='bbox 1020 1707 1114 1769; x_wconf 90' lang='lat' dir='ltr'>ibi</span> <span class='ocrx_word' id='word_1_96' title='bbox 1165 1696 1353 1769; x_wconf 81' lang='lat' dir='ltr'>enim</span> <span class='ocrx_word' id='word_1_97' title='bbox 1408 1708 1634 1770; x_wconf 90' lang='lat' dir='ltr'>nostri</span> <span class='ocrx_word' id='word_1_98' title='bbox 1693 1705 2353 1784; x_wconf 88' lang='lat' dir='ltr'>commorabantur;</span> <span class='ocrx_word' id='word_1_99' title='bbox 2414 1704 2646 1767; x_wconf 91' lang='lat' dir='ltr'>nullus</span> <span class='ocrx_word' id='word_1_100' title='bbox 2706 1721 2953 1767; x_wconf 87' lang='lat' dir='ltr'>eorum</span> 
     </span>
     <span class='ocr_line' id='line_1_13' title="bbox 473 1813 2950 1894; baseline -0.002 -17"><span class='ocrx_word' id='word_1_101' title='bbox 473 1813 714 1894; x_wconf 77' lang='lat' dir='ltr'>Jurare</span> <span class='ocrx_word' id='word_1_102' title='bbox 744 1814 1185 1893; x_wconf 88' lang='lat' dir='ltr'>audiebatur,</span> <span class='ocrx_word' id='word_1_103' title='bbox 1223 1816 1437 1877; x_wconf 91' lang='lat' dir='ltr'>immo</span> <span class='ocrx_word' id='word_1_104' title='bbox 1468 1832 1600 1877; x_wconf 93' lang='lat' dir='ltr'>nec</span> <span class='ocrx_word' id='word_1_105' title='bbox 1630 1814 1743 1876; x_wconf 88' lang='lat' dir='ltr'>vir</span> <span class='ocrx_word' id='word_1_106' title='bbox 1773 1823 1896 1877; x_wconf 88' lang='lat' dir='ltr'>aut</span> <span class='ocrx_word' id='word_1_107' title='bbox 1937 1813 2187 1876; x_wconf 89' lang='lat' dir='ltr'>mulier</span> <span class='ocrx_word' id='word_1_108' title='bbox 2218 1814 2395 1891; x_wconf 91' lang='lat' dir='ltr'>ulla,</span> <span class='ocrx_word' id='word_1_109' title='bbox 2431 1829 2612 1892; x_wconf 89' lang='lat' dir='ltr'>quae</span> <span class='ocrx_word' id='word_1_110' title='bbox 2641 1828 2784 1874; x_wconf 93' lang='lat' dir='ltr'>non</span> <span class='ocrx_word' id='word_1_111' title='bbox 2812 1820 2950 1873; x_wconf 90' lang='lat' dir='ltr'>sta-</span> 
     </span>
     <span class='ocr_line' id='line_1_14' title="bbox 476 1918 2949 2001; baseline -0.002 -17"><span class='ocrx_word' id='word_1_112' title='bbox 476 1922 600 1984; x_wconf 93' lang='lat' dir='ltr'>tim</span> <span class='ocrx_word' id='word_1_113' title='bbox 631 1922 1291 2001; x_wconf 90' lang='lat' dir='ltr'>reprehenderetur.</span> <span class='ocrx_word' id='word_1_114' title='bbox 1326 1921 1404 1984; x_wconf 91' lang='lat' dir='ltr'>In</span> <span class='ocrx_word' id='word_1_115' title='bbox 1434 1921 1684 2000; x_wconf 86' lang='lat' dir='ltr'>vigilia</span> <span class='ocrx_word' id='word_1_116' title='bbox 1712 1920 2310 1983; x_wconf 90' lang='lat' dir='ltr'>Annunciationis</span> <span class='ocrx_word' id='word_1_117' title='bbox 2340 1920 2488 1983; x_wconf 63' lang='lat' dir='ltr'>Rae</span> <span class='ocrx_word' id='word_1_118' title='bbox 2520 1918 2844 1998; x_wconf 88' lang='lat' dir='ltr'>Virginis</span> <span class='ocrx_word' id='word_1_119' title='bbox 2876 1918 2949 1980; x_wconf 91' lang='lat' dir='ltr'>in</span> 
     </span>
     <span class='ocr_line' id='line_1_15' title="bbox 472 2025 2949 2109; baseline -0.001 -19"><span class='ocrx_word' id='word_1_120' title='bbox 472 2028 634 2091; x_wconf 91' lang='lat' dir='ltr'>vico</span> <span class='ocrx_word' id='word_1_121' title='bbox 674 2028 980 2109; x_wconf 91' lang='lat' dir='ltr'>quodam</span> <span class='ocrx_word' id='word_1_122' title='bbox 1008 2030 1232 2108; x_wconf 69' lang='lat' dir='ltr'>fsuper</span> <span class='ocrx_word' id='word_1_123' title='bbox 1262 2028 1778 2108; x_wconf 87' lang='lat' dir='ltr'>quinquaginta</span> <span class='ocrx_word' id='word_1_124' title='bbox 1810 2044 2157 2107; x_wconf 88' lang='lat' dir='ltr'>personas</span> <span class='ocrx_word' id='word_1_125' title='bbox 2197 2026 2289 2090; x_wconf 90' lang='lat' dir='ltr'>ad</span> <span class='ocrx_word' id='word_1_126' title='bbox 2320 2027 2708 2089; x_wconf 88' lang='lat' dir='ltr'>amicitiam</span> <span class='ocrx_word' id='word_1_127' title='bbox 2745 2025 2949 2088; x_wconf 89' lang='lat' dir='ltr'>redu-</span> 
     </span>
     <span class='ocr_line' id='line_1_16' title="bbox 476 2132 2943 2215; baseline -0.002 -17"><span class='ocrx_word' id='word_1_128' title='bbox 476 2145 753 2211; x_wconf 82' lang='lat' dir='ltr'>xerunt,</span> <span class='ocrx_word' id='word_1_129' title='bbox 789 2153 1086 2215; x_wconf 89' lang='lat' dir='ltr'>quorum</span> <span class='ocrx_word' id='word_1_130' title='bbox 1114 2136 1234 2198; x_wconf 94' lang='lat' dir='ltr'>alii</span> <span class='ocrx_word' id='word_1_131' title='bbox 1264 2137 1442 2197; x_wconf 92' lang='lat' dir='ltr'>alias</span> <span class='ocrx_word' id='word_1_132' title='bbox 1473 2135 1563 2197; x_wconf 96' lang='lat' dir='ltr'>ob</span> <span class='ocrx_word' id='word_1_133' title='bbox 1592 2134 2167 2197; x_wconf 89' lang='lat' dir='ltr'>malevolentiam</span> <span class='ocrx_word' id='word_1_134' title='bbox 2197 2152 2341 2196; x_wconf 91' lang='lat' dir='ltr'>non</span> <span class='ocrx_word' id='word_1_135' title='bbox 2381 2132 2943 2213; x_wconf 88' lang='lat' dir='ltr'>alloquebantur.</span> 
     </span>
     <span class='ocr_line' id='line_1_17' title="bbox 472 2239 2947 2324; baseline -0.001 -20"><span class='ocrx_word' id='word_1_136' title='bbox 472 2241 786 2306; x_wconf 89' lang='lat' dir='ltr'>Litterae</span> <span class='ocrx_word' id='word_1_137' title='bbox 809 2243 1120 2322; x_wconf 90' lang='lat' dir='ltr'>Indicae,</span> <span class='ocrx_word' id='word_1_138' title='bbox 1157 2260 1334 2324; x_wconf 90' lang='lat' dir='ltr'>quas</span> <span class='ocrx_word' id='word_1_139' title='bbox 1361 2242 1589 2306; x_wconf 91' lang='lat' dir='ltr'>nostri</span> <span class='ocrx_word' id='word_1_140' title='bbox 1617 2259 1861 2305; x_wconf 91' lang='lat' dir='ltr'>secum</span> <span class='ocrx_word' id='word_1_141' title='bbox 1891 2242 2222 2319; x_wconf 89' lang='lat' dir='ltr'>tulerant,</span> <span class='ocrx_word' id='word_1_142' title='bbox 2267 2241 2581 2303; x_wconf 87' lang='lat' dir='ltr'>omnium</span> <span class='ocrx_word' id='word_1_143' title='bbox 2621 2239 2947 2302; x_wconf 90' lang='lat' dir='ltr'>manibus</span> 
     </span>
     <span class='ocr_line' id='line_1_18' title="bbox 470 2347 2947 2430; baseline -0.001 -20"><span class='ocrx_word' id='word_1_144' title='bbox 470 2348 878 2413; x_wconf 90' lang='lat' dir='ltr'>ferebantur</span> <span class='ocrx_word' id='word_1_145' title='bbox 917 2360 1064 2412; x_wconf 91' lang='lat' dir='ltr'>tam</span> <span class='ocrx_word' id='word_1_146' title='bbox 1102 2350 1368 2413; x_wconf 89' lang='lat' dir='ltr'>civium</span> <span class='ocrx_word' id='word_1_147' title='bbox 1408 2367 1622 2430; x_wconf 83' lang='lat' dir='ltr'>quam</span> <span class='ocrx_word' id='word_1_148' title='bbox 1660 2349 2190 2428; x_wconf 86' lang='lat' dir='ltr'>religiosorum,</span> <span class='ocrx_word' id='word_1_149' title='bbox 2234 2356 2303 2410; x_wconf 91' lang='lat' dir='ltr'>et</span> <span class='ocrx_word' id='word_1_150' title='bbox 2342 2347 2626 2428; x_wconf 89' lang='lat' dir='ltr'>quidem</span> <span class='ocrx_word' id='word_1_151' title='bbox 2667 2364 2947 2409; x_wconf 91' lang='lat' dir='ltr'>summa</span> 
     </span>
     <span class='ocr_line' id='line_1_19' title="bbox 472 2441 2942 2536; baseline -0.002 -17"><span class='ocrx_word' id='word_1_152' title='bbox 472 2474 634 2519; x_wconf 90' lang='lat' dir='ltr'>cum</span> <span class='ocrx_word' id='word_1_153' title='bbox 678 2456 1188 2521; x_wconf 88' lang='lat' dir='ltr'>aedificatione.</span> <span class='ocrx_word' id='word_1_154' title='bbox 1225 2457 1332 2520; x_wconf 89' lang='lat' dir='ltr'>De</span> <span class='ocrx_word' id='word_1_155' title='bbox 1365 2455 1439 2518; x_wconf 91' lang='lat' dir='ltr'>P.</span> <span class='ocrx_word' id='word_1_156' title='bbox 1475 2456 1842 2536; x_wconf 91' lang='lat' dir='ltr'>Alphonso</span> <span class='ocrx_word' id='word_1_157' title='bbox 1872 2441 2130 2530; x_wconf 89' lang='lat' dir='ltr'>Tellez,</span> <span class='ocrx_word' id='word_1_158' title='bbox 2164 2455 2283 2534; x_wconf 91' lang='lat' dir='ltr'>qui</span> <span class='ocrx_word' id='word_1_159' title='bbox 2323 2454 2568 2517; x_wconf 88' lang='lat' dir='ltr'>Morae</span> <span class='ocrx_word' id='word_1_160' title='bbox 2608 2454 2942 2516; x_wconf 89' lang='lat' dir='ltr'>versaba-</span> 
     </span>
     <span class='ocr_line' id='line_1_20' title="bbox 472 2559 2937 2644; baseline -0.002 -17"><span class='ocrx_word' id='word_1_161' title='bbox 472 2572 609 2643; x_wconf 92' lang='lat' dir='ltr'>tur,</span> <span class='ocrx_word' id='word_1_162' title='bbox 641 2564 738 2627; x_wconf 94' lang='lat' dir='ltr'>ibi</span> <span class='ocrx_word' id='word_1_163' title='bbox 775 2565 1206 2627; x_wconf 89' lang='lat' dir='ltr'>intellectum</span> <span class='ocrx_word' id='word_1_164' title='bbox 1234 2572 1361 2642; x_wconf 88' lang='lat' dir='ltr'>est,</span> <span class='ocrx_word' id='word_1_165' title='bbox 1410 2564 1599 2644; x_wconf 92' lang='lat' dir='ltr'>quod</span> <span class='ocrx_word' id='word_1_166' title='bbox 1637 2579 1975 2642; x_wconf 85' lang='lat' dir='ltr'>magnum</span> <span class='ocrx_word' id='word_1_167' title='bbox 2014 2562 2323 2625; x_wconf 89' lang='lat' dir='ltr'>fructum</span> <span class='ocrx_word' id='word_1_168' title='bbox 2359 2579 2450 2624; x_wconf 82' lang='lat' dir='ltr'>ex</span> <span class='ocrx_word' id='word_1_169' title='bbox 2489 2561 2610 2624; x_wconf 89' lang='lat' dir='ltr'>illa</span> <span class='ocrx_word' id='word_1_170' title='bbox 2648 2559 2937 2623; x_wconf 90' lang='lat' dir='ltr'>Domini</span> 
     </span>
     <span class='ocr_line' id='line_1_21' title="bbox 475 2668 2943 2753; baseline -0.001 -20"><span class='ocrx_word' id='word_1_171' title='bbox 475 2672 688 2736; x_wconf 87' lang='lat' dir='ltr'>vinea</span> <span class='ocrx_word' id='word_1_172' title='bbox 717 2673 1146 2753; x_wconf 89' lang='lat' dir='ltr'>perciperet,</span> <span class='ocrx_word' id='word_1_173' title='bbox 1182 2689 1312 2735; x_wconf 92' lang='lat' dir='ltr'>nec</span> <span class='ocrx_word' id='word_1_174' title='bbox 1352 2671 1439 2735; x_wconf 91' lang='lat' dir='ltr'>de</span> <span class='ocrx_word' id='word_1_175' title='bbox 1479 2671 1618 2735; x_wconf 87' lang='lat' dir='ltr'>alia</span> <span class='ocrx_word' id='word_1_176' title='bbox 1656 2688 1734 2734; x_wconf 90' lang='lat' dir='ltr'>re</span> <span class='ocrx_word' id='word_1_177' title='bbox 1774 2668 2299 2751; x_wconf 90' lang='lat' dir='ltr'>quodammodo</span> <span class='ocrx_word' id='word_1_178' title='bbox 2341 2669 2662 2733; x_wconf 90' lang='lat' dir='ltr'>homines</span> <span class='ocrx_word' id='word_1_179' title='bbox 2706 2669 2943 2747; x_wconf 90' lang='lat' dir='ltr'>loque·</span> 
     </span>
     <span class='ocr_line' id='line_1_22' title="bbox 473 2779 756 2843; baseline -0.007 -3"><span class='ocrx_word' id='word_1_180' title='bbox 473 2779 756 2843; x_wconf 90' lang='lat' dir='ltr'>bantur.</span> 
     </span>
    </p>

    <p class='ocr_par' dir='ltr' id='par_1_3' title="bbox 461 2882 3032 4577">
     <span class='ocr_line' id='line_1_23' title="bbox 591 2882 2946 2964; baseline -0.001 -17"><span class='ocrx_word' id='word_1_181' title='bbox 591 2885 734 2947; x_wconf 86' lang='lat'>589.</span> <span class='ocrx_word' id='word_1_182' title='bbox 819 2887 1079 2949; x_wconf 92' lang='lat' dir='ltr'>Missus</span> <span class='ocrx_word' id='word_1_183' title='bbox 1109 2887 1322 2948; x_wconf 90' lang='lat' dir='ltr'>etiam</span> <span class='ocrx_word' id='word_1_184' title='bbox 1352 2886 1483 2948; x_wconf 88' lang='lat' dir='ltr'>suit</span> <span class='ocrx_word' id='word_1_185' title='bbox 1512 2884 1584 2947; x_wconf 90' lang='lat' dir='ltr'>P.</span> <span class='ocrx_word' id='word_1_186' title='bbox 1625 2884 2113 2948; x_wconf 88' lang='lat' dir='ltr'>Gundisalvus</span> <span class='ocrx_word' id='word_1_187' title='bbox 2144 2884 2230 2947; x_wconf 89' lang='lat' dir='ltr'>de</span> <span class='ocrx_word' id='word_1_188' title='bbox 2253 2883 2584 2964; x_wconf 88' lang='lat' dir='ltr'>Sylveira</span> <span class='ocrx_word' id='word_1_189' title='bbox 2614 2898 2776 2946; x_wconf 90' lang='lat' dir='ltr'>cum</span> <span class='ocrx_word' id='word_1_190' title='bbox 2807 2882 2946 2945; x_wconf 93' lang='lat' dir='ltr'>alio</span> 
     </span>
     <span class='ocr_line' id='line_1_24' title="bbox 473 2990 2940 3074; baseline -0.002 -18"><span class='ocrx_word' id='word_1_191' title='bbox 473 2992 842 3056; x_wconf 90' lang='lat' dir='ltr'>sacerdote</span> <span class='ocrx_word' id='word_1_192' title='bbox 883 2995 953 3055; x_wconf 90' lang='lat' dir='ltr'>in</span> <span class='ocrx_word' id='word_1_193' title='bbox 1005 2992 1339 3074; x_wconf 91' lang='lat' dir='ltr'>oppidum</span> <span class='ocrx_word' id='word_1_194' title='bbox 1388 3002 1724 3056; x_wconf 87' lang='lat' dir='ltr'>vocatum</span> <span class='ocrx_word' id='word_1_195' title='bbox 1761 2992 2026 3055; x_wconf 87' lang='lat' dir='ltr'>Tomar</span> <span class='ocrx_word' id='word_1_196' title='bbox 2063 2990 2114 3071; x_wconf 87' lang='lat'>¹,</span> <span class='ocrx_word' id='word_1_197' title='bbox 2167 2992 2284 3055; x_wconf 91' lang='lat' dir='ltr'>ubi</span> <span class='ocrx_word' id='word_1_198' title='bbox 2324 2992 2789 3072; x_wconf 88' lang='lat' dir='ltr'>praecipuum</span> <span class='ocrx_word' id='word_1_199' title='bbox 2833 2998 2940 3052; x_wconf 90' lang='lat' dir='ltr'>est</span> 
     </span>
     <span class='ocr_line' id='line_1_25' title="bbox 470 3095 2942 3179; baseline -0.002 -16"><span class='ocrx_word' id='word_1_200' title='bbox 470 3101 978 3164; x_wconf 91' lang='lat' dir='ltr'>monasterium</span> <span class='ocrx_word' id='word_1_201' title='bbox 1027 3100 1314 3164; x_wconf 90' lang='lat' dir='ltr'>Ordinis</span> <span class='ocrx_word' id='word_1_202' title='bbox 1365 3100 1689 3163; x_wconf 89' lang='lat' dir='ltr'>militaris</span> <span class='ocrx_word' id='word_1_203' title='bbox 1739 3099 2034 3178; x_wconf 78' lang='lat' dir='ltr'>Christi3</span> <span class='ocrx_word' id='word_1_204' title='bbox 2089 3109 2158 3162; x_wconf 89' lang='lat' dir='ltr'>et</span> <span class='ocrx_word' id='word_1_205' title='bbox 2200 3109 2704 3179; x_wconf 89' lang='lat' dir='ltr'>praeterquam</span> <span class='ocrx_word' id='word_1_206' title='bbox 2752 3095 2942 3176; x_wconf 91' lang='lat' dir='ltr'>quod</span> 
     </span>
     <span class='ocr_line' id='line_1_26' title="bbox 469 3200 2942 3288; baseline -0.002 -17"><span class='ocrx_word' id='word_1_207' title='bbox 469 3209 987 3288; x_wconf 88' lang='lat' dir='ltr'>praescriptum</span> <span class='ocrx_word' id='word_1_208' title='bbox 1039 3226 1080 3269; x_wconf 91' lang='lat' dir='ltr'>a</span> <span class='ocrx_word' id='word_1_209' title='bbox 1138 3207 1332 3286; x_wconf 79' lang='lat' dir='ltr'>Rege</span> <span class='ocrx_word' id='word_1_210' title='bbox 1384 3207 1705 3270; x_wconf 90' lang='lat' dir='ltr'>ordinem</span> <span class='ocrx_word' id='word_1_211' title='bbox 1752 3208 2256 3285; x_wconf 86' lang='lat' dir='ltr'>observabant,</span> <span class='ocrx_word' id='word_1_212' title='bbox 2310 3200 2571 3269; x_wconf 86' lang='lat' dir='ltr'>diebus</span> <span class='ocrx_word' id='word_1_213' title='bbox 2607 3204 2942 3267; x_wconf 90' lang='lat' dir='ltr'>mercurii</span> 
     </span>
     <span class='ocr_line' id='line_1_27' title="bbox 471 3312 2941 3390; baseline -0.002 -12"><span class='ocrx_word' id='word_1_214' title='bbox 471 3317 1030 3379; x_wconf 87' lang='lat' dir='ltr'>concionabatur</span> <span class='ocrx_word' id='word_1_215' title='bbox 1061 3315 1134 3378; x_wconf 91' lang='lat' dir='ltr'>P.</span> <span class='ocrx_word' id='word_1_216' title='bbox 1195 3315 1679 3379; x_wconf 83' lang='lat' dir='ltr'>Gundisalvus</span> <span class='ocrx_word' id='word_1_217' title='bbox 1725 3316 1795 3377; x_wconf 91' lang='lat' dir='ltr'>in</span> <span class='ocrx_word' id='word_1_218' title='bbox 1839 3316 2014 3379; x_wconf 86' lang='lat' dir='ltr'>aede</span> <span class='ocrx_word' id='word_1_219' title='bbox 2052 3313 2620 3390; x_wconf 89' lang='lat' dir='ltr'>Misericordiae,</span> <span class='ocrx_word' id='word_1_220' title='bbox 2667 3322 2734 3374; x_wconf 94' lang='lat' dir='ltr'>et</span> <span class='ocrx_word' id='word_1_221' title='bbox 2776 3312 2941 3374; x_wconf 90' lang='lat' dir='ltr'>licet</span> 
     </span>
     <span class='ocr_line' id='line_1_28' title="bbox 471 3420 2943 3504; baseline -0.002 -18"><span class='ocrx_word' id='word_1_222' title='bbox 471 3423 621 3486; x_wconf 91' lang='lat' dir='ltr'>dies</span> <span class='ocrx_word' id='word_1_223' title='bbox 644 3423 995 3504; x_wconf 90' lang='lat' dir='ltr'>profestus</span> <span class='ocrx_word' id='word_1_224' title='bbox 1020 3424 1080 3485; x_wconf 92' lang='lat' dir='ltr'>is</span> <span class='ocrx_word' id='word_1_225' title='bbox 1105 3431 1312 3499; x_wconf 88' lang='lat' dir='ltr'>esset,</span> <span class='ocrx_word' id='word_1_226' title='bbox 1339 3424 1645 3503; x_wconf 89' lang='lat' dir='ltr'>plurimi,</span> <span class='ocrx_word' id='word_1_227' title='bbox 1673 3433 1741 3486; x_wconf 94' lang='lat' dir='ltr'>et</span> <span class='ocrx_word' id='word_1_228' title='bbox 1771 3423 1842 3485; x_wconf 94' lang='lat' dir='ltr'>hi</span> <span class='ocrx_word' id='word_1_229' title='bbox 1868 3441 1955 3486; x_wconf 85' lang='lat' dir='ltr'>ex</span> <span class='ocrx_word' id='word_1_230' title='bbox 1975 3422 2403 3503; x_wconf 89' lang='lat' dir='ltr'>primoribus</span> <span class='ocrx_word' id='word_1_231' title='bbox 2426 3421 2664 3501; x_wconf 92' lang='lat' dir='ltr'>populi</span> <span class='ocrx_word' id='word_1_232' title='bbox 2690 3420 2943 3483; x_wconf 91' lang='lat' dir='ltr'>utrius-</span> 
     </span>
     <span class='ocr_line' id='line_1_29' title="bbox 472 3529 2945 3611; baseline -0.001 -18"><span class='ocrx_word' id='word_1_233' title='bbox 472 3548 607 3611; x_wconf 91' lang='lat' dir='ltr'>que</span> <span class='ocrx_word' id='word_1_234' title='bbox 636 3548 851 3594; x_wconf 84' lang='lat' dir='ltr'>sexus</span> <span class='ocrx_word' id='word_1_235' title='bbox 881 3550 964 3594; x_wconf 94' lang='lat' dir='ltr'>eo</span> <span class='ocrx_word' id='word_1_236' title='bbox 996 3532 1532 3594; x_wconf 84' lang='lat' dir='ltr'>conveniebant.</span> <span class='ocrx_word' id='word_1_237' title='bbox 1568 3529 1836 3594; x_wconf 89' lang='lat' dir='ltr'>Diebus</span> <span class='ocrx_word' id='word_1_238' title='bbox 1867 3530 2148 3594; x_wconf 90' lang='lat' dir='ltr'>sabbati</span> <span class='ocrx_word' id='word_1_239' title='bbox 2178 3539 2341 3610; x_wconf 88' lang='lat' dir='ltr'>post</span> <span class='ocrx_word' id='word_1_240' title='bbox 2364 3529 2730 3592; x_wconf 90' lang='lat' dir='ltr'>meridiem</span> <span class='ocrx_word' id='word_1_241' title='bbox 2756 3545 2945 3590; x_wconf 91' lang='lat' dir='ltr'>rece-</span> 
     </span>
     <span class='ocr_line' id='line_1_30' title="bbox 469 3636 2947 3719; baseline -0.002 -18"><span class='ocrx_word' id='word_1_242' title='bbox 469 3638 732 3701; x_wconf 88' lang='lat' dir='ltr'>debant</span> <span class='ocrx_word' id='word_1_243' title='bbox 762 3657 851 3701; x_wconf 88' lang='lat' dir='ltr'>ex</span> <span class='ocrx_word' id='word_1_244' title='bbox 880 3639 1137 3718; x_wconf 91' lang='lat' dir='ltr'>oppido</span> <span class='ocrx_word' id='word_1_245' title='bbox 1161 3639 1252 3701; x_wconf 89' lang='lat' dir='ltr'>ad</span> <span class='ocrx_word' id='word_1_246' title='bbox 1274 3638 1654 3719; x_wconf 89' lang='lat' dir='ltr'>parochias</span> <span class='ocrx_word' id='word_1_247' title='bbox 1676 3638 1984 3716; x_wconf 82' lang='lat' dir='ltr'>vicinaS,</span> <span class='ocrx_word' id='word_1_248' title='bbox 2018 3639 2109 3700; x_wconf 83' lang='lat' dir='ltr'>&#39;ex</span> <span class='ocrx_word' id='word_1_249' title='bbox 2138 3638 2391 3717; x_wconf 91' lang='lat' dir='ltr'>quibus</span> <span class='ocrx_word' id='word_1_250' title='bbox 2421 3653 2584 3715; x_wconf 91' lang='lat' dir='ltr'>una,</span> <span class='ocrx_word' id='word_1_251' title='bbox 2620 3652 2802 3715; x_wconf 87' lang='lat' dir='ltr'>quae</span> <span class='ocrx_word' id='word_1_252' title='bbox 2831 3636 2947 3698; x_wconf 86' lang='lat' dir='ltr'>vel</span> 
     </span>
     <span class='ocr_line' id='line_1_31' title="bbox 461 3743 2976 3826; baseline -0.002 -18"><span class='ocrx_word' id='word_1_253' title='bbox 461 3763 600 3808; x_wconf 40' lang='lat' dir='ltr'>*sex</span> <span class='ocrx_word' id='word_1_254' title='bbox 623 3747 740 3809; x_wconf 88' lang='lat' dir='ltr'>vel</span> <span class='ocrx_word' id='word_1_255' title='bbox 762 3756 1032 3826; x_wconf 90' lang='lat' dir='ltr'>septem</span> <span class='ocrx_word' id='word_1_256' title='bbox 1054 3747 1454 3809; x_wconf 89' lang='lat' dir='ltr'>animarum</span> <span class='ocrx_word' id='word_1_257' title='bbox 1477 3746 1636 3823; x_wconf 81' lang='lat' dir='ltr'>(sic)</span> <span class='ocrx_word' id='word_1_258' title='bbox 1662 3763 1910 3808; x_wconf 88' lang='lat' dir='ltr'>curam</span> <span class='ocrx_word' id='word_1_259' title='bbox 1932 3746 2140 3824; x_wconf 87' lang='lat' dir='ltr'>gerit,</span> <span class='ocrx_word' id='word_1_260' title='bbox 2171 3745 2423 3823; x_wconf 87' lang='lat' dir='ltr'>obtigit</span> <span class='ocrx_word' id='word_1_261' title='bbox 2445 3744 2522 3807; x_wconf 93' lang='lat' dir='ltr'>P.</span> <span class='ocrx_word' id='word_1_262' title='bbox 2546 3743 2603 3805; x_wconf 91' lang='lat' dir='ltr'>F</span> <span class='ocrx_word' id='word_1_263' title='bbox 2608 3752 2943 3805; x_wconf 90' lang='lat' dir='ltr'>ructuoso</span> <span class='ocrx_word' id='word_1_264' title='bbox 2972 3790 2976 3794; x_wconf 84' lang='lat'>.</span> 
     </span>
     <span class='ocr_line' id='line_1_32' title="bbox 465 3845 2946 3933; baseline -0.001 -19"><span class='ocrx_word' id='word_1_265' title='bbox 465 3845 857 3933; x_wconf 87' lang='lat' dir='ltr'>Nogheira,</span> <span class='ocrx_word' id='word_1_266' title='bbox 892 3854 1086 3916; x_wconf 91' lang='lat' dir='ltr'>socio</span> <span class='ocrx_word' id='word_1_267' title='bbox 1112 3852 1187 3915; x_wconf 92' lang='lat' dir='ltr'>P.</span> <span class='ocrx_word' id='word_1_268' title='bbox 1215 3852 1636 3917; x_wconf 86' lang='lat' dir='ltr'>Gundisalvi</span> <span class='ocrx_word' id='word_1_269' title='bbox 1662 3853 1746 3915; x_wconf 91' lang='lat' dir='ltr'>de</span> <span class='ocrx_word' id='word_1_270' title='bbox 1769 3851 2128 3932; x_wconf 88' lang='lat' dir='ltr'>Sylveira;</span> <span class='ocrx_word' id='word_1_271' title='bbox 2160 3853 2309 3931; x_wconf 92' lang='lat' dir='ltr'>ipse</span> <span class='ocrx_word' id='word_1_272' title='bbox 2332 3851 2465 3914; x_wconf 92' lang='lat' dir='ltr'>sibi</span> <span class='ocrx_word' id='word_1_273' title='bbox 2488 3851 2702 3913; x_wconf 87' lang='lat' dir='ltr'>aliam</span> <span class='ocrx_word' id='word_1_274' title='bbox 2723 3850 2946 3913; x_wconf 90' lang='lat' dir='ltr'>mino·</span> 
     </span>
     <span class='ocr_line' id='line_1_33' title="bbox 473 3956 2947 4040; baseline -0.002 -19"><span class='ocrx_word' id='word_1_275' title='bbox 473 3976 623 4021; x_wconf 89' lang='lat' dir='ltr'>rem</span> <span class='ocrx_word' id='word_1_276' title='bbox 654 3960 1065 4039; x_wconf 83' lang='lat' dir='ltr'>desumpsit3</span> <span class='ocrx_word' id='word_1_277' title='bbox 1101 3970 1171 4023; x_wconf 90' lang='lat' dir='ltr'>et</span> <span class='ocrx_word' id='word_1_278' title='bbox 1201 3961 1450 4023; x_wconf 89' lang='lat' dir='ltr'>scribit</span> <span class='ocrx_word' id='word_1_279' title='bbox 1482 3961 1631 4040; x_wconf 89' lang='lat' dir='ltr'>ipse</span> <span class='ocrx_word' id='word_1_280' title='bbox 1662 3977 1803 4022; x_wconf 89' lang='lat' dir='ltr'>non</span> <span class='ocrx_word' id='word_1_281' title='bbox 1834 3960 2174 4037; x_wconf 86' lang='lat' dir='ltr'>exiguum</span> <span class='ocrx_word' id='word_1_282' title='bbox 2205 3957 2501 4039; x_wconf 88' lang='lat' dir='ltr'>proinde</span> <span class='ocrx_word' id='word_1_283' title='bbox 2532 3974 2608 4019; x_wconf 92' lang='lat' dir='ltr'>se</span> <span class='ocrx_word' id='word_1_284' title='bbox 2639 3956 2947 4019; x_wconf 88' lang='lat' dir='ltr'>fructum</span> 
     </span>
     <span class='ocr_line' id='line_1_34' title="bbox 468 4063 2944 4147; baseline -0.002 -18"><span class='ocrx_word' id='word_1_285' title='bbox 468 4084 760 4147; x_wconf 89' lang='lat' dir='ltr'>sperare</span> <span class='ocrx_word' id='word_1_286' title='bbox 788 4085 920 4130; x_wconf 90' lang='lat' dir='ltr'>nec</span> <span class='ocrx_word' id='word_1_287' title='bbox 950 4076 1187 4131; x_wconf 90' lang='lat' dir='ltr'>vestes</span> <span class='ocrx_word' id='word_1_288' title='bbox 1218 4069 1522 4131; x_wconf 90' lang='lat' dir='ltr'>rusticas</span> <span class='ocrx_word' id='word_1_289' title='bbox 1553 4077 1621 4130; x_wconf 92' lang='lat' dir='ltr'>et</span> <span class='ocrx_word' id='word_1_290' title='bbox 1644 4066 1914 4147; x_wconf 87' lang='lat' dir='ltr'>judicia</span> <span class='ocrx_word' id='word_1_291' title='bbox 1956 4066 2278 4129; x_wconf 84' lang='lat' dir='ltr'>vestibus</span> <span class='ocrx_word' id='word_1_292' title='bbox 2319 4065 2576 4128; x_wconf 90' lang='lat' dir='ltr'>similia</span> <span class='ocrx_word' id='word_1_293' title='bbox 2618 4063 2753 4126; x_wconf 93' lang='lat' dir='ltr'>sibi</span> <span class='ocrx_word' id='word_1_294' title='bbox 2799 4064 2944 4124; x_wconf 90' lang='lat' dir='ltr'>ani-</span> 
     </span>
     <span class='ocr_line' id='line_1_35' title="bbox 469 4171 3032 4255; baseline -0.002 -18"><span class='ocrx_word' id='word_1_295' title='bbox 469 4192 622 4237; x_wconf 91' lang='lat' dir='ltr'>mos</span> <span class='ocrx_word' id='word_1_296' title='bbox 654 4175 986 4252; x_wconf 88' lang='lat' dir='ltr'>adimere,</span> <span class='ocrx_word' id='word_1_297' title='bbox 1015 4176 1180 4255; x_wconf 91' lang='lat' dir='ltr'>quia</span> <span class='ocrx_word' id='word_1_298' title='bbox 1207 4177 1493 4254; x_wconf 87' lang='lat' dir='ltr'>ingenia</span> <span class='ocrx_word' id='word_1_299' title='bbox 1516 4175 1867 4254; x_wconf 90' lang='lat' dir='ltr'>simplicia</span> <span class='ocrx_word' id='word_1_300' title='bbox 1892 4175 2144 4237; x_wconf 88' lang='lat' dir='ltr'>melius</span> <span class='ocrx_word' id='word_1_301' title='bbox 2166 4173 2398 4236; x_wconf 91' lang='lat' dir='ltr'>Deum</span> <span class='ocrx_word' id='word_1_302' title='bbox 2423 4188 2680 4252; x_wconf 90' lang='lat' dir='ltr'>capere</span> <span class='ocrx_word' id='word_1_303' title='bbox 2705 4171 2948 4232; x_wconf 91' lang='lat' dir='ltr'>obser·</span> <span class='ocrx_word' id='word_1_304' title='bbox 3024 4191 3032 4199; x_wconf 90' lang='lat'><strong>·</strong></span> 
     </span>
     <span class='ocr_line' id='line_1_36' title="bbox 471 4280 2947 4362; baseline -0.002 -19"><span class='ocrx_word' id='word_1_305' title='bbox 471 4282 711 4360; x_wconf 86' lang='lat' dir='ltr'>vabat,</span> <span class='ocrx_word' id='word_1_306' title='bbox 737 4299 948 4361; x_wconf 91' lang='lat' dir='ltr'>quam</span> <span class='ocrx_word' id='word_1_307' title='bbox 974 4282 1396 4362; x_wconf 88' lang='lat' dir='ltr'>sapientiam</span> <span class='ocrx_word' id='word_1_308' title='bbox 1422 4283 1696 4345; x_wconf 90' lang='lat' dir='ltr'>aridam</span> <span class='ocrx_word' id='word_1_309' title='bbox 1720 4282 2043 4344; x_wconf 89' lang='lat' dir='ltr'>aliorum.</span> <span class='ocrx_word' id='word_1_310' title='bbox 2065 4280 2692 4344; x_wconf 89' lang='lat' dir='ltr'>Concionabantur</span> <span class='ocrx_word' id='word_1_311' title='bbox 2709 4285 2947 4339; x_wconf 87' lang='lat' dir='ltr'>autem</span> 
     </span>
     <span class='ocr_line' id='line_1_37' title="bbox 469 4386 2944 4468; baseline -0.001 -20"><span class='ocrx_word' id='word_1_312' title='bbox 469 4386 577 4449; x_wconf 94' lang='lat' dir='ltr'>bis</span> <span class='ocrx_word' id='word_1_313' title='bbox 608 4389 907 4468; x_wconf 87' lang='lat' dir='ltr'>singulis</span> <span class='ocrx_word' id='word_1_314' title='bbox 940 4388 1185 4451; x_wconf 89' lang='lat' dir='ltr'>diebus</span> <span class='ocrx_word' id='word_1_315' title='bbox 1216 4389 1604 4452; x_wconf 45' lang='lat' dir='ltr'>dominicis*</span> <span class='ocrx_word' id='word_1_316' title='bbox 1622 4390 1695 4451; x_wconf 94' lang='lat' dir='ltr'>in</span> <span class='ocrx_word' id='word_1_317' title='bbox 1734 4388 2038 4451; x_wconf 84' lang='lat' dir='ltr'>diversis</span> <span class='ocrx_word' id='word_1_318' title='bbox 2080 4388 2286 4466; x_wconf 90' lang='lat' dir='ltr'>locis,</span> <span class='ocrx_word' id='word_1_319' title='bbox 2333 4388 2404 4449; x_wconf 91' lang='lat' dir='ltr'>in</span> <span class='ocrx_word' id='word_1_320' title='bbox 2444 4388 2667 4449; x_wconf 90' lang='lat' dir='ltr'>altero</span> <span class='ocrx_word' id='word_1_321' title='bbox 2709 4401 2944 4462; x_wconf 90' lang='lat' dir='ltr'>mane,</span> 
     </span>
     <span class='ocr_line' id='line_1_38' title="bbox 473 4491 2951 4577; baseline -0.002 -20"><span class='ocrx_word' id='word_1_322' title='bbox 473 4495 546 4557; x_wconf 93' lang='lat' dir='ltr'>in</span> <span class='ocrx_word' id='word_1_323' title='bbox 577 4497 801 4558; x_wconf 87' lang='lat' dir='ltr'>altero</span> <span class='ocrx_word' id='word_1_324' title='bbox 833 4504 1070 4558; x_wconf 85' lang='lat' dir='ltr'>autem</span> <span class='ocrx_word' id='word_1_325' title='bbox 1099 4504 1258 4577; x_wconf 90' lang='lat' dir='ltr'>post</span> <span class='ocrx_word' id='word_1_326' title='bbox 1288 4495 1673 4559; x_wconf 90' lang='lat' dir='ltr'>meridiem.</span> <span class='ocrx_word' id='word_1_327' title='bbox 1708 4495 1899 4558; x_wconf 92' lang='lat' dir='ltr'>Ante</span> <span class='ocrx_word' id='word_1_328' title='bbox 1929 4495 2345 4558; x_wconf 91' lang='lat' dir='ltr'>concionem</span> <span class='ocrx_word' id='word_1_329' title='bbox 2375 4494 2447 4556; x_wconf 91' lang='lat' dir='ltr'>in</span> <span class='ocrx_word' id='word_1_330' title='bbox 2476 4491 2787 4572; x_wconf 89' lang='lat' dir='ltr'>qualibet</span> <span class='ocrx_word' id='word_1_331' title='bbox 2816 4507 2951 4571; x_wconf 90' lang='lat' dir='ltr'>pa-</span> 
     </span>
    </p>
   </div>
   <div class='ocr_carea' id='block_1_3' title="bbox 557 4735 2243 4793">
    <p class='ocr_par' dir='ltr' id='par_1_4' title="bbox 557 4735 2243 4793">
     <span class='ocr_line' id='line_1_39' title="bbox 557 4735 2243 4793; baseline -0.002 -10"><span class='ocrx_word' id='word_1_332' title='bbox 557 4738 572 4769; x_wconf 81' lang='lat'>¹</span> <span class='ocrx_word' id='word_1_333' title='bbox 632 4738 716 4782; x_wconf 89' lang='lat' dir='ltr'>Sic</span> <span class='ocrx_word' id='word_1_334' title='bbox 737 4738 923 4793; x_wconf 81' lang='lat' dir='ltr'>ubique</span> <span class='ocrx_word' id='word_1_335' title='bbox 947 4738 1217 4792; x_wconf 74' lang='lat' dir='ltr'>Polancus3</span> <span class='ocrx_word' id='word_1_336' title='bbox 1247 4739 1515 4782; x_wconf 85' lang='lat' dir='ltr'>lusitanice</span> <span class='ocrx_word' id='word_1_337' title='bbox 1536 4744 1712 4780; x_wconf 83' lang='lat' dir='ltr'>tamen</span> <span class='ocrx_word' id='word_1_338' title='bbox 1733 4735 1967 4780; x_wconf 82' lang='lat' dir='ltr'>scribunt</span> <span class='ocrx_word' id='word_1_339' title='bbox 1997 4735 2243 4779; x_wconf 74' lang='lat' dir='ltr'>Thon-zar.</span> 
     </span>
    </p>
   </div>
  </div>
 </body>
</html>
