3679 5414
1614 435 1742 494 ΑΝ.
1787 435 1921 495 1551
2883 434 2987 495 321

529 596 792 659 magna
838 598 1000 643 cum
1050 582 1499 645 solemnitate
1547 582 1938 663 repositum
1987 581 2177 644 domi
2226 590 2514 643 nostrae
2562 590 2698 659 est,
2752 582 2990 645 multis

525 696 673 749 tam
712 685 1200 751 sacerdotibus
1239 705 1451 769 quam
1498 687 1699 752 laicis
1739 688 2065 751 certatim
2109 697 2178 751 et
2219 690 2555 769 templum
2597 697 2664 750 et
2710 687 2997 751 domum

526 804 853 857 nostram
885 795 1303 858 ornantibus
1336 805 1409 858 ut
1441 795 1825 858 solemnius
1863 794 1998 857 hoc
2038 812 2216 874 opus
2252 795 2798 875 transigeretur3
2841 796 2995 875 ipse

525 910 765 964 autem
803 900 1153 964 Dominus
1201 900 1517 983 Joannes
1554 901 1903 981 PoggiuS,
1952 900 2268 963 Nuncius
2320 901 2752 981 apostolicus
2799 910 2866 965 et
2907 902 2995 965 de

522 1007 882 1071 Societate
913 1008 1178 1088 optime
1221 1009 1537 1088 merituS,
1573 1008 1867 1072 Missam
1895 1009 1967 1071 in
1997 1009 2257 1088 templo
2296 1018 2541 1071 nostro
2581 1009 2986 1072 celebravit.

642 1115 783 1178 312.
872 1115 1167 1179 Reditus
1216 1116 1388 1178 nulli
1437 1125 1640 1179 erant
1684 1115 1753 1179 id
1798 1115 2171 1197 temporiS,
2218 1116 2343 1178 sed
2380 1133 2496 1178 res
2543 1117 2994 1180 necessariae

522 1222 975 1286 nihilominus
1005 1224 1449 1287 abundanter
1480 1242 1571 1287 ex
1600 1224 2072 1304 eleemosynis
2102 1223 2598 1286 offerebantur.

641 1329 782 1393 313.
870 1331 985 1394 Ad
1027 1331 1408 1411 hospitalia
1446 1331 2005 1410 aegrotantium,
2058 1331 2176 1393 ubi
2220 1329 2445 1410 major
2487 1330 2879 1393 necessitas
2918 1331 2987 1394 id

523 1437 885 1517 exigebat,
948 1455 1024 1501 se
1082 1438 1570 1518 conferebant,
1625 1447 1694 1501 et
1745 1439 1841 1502 ibi
1890 1438 2457 1501 decumbentium
2505 1438 2991 1501 confessiones

519 1543 900 1608 audiebant
929 1555 998 1608 et
1027 1563 1421 1626 pauperum
1449 1546 1922 1609 consolationi
1952 1546 2217 1608 dabant
2247 1562 2558 1624 operam.

638 1651 781 1713 314.
868 1652 1068 1715 Multi
1097 1651 1475 1715 Societatis
1505 1652 1857 1732 homines,
1894 1652 2108 1716 immo
2130 1661 2200 1715 et
2223 1653 2501 1727 domOS,
2536 1652 2982 1732 expetebant,

521 1769 591 1823 et
628 1769 704 1822 ut
741 1759 1138 1823 obtinerent
1175 1769 1463 1822 nostros
1512 1760 1895 1840 urgebant,
1950 1760 2459 1823 habitationem
2497 1761 2566 1822 et
2604 1760 2843 1822 omnia
2871 1777 2985 1822 ne·

521 1867 837 1929 cessaria
877 1866 1269 1930 offerentes.
1312 1867 1500 1930 Inter
1544 1868 1677 1930 hos
1718 1867 2113 1947 Episcopus
2151 1867 2437 1947 quidam
2466 1884 2697 1929 novae
2735 1866 2983 1946 Hispa·

518 1973 667 2053 nia,
701 1972 1045 2037 dioecesis
1075 1973 1550 2053 Mechoacan,
1590 1973 2178 2054 quandocumque
2201 1974 2273 2036 in
2300 1983 2584 2037 nostros
2606 1973 2981 2052 incidebat,

521 2081 869 2143 instanter
900 2081 1176 2160 aliquos
1218 2080 1305 2143 de
1343 2079 1699 2144 Societate
1732 2080 1867 2144 sibi
1907 2081 2062 2144 dari
2107 2081 2540 2160 postulabat,
2574 2090 2643 2143 et
2680 2097 2981 2142 messem

519 2188 811 2250 uberem
844 2188 916 2250 in
945 2204 1221 2257 summa
1252 2187 1724 2268 spiritualium
1754 2188 2244 2267 operariorum
2273 2187 2572 2267 penuria
2593 2187 2984 2250 obtendens

522 2303 591 2356 et
616 2295 854 2358 omnia
876 2295 1283 2358 necessaria
1306 2294 1635 2372 offerens;
1662 2293 1785 2357 sed
1812 2294 2128 2357 nondum
2148 2312 2234 2356 ea
2256 2294 2498 2357 missio
2519 2303 2978 2356 maturuerat.

639 2401 781 2464 315.
870 2401 1126 2465 Comes
1156 2401 1243 2464 de
1272 2400 1553 2466 Salinas
1582 2401 1892 2465 instabat
1922 2402 2133 2464 etiam
2163 2412 2240 2465 ut
2271 2402 2488 2482 aliqui
2517 2400 2603 2463 de
2630 2399 2982 2465 Societate

518 2507 651 2571 sibi
689 2508 1124 2572 donarentur
1178 2517 1255 2571 ut
1307 2508 1587 2571 cuidam
1630 2508 1889 2589 oppido
1937 2526 2066 2572 suo
2117 2509 2555 2588 subveniret,
2599 2526 2642 2571 a
2678 2526 2818 2589 quo
2857 2526 2983 2589 per

517 2614 784 2695 aliquot
807 2617 1047 2679 leucas
1070 2616 1501 2678 monasteria
1523 2616 2020 2695 religiosorum
2042 2616 2420 2694 distabant,
2441 2615 2627 2678 unde
2647 2633 2982 2696 magnam

514 2722 879 2797 doctrinae
922 2723 1293 2804 penuriam
1325 2722 1749 2803 patiebat'ur.
1784 2723 1924 2786 Pro
1967 2722 2308 2786 Asturica
2348 2724 2561 2786 etiam
2584 2741 2805 2803 prope
2828 2723 2979 2787 Stu-

516 2829 661 2893 rias
709 2840 778 2893 et
826 2848 956 2910 pro
1006 2830 1450 2894 Villafranca
1498 2830 1819 2893 Marchio
1873 2830 2089 2905 illius,
2142 2829 2504 2910 Pro-regis
2551 2831 2981 2911 neapolitani

511 2938 1054 3018 primogenituS,
1111 2947 1395 3001 nostros
1445 2939 1853 3018 expetebat,
1907 2948 1976 3001 et
2025 2939 2118 3000 ad
2162 2937 2646 3001 fundationem
2686 2939 2981 3018 Collegii

514 3045 753 3108 omnia
798 3045 1206 3109 necessaria
1252 3044 1614 3108 offerebat.
1665 3044 1989 3108 Marchio
2039 3045 2254 3108 etiam
2292 3045 2377 3108 de
2417 3045 2703 3109 Tavara
2740 3055 2808 3108 et
2859 3045 2977 3108 alii

512 3151 778 3216 domini
828 3170 959 3233 pro
1010 3153 1158 3215 suis
1210 3151 1508 3216 subditis
1560 3152 1694 3214 hoc
1746 3152 2086 3215 auxilium
2134 3153 2498 3232 petebant,
2549 3151 2672 3215 sed
2722 3152 2974 3231 quibus

510 3259 797 3323 minime
827 3259 1241 3324 satisfacere
1272 3258 1594 3323 Societas
1623 3269 1926 3339 poterat.

628 3366 772 3430 316.
858 3367 1037 3431 Cum
1066 3367 1264 3430 curia
1302 3366 1728 3430 Madridium
1768 3384 1846 3429 se
1889 3365 2338 3443 transferret,
2383 3384 2563 3447 quae
2604 3366 2721 3429 diu
2759 3365 2975 3429 Valli·

511 3475 715 3538 soleti
758 3475 1018 3554 fuerat,
1061 3474 1261 3538 multi
1316 3491 1531 3553 aegre
1580 3473 2116 3537 translationem
2165 3474 2350 3537 hanc
2396 3473 2747 3553 serebant,
2791 3474 2975 3553 quod

512 3581 609 3645 ibi
656 3582 827 3645 nulli
877 3581 965 3645 de
1016 3580 1367 3645 Societate
1415 3581 1836 3660 residerent,
1901 3590 1969 3644 et
2031 3580 2510 3661 Complutum,
2573 3598 2700 3643 sex
2759 3581 2978 3643 leucis

511 3688 801 3752 Matrito
832 3688 1139 3767 distanS,
1177 3688 1279 3750 ire
1312 3688 1400 3750 ad
1429 3697 1716 3750 nostros
1745 3688 2191 3768 quaerendos
2218 3688 2729 3768 proponebant.

629 3795 771 3859 317.
860 3795 1433 3859 Concionabatur
1476 3796 1731 3874 aliquis
1761 3813 1853 3857 ex
1881 3796 2143 3858 nostris
2173 3795 2243 3858 in
2275 3796 2584 3875 quodam
2614 3795 2971 3876 hospitali,

510 3900 712 3983 cujus
756 3902 1117 3967 auditores
1164 3920 1306 3966 non
1344 3919 1597 3982 parum
1635 3919 2029 3982 pauperum
2071 3903 2164 3965 ibi
2215 3902 2780 3966 decumbentium
2819 3903 2974 3965 sub-

511 4010 826 4073 ventioni
857 4010 1337 4088 conferebant,
1371 4026 1531 4072 cum
1562 4009 1786 4072 nostri
1816 4019 1886 4072 et
1914 4027 2057 4072 non
2088 4012 2317 4073 solum
2340 4010 2707 4091 audiendis
2735 4028 2978 4073 eorum

508 4116 1077 4180 confessionibus
1116 4125 1492 4195 vacarent,
1533 4125 1603 4179 et
1642 4116 2007 4179 ministros
2053 4117 2427 4196 hospitalis
2465 4116 2554 4179 ad
2595 4134 2800 4179 suum
2837 4116 2977 4179 offi-

509 4225 698 4287 cium
726 4223 1131 4287 faciendum
1161 4224 1647 4302 hortarentur,
1684 4223 1809 4287 sed
1854 4223 2211 4286 auditores
2249 4224 2462 4286 etiam
2503 4225 2593 4287 ad
2623 4224 2758 4287 hoc
2801 4242 2978 4304 opus

507 4332 1042 4395 misericordiae
1093 4331 1519 4409 excitarent3
1573 4330 1758 4393 unde
1811 4331 2182 4394 accidebat
2231 4341 2307 4394 ut
2357 4332 2605 4412 aliqui,
2647 4332 2766 4411 qui
2804 4332 2977 4395 satis

505 4438 806 4502 delicate
844 4438 1037 4501 domi
1074 4454 1244 4500 suae
1284 4438 1647 4515 vixerant,
1694 4438 1938 4501 divino
1982 4455 2058 4501 se
2101 4439 2438 4518 obsequio
2473 4439 2543 4502 in
2587 4456 2978 4519 pauperum

505 4545 1030 4625 aegrotantium
1068 4544 1460 4608 ministerio
1500 4541 1947 4623 dedicarent,
1983 4561 2246 4623 magna
2285 4563 2447 4609 curn
2485 4546 2879 4609 humilitate
2909 4556 2979 4609 et

505 4652 873 4733 diligentia
921 4651 1351 4732 pauperibus
1389 4651 1773 4715 serviendo
1813 4661 1882 4715 et
1922 4653 2328 4715 necessaria
2368 4653 2503 4715 illis
2548 4654 2974 4734 quaerendo.

2590 4784 2653 4823 21
