3679 5414
684 419 795 480 358
1607 420 1861 480 Canon.
1904 419 2056 480 Soc.
2099 421 2238 494 Jsss.

687 562 847 629 ideo
877 564 1089 644 domi,
1123 582 1304 644 quae
1335 565 1427 628 ad
1457 566 2002 645 abnegationem
2030 567 2420 647 pertinent,
2447 566 2518 629 in
2558 564 2814 629 infimis
2842 566 3148 641 ministe-

687 672 815 735 riis
844 672 1360 735 exercebantur
1391 670 1432 735 ¹.

802 766 966 841 396.'
1033 777 1211 842 Cum
1242 787 1478 842 autem
1519 787 1903 858 augeretur
1944 780 2015 843 in
2060 780 2211 843 dies
2250 780 2678 843 existimatio
2718 788 3144 859 nostrorum,

681 886 883 949 multi
911 884 1002 948 ad
1032 880 1275 948 varios
1305 887 1810 967 EpiscopatuS,
1846 895 1922 949 ut
1960 885 2336 951 Societatis
2375 895 2712 950 consueta
2758 887 3146 951 ministeria

683 1002 1118 1071 exercerent,
1146 994 1613 1056 vocabantur.
1641 991 1715 1055 P.
1742 993 2056 1075 joannes
2088 992 2469 1072 Coviglion
2497 1011 2657 1056 cum
2686 994 2882 1056 socio
2912 993 3150 1057 Blasio

680 1095 1064 1163 Laurentio
1092 1099 1184 1163 ad
1215 1100 1566 1180 quaedam
1594 1100 2091 1164 Conimbricae
2119 1101 2357 1163 vicina
2385 1102 2543 1163 loca
2574 1100 2832 1163 missus
2873 1100 3034 1179 fuit,
3078 1110 3147 1164 et

679 1223 944 1286 magno
977 1224 1140 1270 cum
1167 1206 1402 1270 fructu
1431 1208 1827 1271 animarum
1858 1209 1931 1270 in
1961 1208 2227 1271 eisdem
2250 1208 2746 1286 versabantur;
2771 1208 3146 1271 lusitanica

679 1313 924 1393 lingua
955 1314 1053 1376 illi
1083 1314 1287 1395 quasi
1310 1316 1695 1378 vernacula
1718 1315 1909 1377 facta
1933 1323 2110 1394 erat,
2139 1324 2206 1377 et
2229 1313 2379 1394 ejus
2403 1314 2782 1377 conciones
2804 1314 2876 1377 in
2899 1314 3146 1378 eadem

679 1420 1140 1484 libentissime
1186 1421 1676 1485 audiebantur.
1722 1421 1798 1484 P.
1843 1422 2057 1484 etiam
2101 1421 2514 1484 Gonzalvus
2553 1420 2710 1484 Vaz
2750 1439 2910 1484 cum
2950 1422 3144 1485 socio
3239 1418 3245 1424 ’

676 1527 1048 1592 sacerdote
1078 1527 1169 1590 ad
1198 1527 1702 1609 Episcopatum
1727 1527 2254 1607 Algarbiorum,
2281 1527 2435 1608 ipso
2458 1526 2811 1607 Episcopo
2832 1530 3137 1607 petente,

678 1634 801 1715 qui
830 1633 1169 1698 Societati
1199 1635 1670 1698 amicissimus
1699 1645 1886 1714 erat,
1920 1633 2178 1698 missus
2208 1644 2337 1697 est.
2374 1633 2765 1714 Collegium
2795 1634 2908 1697 ille
2951 1636 3144 1699 insti·

676 1743 781 1805 tui
811 1742 1000 1823 apud
1029 1760 1106 1805 se
1135 1742 1463 1823 cupiebat
1492 1752 1560 1805 et
1590 1743 2015 1823 quingentos
2045 1759 2301 1804 aureos
2340 1742 2556 1805 annui
2593 1741 2859 1804 reditus
2901 1740 3144 1805 offere·

678 1849 822 1928 bat;
849 1866 965 1911 res
995 1857 1233 1912 tamen
1264 1867 1407 1912 non
1436 1850 1722 1912 omnino
1752 1850 2114 1912 maturuit.

797 1955 938 2018 397.
1029 1955 1390 2019 Cardinali
1419 1955 1693 2019 Infante
1725 1955 1795 2018 id
1824 1957 2247 2036 postulante,
2284 1956 2374 2019 ad
2403 1955 2835 2019 Eborensem
2874 1955 3144 2018 dioece-

673 2062 811 2125 sim
838 2080 967 2125 sex
996 2080 1087 2125 ex
1118 2062 1383 2126 nostris
1422 2063 1620 2125 missi
1658 2070 1851 2142 sunt,
1900 2063 2203 2142 scilicet,
2252 2062 2327 2125 Ρ.
2362 2062 2792 2127 Valerianus
2822 2061 3139 2140 MendeZ,

673 2169 926 2233 Petrus
957 2170 1042 2233 de
1073 2169 1383 2248 Parada,
1417 2169 1846 2232 Franciscus
1885 2170 2121 2249 Pinto,
2164 2169 2541 2232 Balthasar
2579 2169 2790 2248 Diaz,
2830 2167 3141 2250 Joannes

669 2276 1009 2357 Vazquez
1050 2287 1120 2340 et
1160 2277 1576 2340 Emmanuel
1623 2277 2071 2353 FernandeZ,
2124 2285 2192 2339 et
2241 2276 2463 2339 variis
2513 2277 2585 2339 in
2633 2275 2809 2339 locis
2856 2276 3138 2339 vineam

672 2384 867 2447 illam
918 2385 1244 2447 excolere
1296 2391 1710 2464 coeperunt,
1766 2383 1852 2447 de
1905 2384 2155 2464 quibus
2205 2383 2499 2446 inferius
2539 2383 2801 2463 aliquid
2841 2383 3135 2461 dicetur,

675 2491 857 2553 sicut
888 2499 958 2553 et
988 2491 1074 2554 de
1103 2490 1180 2554 P.
1217 2489 1586 2554 Gonzalvo
1618 2491 1704 2557 de
1734 2488 2095 2572 Sylveira,
2146 2491 2262 2571 qui
2303 2508 2464 2553 cum
2503 2491 2698 2553 socio
2742 2490 3134 2569 sacerdote,

675 2596 999 2677 Gaspare
1031 2597 1243 2678 Diaz,
1277 2598 1715 2661 Bracharam
1745 2608 1852 2661 est
1881 2597 2160 2661 missus.
2204 2596 2320 2661 Ad
2360 2597 2864 2678 Episcopatum
2895 2598 3135 2660 ‘autem

678 2703 1039 2769 Guardiae
1070 2705 1145 2769 Ρ.
1175 2705 1591 2770 Emmanuel
1613 2706 1836 2787 Leyte
1869 2724 2030 2770 cum
2060 2706 2254 2769 socio
2284 2705 2540 2769 missus
2570 2713 2698 2768 est.
2725 2702 3137 2768 Postulabat

677 2811 890 2875 etiam
920 2811 1197 2891 Regina
1226 2823 1302 2876 ut
1332 2813 1548 2894 aliqui
1579 2813 1668 2876 ad
1698 2813 2220 2876 mirandensem
2252 2811 2752 2893 Episcopatum
2782 2812 3133 2875 mitteren-

672 2927 811 2982 tur.
847 2917 1045 2982 Multi
1077 2919 1357 2982 demum
1387 2921 1537 2999 alii,
1569 2920 1823 2983 litteris
1870 2938 1955 2984 ac
1993 2919 2270 2983 nunciis
2308 2919 2835 2982 Conimbricam
2873 2918 3130 2998 missiS,

674 3027 1041 3107 operarios
1069 3024 1443 3091 Societatis
1471 3028 1956 3108 postulabant,
2000 3044 2223 3107 usque
2263 3025 2439 3089 adeo
2481 3036 2557 3089 ut
2600 3026 2973 3089 missiones
3013 3026 3134 3088 hu-

669 3130 981 3214 jusmodi
1011 3143 1080 3197 et
1108 3134 1632 3197 confessionum
1663 3134 2177 3197 audiendorum
2215 3133 2554 3211 studium,
2596 3150 2776 3213 quae
2815 3131 3134 3213 frequen-

668 3248 779 3304 tes
809 3241 1190 3305 admodum
1222 3249 1454 3320 erant,
1488 3258 1631 3304 non
1660 3242 1887 3304 solum
1917 3241 2310 3304 litterarum
2340 3240 2591 3303 studiis
2620 3239 2745 3302 sed
2774 3238 2986 3302 etiam
3015 3256 3136 3300 va·

668 3348 967 3411 letudini
996 3348 1624 3411 incommodarent.
1658 3347 1909 3411 Patres
1936 3348 2081 3411 Leo
2104 3347 2457 3425 Enriquez
2494 3355 2564 3409 et
2606 3346 3011 3409 Ludovicus
3050 3345 3135 3408 de

672 3454 920 3518 Grana
962 3472 1092 3536 per
1135 3455 1496 3518 civitatem
1546 3453 2197 3518 Conimbricensem
2239 3453 2330 3517 ad
2368 3453 3133 3516 confessionesmulto·

669 3579 829 3625 rum
860 3562 1249 3625 audiendas
1278 3562 1752 3625 mittebantur.

787 3667 928 3732 398.
1017 3666 1159 3732 Sex
1209 3669 1421 3732 etiam
1469 3669 1607 3731 hoc
1659 3686 1845 3731 anno
1894 3669 1966 3730 in
2015 3667 2289 3731 Indiam
2337 3667 2537 3731 missi
2586 3675 2780 3747 sunt,
2835 3684 3134 3748 quorum

663 3783 971 3855 quatuor
1008 3774 1430 3839 Sacerdotes
1467 3783 1699 3854 erant,
1753 3774 2098 3837 Melchior
2136 3773 2458 3853 Nugnez‚
2515 3774 2784 3854 primus
2818 3773 3133 3837 omnium

657 3881 1295 3961 scholasticorum,
1364 3882 1482 3962 qui
1540 3879 1967 3945 Societatem
2024 3880 2513 3944 Conimbricae
2579 3881 2885 3960 ingressi
2945 3890 3129 3960 sunt,

669 3988 919 4051 Patres
961 3989 1369 4052 Gonzalvus
1411 3987 1850 4068 Rodriguez‚
1893 3988 2199 4051 Morales
2236 3997 2304 4050 et
2344 3987 2686 4066 Heredia;
2733 3987 2871 4050 duo
2918 3989 3131 4051 etiam

668 4113 813 4158 non
842 4096 1270 4175 sacerdoteS,
1297 4095 1548 4159 Petrus
1578 4095 1664 4158 de
1692 4095 2019 4159 Almeida
2050 4103 2119 4158 et
2147 4094 2696 4175 Christophorus
2725 4094 2811 4157 de
2833 4094 3124 4157 Acosta.

668 4203 1136 4290 Examinatus
1165 4213 1399 4266 autem
1427 4202 1768 4266 Melchior
1798 4221 1841 4266 a
1872 4201 2565 4266 Conimbricensibus
2595 4201 3002 4265 doctoribus
3041 4202 3130 4265 ad

662 4310 973 4390 gradum
1003 4310 1315 4373 doctoris
1358 4309 1759 4389 theologiae
1788 4318 2155 4390 promotus
2183 4317 2314 4372 est.
2346 4308 2476 4371 His
2508 4307 2818 4388 adJuncti
2846 4307 3129 4371 fuerunt

754 4516 771 4547 Ι
825 4515 1060 4569 Ignatius
1091 4515 1300 4559 Rectorl
1333 4513 1763 4560 Conimbricensls
1792 4514 2024 4568 collegii,
2061 4515 2210 4568 plura
2244 4513 2305 4556 de
2339 4513 2712 4567 gubernatione
2746 4518 2798 4556 et
2831 4520 2887 4556 ut
2923 4513 3128 4558 litteras

662 4585 872 4639 aperiat
895 4591 947 4629 et
967 4587 1110 4640 legat
1132 4586 1245 4629 vice
1268 4584 1488 4629 Simonis
1509 4584 1767 4629 Rodericii
1782 4619 1792 4638 ,
1817 4587 1837 4628 1
1861 4584 2119 4637 januum
2143 4585 2306 4628 eidem
2326 4584 2605 4637 PolancuS,
2628 4594 2694 4627 ex
2712 4594 2870 4635 com„
2889 4585 2950 4628 de
2974 4586 3131 4629 Geor·

661 4656 754 4709 gio
775 4655 995 4710 Morera,
1015 4663 1073 4700 ut
1094 4657 1428 4711 praecedenti
1448 4667 1659 4700 numero
1680 4662 1732 4700 et
1755 4661 1895 4700 nota.
