3679 5414
1550 521 1678 580 ΑΝ.
1725 519 1863 579 1550
2860 522 2927 581 21

439 667 906 729 cessitatibus
931 668 1297 731 Ecclesiae
1321 666 1621 744 induxit;
1654 677 1723 729 et
1747 667 1964 729 initiis
1986 667 2323 729 horarum
2353 668 2542 745 (nam
2572 685 2696 747 per
2721 685 2933 730 unam

445 774 733 851 horam,
794 773 1009 836 divisi
1053 774 1124 835 in
1167 773 1642 853 quadraginta
1685 783 1949 853 partes,
2003 773 2327 850 orabant)
2378 774 2936 836 exhortatoriam

445 882 607 961 ipse
640 880 1177 943 conciunculam
1209 880 1548 959 habebat,
1590 896 1728 959 qua
1763 889 2052 943 orantes
2091 881 2439 943 instruere
2470 881 2560 943 ad
2589 881 2937 943 orandum

442 986 817 1065 studebat3
849 987 942 1049 ad
974 1004 1370 1067 pauperum
1401 986 1718 1049 subsidia
1748 994 1818 1048 et
1849 987 2072 1049 verbo
2103 996 2171 1049 et
2207 988 2556 1067 exemp10,
2600 1005 2727 1066 pro
2766 987 2937 1068 ipsis

446 1096 608 1173 ipse
634 1094 962 1174 petendO,
997 1104 1067 1156 et
1097 1093 1728 1173 congregationem
1755 1093 2136 1173 quamdam
2156 1094 2434 1172 piorum
2457 1095 2818 1156 hominum
2847 1094 2938 1156 ad

449 1202 522 1264 id
556 1201 999 1280 instigandO,
1034 1201 1274 1263 utilem
1304 1218 1598 1280 operam
1645 1201 2033 1281 praestitit,
2077 1208 2147 1262 et
2186 1202 2490 1280 epulum,
2524 1201 2711 1279 quod
2741 1200 2939 1262 multi
3014 1277 3024 1285 ⁵

447 1311 524 1372 in
555 1308 1058 1388 carnis-privio
1091 1307 1224 1369 sibi
1253 1315 1902 1387 praeparaverant,
1937 1307 2366 1387 pauperibus
2406 1306 2495 1369 ad
2534 1307 2940 1397 convivium

449 1414 739 1477 vocatis
767 1413 1084 1476 exhiberi
1126 1413 1439 1491 curavit;
1483 1413 1697 1475 alicui
1741 1414 1957 1484 etiam
1995 1431 2084 1475 ex
2123 1414 2266 1492 his,
2309 1414 2430 1493 qui
2468 1414 2540 1476 in
2579 1431 2940 1477 carcerem

443 1531 666 1585 erant
700 1519 1029 1600 conjecti,
1077 1537 1221 1582 non
1262 1519 1824 1582 consolationem
1868 1521 2095 1583 solum
2134 1521 2258 1583 sed
2296 1520 2691 1584 libertatem
2728 1520 2939 1600 impe-

445 1629 716 1706 travit3
749 1636 818 1690 et
847 1622 1182 1706 quamvis
1205 1636 1395 1689 esset
1423 1626 1809 1704 Meldulae,
1849 1627 2087 1708 aliqua
2118 1626 2207 1690 ad
2238 1627 2373 1690 Dei
2403 1630 2668 1690 cultum
2703 1644 2939 1689 neces-

445 1736 654 1798 saria
687 1734 946 1812 Aretii,
982 1752 1161 1813 quae
1193 1733 1428 1811 patria
1462 1733 1596 1813 ipsi
1627 1743 1810 1812 erat,
1848 1733 2155 1813 providit
2189 1733 2229 1793 ¹.

575 1840 683 1903 37.
775 1841 952 1904 Cum
980 1851 1167 1902 esset
1197 1841 1270 1902 in
1299 1858 1383 1902 ea
1434 1840 1759 1919 civitate,
1806 1848 1876 1902 et
1912 1841 2231 1920 virgines
2271 1842 2566 1920 aliquaS,
2614 1841 2800 1920 quod
2839 1857 2940 1902 es·

450 1956 617 2012 sent
662 1946 942 2009 dotibus
995 1947 1409 2025 destitutae,
1454 1946 1730 2009 videret
1783 1948 1874 2010 ad
1925 1948 2434 2010 monasterium
2482 1948 2755 2010 admitti
2799 1960 2940 2009 non

452 2072 697 2135 posse,
732 2054 1010 2116 curavit
1039 2063 1114 2117 ut
1145 2054 1312 2116 dum
1337 2054 1407 2115 in
1429 2053 1748 2133 paternis
1775 2054 2100 2117 domibus
2121 2064 2510 2134 manerent,
2536 2072 2751 2135 opera
2774 2055 2938 2116 dua-

450 2179 618 2225 rum
665 2168 1154 2223 matronarum
1205 2160 1674 2240 spiritualium
1726 2160 2265 2223 instituerentur
2314 2161 2387 2224 in
2425 2160 2564 2240 his,
2618 2178 2797 2241 quae
2849 2159 2960 2222 adv

453 2267 863 2350 profectum
892 2267 1170 2329 animae
1199 2267 1553 2347 pertinent
1583 2277 1652 2329 et
1684 2277 1758 2329 ut
1790 2267 1880 2329 ad
1911 2285 2033 2329 eas
2057 2267 2262 2329 statis
2285 2266 2720 2347 temporibus
2744 2284 2938 2329 acce-

453 2373 697 2437 dendo
727 2374 799 2436 in
829 2383 1161 2453 suscepta
1193 2374 1475 2453 pietatis
1505 2374 1625 2435 via
1646 2373 2095 2454 proficerent.
2130 2372 2489 2453 Scriptum
2518 2382 2626 2436 est
2654 2374 2827 2453 ergo
2851 2373 2941 2435 ad

453 2498 651 2555 eum,
689 2497 850 2546 cum
880 2488 1068 2542 esset
1097 2479 1445 2543 Meldulae
1477 2479 1666 2559 quod
1697 2478 2100 2558 hujusmodi
2129 2480 2447 2560 virgines
2486 2480 2556 2542 in
2597 2478 2945 2560 frequenti

456 2606 595 2650 usu
622 2586 1254 2649 Sacramentorum
1285 2596 1354 2649 et
1388 2587 1459 2648 in
1487 2587 1753 2667 pietate
1783 2603 2208 2667 progressus
2240 2589 2466 2650 bonos
2495 2586 2840 2665 facerent,
2877 2595 2946 2648 et

458 2694 749 2774 aliquae
779 2711 867 2756 ex
898 2693 1033 2756 illis
1065 2692 1152 2756 ad
1182 2693 1693 2757 monasterium
1738 2692 2091 2773 quoddam
2134 2694 2310 2757 satis
2350 2702 2655 2770 arctum,
2698 2693 2944 2755 Mura-

453 2793 712 2864 tarum
741 2810 1037 2879 vocant,
1072 2802 1555 2880 adspirabant.

583 2906 689 2969 38.
778 2907 956 2970 Cum
996 2907 1108 2970 hic
1149 2908 1368 2970 frater
1418 2919 1660 2971 noster
1704 2907 2109 2989 Stephanus
2159 2909 2230 2970 in
2277 2908 2417 2988 his,
2465 2926 2646 2989 quae
2685 2908 2775 2970 ad
2812 2905 2948 2969 Dei

455 3014 882 3094 obsequium
910 3014 1281 3094 pertinent,
1315 3015 1491 3078 bene
1522 3033 1598 3077 se
1630 3032 1912 3094 gerere,
1961 3025 2029 3078 et
2073 3016 2164 3078 ad
2204 3014 2695 3079 Sacerdotium
2731 3013 2971 3077 susci?

460 3120 803 3202 piendum
832 3131 1152 3183 maturus
1182 3121 1496 3184 moribus
1526 3130 1594 3184 et
1624 3121 2017 3184 eruditione
2048 3122 2443 3201 videretur,
2478 3121 2701 3183 voluit
2740 3119 2948 3182 Pater

459 3228 787 3308 Ignatius
820 3227 1209 3307 intelligere
1248 3246 1341 3291 an
1385 3245 1782 3308 propensus
1818 3228 2055 3291 animo
2088 3228 2179 3292 ad
2213 3227 2705 3291 Sacerdotium
2736 3234 2943 3303 esset;

461 3344 537 3397 et
569 3352 734 3398 cum
764 3335 878 3396 ille
909 3333 1424 3397 indifferentem
1455 3334 1546 3397 ad
1577 3335 1814 3397 omnia
1849 3352 1924 3397 se
1950 3334 2258 3414 offerret,
2289 3334 2616 3414 quamvis
2641 3351 2821 3397 onus
2843 3351 2947 3395 re·

465 3440 859 3504 formidare
887 3441 1268 3519 videretur,
1307 3441 1377 3505 id
1407 3440 1799 3521 injunctum
1830 3451 1938 3505 est
1969 3442 2033 3504 ei
2064 3450 2140 3505 ut
2179 3440 2524 3521 paulatim
2570 3441 2662 3503 ad
2702 3458 2949 3503 sacros
2970 3463 2986 3476 ·

464 3548 759 3611 ordines
787 3558 1327 3628 promoveretur
1356 3548 1402 3611 ².
2798 3542 2804 3558 '

591 3654 698 3717 39.
789 3653 916 3716 Est
956 3654 1306 3717 Faventia
1356 3654 1706 3718 Meldulae
1757 3655 2028 3733 vicina3
2083 3654 2282 3735 petiit
2330 3671 2505 3734 ergo
2556 3654 2958 3739 Episcopus·

465 3761 916 3825 Faventinus
945 3770 1020 3823 ut
1050 3761 1317 3841 aliquot
1348 3762 1498 3824 dies
1536 3763 1593 3825 F
1598 3762 1929 3825 aventiae
1970 3760 2414 3840 subsisteret,
2459 3770 2529 3850 et
2573 3760 2950 3824 conciones

460 3868 748 3948 aliquas
772 3866 1141 3947 cujusdam
1162 3868 1674 3948 praedicatoris
1700 3868 2003 3944 audiret,
2033 3867 2233 3948 qu'us
2257 3868 2471 3948 aliqui
2491 3865 2952 3948 praedicandi

465 3974 760 4037 modum
802 3991 943 4036 non
979 3974 1413 4053 probabant,
1451 3976 1666 4038 immo
1689 3984 1758 4038 et
1781 3984 2192 4055 suspectum
2229 3975 2465 4055 aliquo
2502 3974 2711 4037 modo
2740 3974 2947 4036 habe-

467 4083 662 4145 bant.
685 4081 806 4156 At,
821 4081 1147 4160 quamvis
1171 4083 1405 4162 aliqua
1430 4083 1681 4147 merito
1705 4083 1778 4145 in
1799 4101 1884 4146 eo
1909 4082 2384 4162 displicerent,
2412 4099 2572 4144 cum
2598 4080 2859 4159 alioqui
2879 4089 2949 4143 et

463 4188 907 4252 catholicum
930 4198 999 4251 et
1021 4189 1376 4253 eruditum
1393 4189 2000 4270 deprehendisset,
2028 4205 2187 4252 eum
2211 4198 2533 4252 amanter
2557 4187 2945 4263 admonuit,

550 4392 568 4424 ¹
629 4390 906 4445 PolancuS,
932 4403 998 4435 ex
1018 4393 1410 4445 commissione,
1431 4392 1698 4448 Stephano
1721 4392 2101 4448 capumsacho,
2125 4392 2185 4435 de
2221 4394 2359 4437 socio
2385 4394 2481 4448 ipsi
2499 4393 2662 4436 Roma
2682 4393 2948 4446 mittendo,

463 4465 534 4508 de
553 4463 759 4507 litteris
779 4465 845 4506 ab
866 4463 976 4517 ipso
995 4465 1206 4520 scriptis
1226 4471 1278 4508 et
1300 4465 1599 4518 scribendis,
1630 4466 1658 4509 8
1677 4464 1871 4509 Martii.
1913 4464 2057 4507 Idem
2091 4464 2281 4515 eidem,
2310 4464 2371 4508 de
2403 4471 2634 4519 tempore
2654 4475 2752 4517 quo
2773 4462 2949 4506 Zelani

459 4534 692 4586 (mano)
708 4545 826 4577 eum
846 4545 1055 4579 manere
1078 4536 1338 4589 oportebit
1353 4569 1364 4589 ,
1386 4542 1440 4580 et
1461 4542 1518 4581 ut
1546 4542 1666 4592 post
1688 4539 1796 4580 tres
1816 4545 2020 4579 menses
2035 4566 2047 4589 ,
2070 4545 2187 4578 cum
2204 4534 2423 4579 Domino
2446 4535 2690 4578 Leonello
2710 4534 2771 4577 de
2794 4533 2950 4588 Carpi

460 4605 699 4650 sseldula
721 4604 940 4651 Romam
960 4618 1014 4650 se
1036 4607 1290 4660 conferat,
1314 4619 1486 4652 mense
1509 4609 1697 4662 Aprili.

545 4679 568 4709 ἲ
626 4676 870 4730 lgnatius
888 4677 1163 4722 Meldulam
1183 4711 1194 4730 ,
1240 4678 1505 4734 Stephano
1545 4679 1929 4735 Capumsacho,
1953 4680 2019 4722 ab
2041 4690 2099 4722 eo
2120 4679 2393 4723 sciscitans
2412 4688 2480 4721 an
2507 4677 2574 4720 ad
2603 4676 2955 4720 sacerdotium

457 4747 857 4803 suscipiendum
876 4759 908 4792 a
931 4748 1042 4793 Deo
1062 4761 1116 4792 se
1138 4751 1337 4794 moveri
1360 4751 1572 4801 sentiat,
1593 4752 1621 4795 8
1640 4750 1832 4794 Martii.
