3679 5414
1555 434 1683 492 ΑΝ.
1728 434 1867 492 1552
2826 437 2927 495 561

467 575 956 645 sacerdotibus
985 579 1486 643 confiterentur
1528 598 1670 642 non
1714 580 1925 660 pauci
1969 570 2231 658 effecit3
2280 590 2348 643 et
2393 590 2768 661 postquam
2813 583 2927 645 ad·

469 689 785 751 venisset
807 688 996 749 bulla
1018 685 1461 750 Sanctissimi
1484 684 1951 766 Sacramenti,
1973 688 2271 766 singulis
2293 689 2650 751 mensibus
2669 706 2746 751 se
2768 708 2928 752 con-

470 795 786 858 fessuros
814 810 1076 873 magna
1107 811 1198 856 ex
1226 803 1428 873 parte
1457 794 1790 874 oppidani
1819 795 2354 874 pollicebantur,
2388 796 2506 874 qui
2535 813 2683 858 non
2702 797 2931 859 solum

467 910 756 982 propter
786 901 1088 965 filiorum
1118 917 1407 963 suorum
1438 901 1947 965 institutionem
1978 903 2049 964 in
2080 902 2406 965 doctrina
2445 903 2833 966 christiana
2861 914 2930 966 et

469 1010 725 1072 litteris
754 1026 831 1070 se
859 1010 1155 1070 multum
1185 1009 1249 1070 ei
1280 1008 1535 1070 debere
1579 1010 2095 1088 agnoscebant,
2140 1010 2265 1072 sed
2300 1010 2518 1073 etiam
2548 1011 2734 1090 quod
2773 1012 2933 1074 aliis

471 1117 710 1179 multis
757 1115 985 1178 modis
1035 1116 1352 1194 ipsorum
1400 1114 1794 1194 profectum
1846 1117 2285 1195 spiritualem
2327 1114 2651 1196 juvisset.
2713 1116 2933 1180 Auxit

472 1232 709 1285 autem
740 1223 1309 1285 benevolentiam
1338 1223 1525 1301 quod
1554 1240 1716 1286 cum
1750 1223 2149 1287 Cardinalis
2193 1225 2570 1304 quemdam
2599 1243 2689 1287 ex
2740 1227 2931 1305 oppi-

473 1330 677 1393 danis
707 1330 779 1392 in
810 1346 1172 1392 carcerem
1203 1328 1459 1410 conjici
1480 1328 1831 1408 jussisset,
1869 1330 2051 1410 quod
2086 1331 2461 1412 quemdam
2491 1350 2582 1395 ex
2612 1333 2775 1395 aula
2804 1349 2931 1394 sua

470 1438 653 1499 male
683 1446 1084 1514 tractasset,
1119 1446 1374 1515 rogatu
1406 1436 1827 1516 Sebastiani,
1866 1455 2073 1517 quem
2104 1456 2346 1501 secum
2378 1439 2595 1519 aliqui
2625 1448 2700 1502 ut
2722 1440 2928 1502 inter·

470 1561 825 1607 cessorem
866 1545 957 1606 ad
996 1543 1448 1607 Cardinalem
1499 1544 1972 1624 deduxerant,
2028 1546 2268 1608 statim
2313 1546 2650 1609 liberatus
2681 1557 2809 1609 est.
2844 1548 2931 1610 Et

470 1652 742 1714 d'uobus
770 1651 915 1714 fere
945 1651 1406 1714 mensibus-in
1438 1652 1572 1713 hac
1598 1652 1936 1714 missione
1958 1653 2218 1716 utiliter
2243 1655 2595 1734 expensiS,
2630 1654 2932 1718 Romam

472 1759 700 1821 rediit.

588 1847 728 1928 353.
816 1864 959 1929 Sub
998 1876 1414 1928 autumnum
1454 1864 1661 1944 hujus
1699 1867 1868 1928 anni
1905 1865 1980 1927 P.
2014 1865 2380 1929 Andream
2409 1867 2924 1947 Galvanellum,

469 1972 924 2035 bononiensis
972 1972 1268 2051 Collegii
1309 1973 1718 2049 Rectorem,
1764 1974 1925 2035 inde
1964 1983 2342 2036 evocatum
2380 1976 2705 2054 superius
2755 1975 2926 2039 dixi·

468 2097 649 2141 mus.
681 2079 748 2143 Is
778 2089 1014 2142 autem
1043 2080 1115 2142 in
1147 2080 1404 2159 oppido
1434 2080 1742 2159 quodam
1788 2080 2304 2143 Vallistellinae
2337 2081 2775 2161 (Morbegno
2808 2102 2927 2145 no·

469 2204 635 2248 men
661 2186 759 2249 illi
788 2188 971 2264 erat)
1014 2187 1275 2250 missus
1316 2197 1445 2250 est.
1491 2187 1721 2250 Vallis
1752 2187 1871 2249 illa
1894 2205 1983 2249 ex
2013 2197 2214 2267 parte
2255 2189 2384 2250 sub
2421 2191 2927 2254 novocomensi

468 2293 899 2373 Episcopatu
951 2303 1091 2368 est;
1145 2293 1271 2355 sed
1320 2294 1748 2373 temporales
1798 2294 2065 2357 domini
2104 2293 2444 2357 Grisones
2492 2304 2683 2375 sunt,
2741 2297 2926 2376 quod

466 2417 692 2480 genus
721 2401 1118 2478 hominum,
1151 2401 1223 2463 in
1255 2400 1551 2479 Alpibus
1582 2401 1859 2464 Italiam
1904 2420 1961 2468 a,
1993 2401 2379 2464 Germania
2422 2402 2924 2481 dividentibuS,

464 2527 607 2571 non
634 2509 845 2587 longe
877 2527 920 2570 a
948 2507 1490 2587 TyrolensibuS,
1540 2509 1939 2571 libertatem
1976 2526 2180 2571 suam
2219 2526 2413 2572 more
2453 2510 2925 2574 helvetiorum

463 2616 797 2694 retinent,
843 2626 914 2678 et
963 2614 1290 2695 quamvis
1332 2616 1465 2695 ipsi
1509 2615 1774 2677 domini
1815 2615 2155 2678 haeretici
2195 2616 2364 2695 sint,
2411 2634 2569 2679 cum
2616 2618 2926 2696 aliquam

463 2740 635 2786 suae
665 2723 950 2786 ditionis
981 2733 1255 2801 partem
1285 2723 1357 2785 in
1387 2740 1473 2784 ea
1517 2723 1729 2800 valle,
1773 2740 1954 2802 quae
1994 2723 2065 2785 in
2103 2723 2379 2787 Italiam
2415 2725 2920 2805 praetenditur,

464 2831 794 2909 habeant,
831 2831 948 2893 ubi
977 2831 1548 2909 frequentissima
1579 2839 1743 2893 sunt
1776 2830 2070 2910 oppida,
2098 2850 2241 2894 non
2268 2833 2640 2911 prohibent
2683 2834 2925 2895 catho-

459 2939 637 3002 licos
665 2955 871 3001 suum
901 2939 1166 3001 cultum
1195 2938 1531 3015 retinere;
1567 2947 1634 3000 et
1663 2938 1761 3000 ita
1793 2938 2130 3017 oppidum
2159 2938 2562 3018 Morbegni‚
2597 2941 2927 3019 quamvis

462 3045 1429 3125 magistratumhaereticum
1461 3044 1786 3122 haberet,
1818 3043 1968 3106 fere
2009 3052 2234 3106 totum
2278 3027 2704 3107 catholicum
2742 3056 2920 3108 erat.

462 3152 640 3235 Cum
683 3152 897 3232 igitur
938 3151 1012 3214 in
1060 3151 1401 3231 parochia
1440 3151 1747 3231 quadam
1788 3149 2128 3229 primaria
2167 3151 2534 3230 Morbegni
2571 3152 2788 3232 aliqui
2834 3169 2925 3214 ex

459 3260 889 3340 primoribus
918 3259 1101 3321 inter
1138 3275 1214 3320 se
1259 3258 1580 3336 graviter
1626 3257 2079 3320 dissentirent
2118 3268 2186 3320 et
2223 3258 2616 3336 litigarent,
2662 3260 2930 3338 placuit

459 3364 746 3429 Summo
776 3364 1128 3444 Pontifici,
1163 3365 1561 3445 aliquorum
1591 3372 1882 3444 rogatu,
1920 3374 1995 3426 ut
2039 3365 2294 3445 aliquis
2338 3383 2429 3427 ex
2467 3367 2730 3428 nostris
2768 3384 2928 3429 eam

459 3474 833 3536 ecclesiam
864 3482 1158 3551 teneret,
1186 3472 1414 3534 donec
1445 3470 1708 3551 aliquid
1740 3471 2285 3534 constitueretur
2317 3471 2403 3534 de
2431 3481 2714 3535 rectore
2744 3474 2930 3536 illius

458 3579 802 3642 ecclesiae
832 3580 1092 3658 futur03
1126 3589 1194 3641 et
1225 3578 1295 3641 id
1329 3579 1610 3641 interim
1642 3579 1995 3657 agebatur
2023 3587 2100 3641 ut
2130 3578 2398 3658 aliquid
2426 3579 2698 3642 fructus
2727 3581 2922 3659 spiri·

459 3687 672 3749 tualis
696 3686 1025 3749 catholici
1045 3686 1391 3764 homines,
1419 3686 1539 3764 qui
1570 3686 1708 3748 illis
1740 3686 1812 3747 in
1843 3686 2017 3747 locis
2040 3686 2533 3764 versabantur,
2561 3687 2928 3767 percipere

462 3801 773 3873 possent.
809 3792 985 3856 Cum
1016 3801 1254 3855 autem
1282 3791 1359 3853 Ρ.
1393 3791 1726 3854 Andreas
1756 3791 1847 3854 ad
1877 3791 1949 3853 id
1992 3792 2286 3854 idoneus
2325 3792 2523 3856 visus
2561 3803 2778 3872 esset,
2821 3794 2923 3857 lit-

459 3911 650 3964 teras
695 3901 1125 3981 apostolicas
1176 3900 1247 3962 in
1294 3898 1526 3961 forma
1577 3898 1831 3962 Brevis
1880 3897 2095 3960 scribi
2138 3896 2344 3977 jussit
2393 3898 2722 3964 Pontifex
2766 3919 2927 3965 cum

461 4008 711 4088 quibus
739 4006 816 4071 P.
851 4007 1170 4086 Ignatius
1198 4023 1358 4069 eum
1388 4005 1709 4068 Bononia
1742 4004 2061 4067 abduxit.

573 4114 716 4179 354.
804 4114 1102 4178 Decima
1131 4132 1320 4177 nona
1348 4111 1772 4176 Novembris
1796 4111 2092 4175 Comum
2123 4111 2450 4177 Andreas
2478 4116 2828 4194 pervenit,
2855 4126 2926 4179 et

457 4222 803 4301 vigesima
834 4222 1168 4301 secunda,
1203 4221 1622 4314 quibusdam
1651 4219 2023 4298 Morbegni
2054 4220 2456 4301 oppidaniS,
2491 4223 2611 4301 qui
2641 4223 2732 4286 ad
2762 4242 2924 4286 eum

454 4327 945 4392 deducendum
975 4328 1273 4392 Comum
1302 4336 1673 4406 venerant,
1706 4326 2010 4406 stipatus
2040 4326 2512 4407 Morbegnum
2542 4340 2649 4393 est
2680 4332 2905 4410 perdu

455 4444 644 4515 ctuS,
676 4442 745 4498 et
773 4453 816 4498 a
844 4436 1303 4500 nobilioribus
1332 4436 1397 4498 ei
1429 4434 1968 4497 occurrentibus
1998 4442 2069 4496 et
2098 4433 2379 4497 demum
2410 4455 2453 4498 a
2482 4445 2632 4500 toto
2661 4437 2925 4518 oppido

451 4542 837 4606 laetissimo
869 4542 1105 4609 animo
1136 4552 1474 4623 exceptus
1504 4551 1633 4604 est.
1678 4540 1855 4605 Cum
1895 4550 2132 4603 autem
2169 4543 2512 4622 postridie
2551 4546 2923 4609 consilium

453 4650 973 4731 oppidanorum
1029 4650 1455 4730 congregari
1510 4649 1793 4712 fecisset
1852 4658 1920 4711 et
1991 4648 2265 4711 litteras
2336 4653 2764 4741 apostolicas
2822 4654 2928 4716 eis

2568 4770 2635 4838 36
