3679 5414
1656 488 1782 546 ΑΝ.
1831 489 1970 547 1552
2941 488 3052 549 557

585 631 926 709 cumipse
975 630 1274 695 Pro-rex
1321 634 1635 715 Joannes
1676 634 1762 695 de
1813 633 2018 711 Vega
2050 651 2323 696 summo
2372 635 2653 697 arderet
2698 636 3046 700 desiderio

586 752 885 815 regnum
911 738 1078 800 illud
1103 737 1386 801 Siciliae
1411 741 1730 816 consili0,
1760 741 2109 819 doctrina,
2140 751 2348 821 atque
2375 758 2591 819 opera
2615 753 2901 805 nostrae
2928 743 3047 806 So-

589 846 866 908 cietatis
896 846 967 908 in
998 847 1360 909 meliorem
1396 847 1680 909 vivendi
1714 849 2061 910 rationem
2093 847 2514 927 adducendi,
2551 858 2619 911 et
2649 867 2809 911 cum
2841 849 3051 914 Pater

583 952 1065 1033 Hieronymus
1089 953 1501 1016 Domenech
1525 973 1615 1016 ex
1639 973 1722 1016 eo
1748 972 1970 1034 regno
1994 954 2624 1035 profiscisceretur,
2653 956 2952 1037 injunxit
2975 969 3050 1020 ut

587 1077 746 1123 cum
777 1059 850 1122 P.
890 1060 1163 1138 Ignatio
1195 1061 1280 1124 de
1311 1060 1444 1123 hac
1477 1061 1693 1123 animi
1724 1062 1833 1123 sui
1866 1063 2230 1124 voluntate
2260 1062 2642 1139 conferret,
2677 1074 2746 1125 et
2777 1065 3055 1144 aliquos

585 1167 880 1231 idoneos
917 1177 1203 1231 nostrae
1243 1168 1617 1231 Societatis
1656 1170 2024 1247 operarios
2064 1170 2444 1248 impetrare
2486 1180 2883 1246 conaretur,
2933 1175 3048 1250 qui

586 1278 962 1337 multorum
993 1276 1272 1355 piorum
1302 1294 1591 1354 operum
1622 1293 1748 1356 per
1792 1277 2202 1338 universum
2241 1276 2522 1340 Siciliae
2561 1296 2860 1357 regnum
2903 1279 3049 1342 fun·

589 1382 918 1444 damenta
944 1380 1291 1460 jacerent,
1326 1393 1394 1444 et
1436 1383 1506 1444 in
1544 1383 1832 1445 urbibus
1878 1383 2379 1446 celebrioribus
2422 1383 2797 1448 Societatis
2839 1386 3053 1448 etiam

591 1487 906 1568 Collegia
939 1501 1448 1569 propagarent;
1483 1490 1603 1551 sed
1647 1491 1941 1569 penuria
1986 1492 2470 1570 operariorum
2514 1501 2588 1554 ut
2627 1494 3053 1572 pedetentim

588 1613 1010 1675 progressus
1039 1597 1153 1658 hic
1184 1596 1381 1658 fieret
1412 1598 1735 1675 cogebat.

709 1703 851 1765 346.
941 1703 1068 1765 His
1092 1713 1326 1766 tamen
1352 1704 1716 1766 districtus
1749 1705 1940 1767 curis
1973 1705 2044 1766 P.
2082 1704 2352 1767 Natalis
2377 1705 2827 1769 nihilominus
2855 1725 3053 1787 prae·

593 1822 700 1874 ter
728 1811 1137 1885 hebraeam,
1173 1829 1387 1891 quam
1415 1830 1630 1891 supra
1661 1813 1998 1887 diximuS,
2032 1813 2440 1888 lectionem,
2476 1814 2687 1876 aliam
2718 1815 2932 1878 etiam
2970 1815 3056 1876 de

594 1920 874 1980 casibus
892 1919 1364 1981 conscientiae
1389 1920 1864 1998 praelegebat,
1887 1929 1955 1982 et
1981 1938 2138 1982 cum
2156 1919 2246 1982 M.
2269 1918 2743 1994 Rivadeneira
2767 1930 3059 2001 propter

597 2023 1070 2088 valetudinem
1101 2021 1480 2106 aliquando
1512 2046 1553 2089 a
1585 2027 1928 2089 concione
1960 2027 2374 2104 abstineret,
2422 2025 2573 2106 ejus
2618 2029 2769 2089 loco
2811 2029 2884 2090 P.
2920 2028 3060 2091 Na-

597 2133 757 2195 talis
787 2134 1252 2196 concionatus
1281 2142 1409 2211 est,
1437 2143 1528 2210 et,
1564 2152 1646 2195 eo
1677 2132 2072 2212 recedente,
2102 2134 2172 2195 in
2203 2133 2351 2212 ejus
2382 2134 2614 2195 locum
2636 2135 3059 2213 Magistrum

601 2240 1015 2303 Michaelem
1058 2240 1552 2303 succedentem
1591 2240 1992 2302 sublevavit
2032 2240 2106 2302 P.
2151 2239 2424 2302 Natalis
2463 2241 2533 2302 in
2575 2241 3053 2320 concionibuS‚

600 2366 778 2427 quae
808 2348 898 2410 ad
928 2348 1196 2410 nobiles
1218 2357 1582 2410 matronas
1613 2348 1911 2425 singulis
1934 2347 2291 2409 mensibus
2315 2347 2774 2426 habebantur,
2806 2349 3062 2428 quibus

600 2453 906 2517 Domina
949 2455 1246 2518 Isabella
1291 2456 1377 2517 de
1416 2455 1655 2533 Vega‚
1710 2472 1902 2516 nova
1951 2455 2263 2516 Bibonae
2315 2454 2727 2532 Comitissa,
2784 2473 3059 2534 semper

602 2563 959 2625 intererat.
998 2561 1069 2624 P.
1109 2572 1342 2625 autem
1375 2563 1634 2624 Paulus
1665 2563 1737 2623 in
1769 2561 2225 2625 concionibus
2257 2561 2440 2641 apud
2474 2564 2911 2642 peccatrices
2941 2563 3063 2624 ha-

602 2668 844 2733 bendis
875 2670 1199 2732 'eumdem
1233 2669 1649 2733 Michaelem
1679 2668 2101 2732 sublevavit.
2134 2669 2222 2732 Et
2264 2669 2441 2732 haec
2483 2669 2621 2733 duo
2661 2686 2878 2749 opera
2922 2688 3058 2732 rna·

603 2795 788 2855 gnae
818 2777 1140 2840 utilitatis
1172 2775 1503 2840 Panormi
1534 2777 2026 2839 censebantur.

719 2885 860 2947 347.
951 2884 1483 2947 Accomodabat
1505 2884 1784 2946 interim
1807 2882 1882 2946 P.
1912 2883 2185 2946 Natalis
2215 2884 2756 2946 constitutiones
2779 2895 3063 2945 nostras

603 2990 689 3052 ad
722 2990 1020 3070 Collegii
1050 2980 1531 3053 panormitani
1562 2986 1875 3069 praxim,
1909 2999 1977 3052 et
2017 2992 2143 3053 toti
2186 2990 2684 3065 gubernationi
2724 2999 2869 3052 tam
2915 2989 3063 3069 ejus

604 3117 814 3177 quarn
855 3099 1333 3161 messanensis
1373 3098 1670 3175 Collegii
1699 3109 2058 3177 praeerat,
2109 3100 2372 3160 nullum
2413 3106 2649 3159 tamen
2690 3097 3069 3158 scholasti-

602 3223 760 3269 cum
782 3206 1249 3286 approbatum
1274 3224 1403 3267 nec
1429 3205 1911 3285 coadjutorem
1935 3204 2312 3292 formatum
2336 3204 2638 3267 admisit.
2663 3204 2804 3282 Agi
2830 3214 3063 3266 autem

602 3323 925 3394 coeptum
964 3323 1071 3376 est
1114 3314 1199 3376 de
1249 3313 1739 3376 transferendo
1779 3313 2094 3391 Collegio
2136 3311 2636 3374 Panormitano
2677 3330 2766 3373 ex
2806 3310 3060 3373 condu-

602 3421 798 3483 ctitia
829 3420 1058 3499 dom0‚
1095 3420 1165 3482 in
1197 3438 1334 3499 qua
1365 3432 1659 3483 eatenus
1691 3419 1952 3497 fuerat,
1988 3420 2056 3482 in
2098 3419 2458 3499 propriam
2499 3419 2781 3481 domum
2821 3417 3063 3480 Sancti

599 3528 903 3608 Philippi
933 3527 1021 3590 de
1051 3531 1118 3590 la
1150 3527 1436 3605 Grotta,
1472 3528 1670 3607 quus
1717 3528 2072 3606 possessio
2117 3545 2243 3606 per
2288 3526 2681 3605 simplicem
2719 3526 3065 3605 supplica-

605 3636 869 3698 tionem
912 3654 952 3697 a
995 3634 1284 3697 Summo
1331 3634 1667 3697 Pontifice
1710 3635 2186 3714 subscriptam
2231 3634 2736 3711 (sigtmturam
2775 3634 3066 3708 vocant)

606 3752 771 3804 tunc
817 3752 1110 3821 accepta
1155 3742 1313 3820 fuit,
1359 3742 1522 3821 quia
1564 3742 1938 3803 constabat
1978 3724 2104 3820 per
2155 3740 2426 3803 litteras
2476 3740 2561 3802 de
2612 3739 3068 3819 Imperatoris

607 3865 979 3911 consensu.
1033 3850 1376 3912 Curatum
1426 3857 1530 3910 est
1582 3866 1671 3910 ex
1721 3848 2067 3911 fructibus
2119 3846 2427 3927 ejusdem
2477 3847 2826 3910 Abbatiae
2876 3857 2949 3908 ut
2999 3857 3067 3908 et

607 3956 920 4033 scholae,
956 3967 1023 4018 et
1054 3956 1534 4032 refectorium,
1570 3965 1636 4017 et
1669 3956 1849 4016 aliae
1883 3954 2203 4017 officinae
2242 3972 2326 4016 ac
2369 3954 2689 4016 cubicula
2728 3954 2818 4016 ad
2864 3971 3068 4015 usum

609 4063 903 4140 Collegii
933 4063 1339 4125 necessaria
1369 4063 1989 4125 concinnarentur.
2026 4062 2196 4123 Erat
2227 4062 2412 4123 enim
2445 4061 2559 4123 hic
2590 4060 2866 4122 animus
2905 4059 3067 4122 Pro—

608 4171 798 4249 regis
828 4180 903 4233 ut
934 4172 1160 4251 primo
1192 4188 1468 4250 quoque
1499 4181 1815 4249 tempore
1846 4187 1930 4232 eo
1961 4170 2546 4247 commigrarent;
2582 4178 2649 4229 et
2681 4168 2750 4229 in
2780 4168 2914 4229 hac
2946 4167 3068 4228 mi·

608 4278 958 4357 gratione,
994 4278 1253 4340 habitis
1285 4277 1580 4358 publicis
1612 4276 2208 4353 conclusionibuS‚
2253 4276 2329 4337 P.
2363 4274 2636 4337 Natalis
2677 4275 3071 4337 studiorum

611 4386 1143 4447 renovationem
1174 4385 1518 4464 publicari
1547 4385 1856 4446 volebat.
1891 4384 2210 4461 Collegia
2242 4383 2520 4463 quidem
2563 4382 3069 4460 expetebantur

610 4500 677 4553 et
705 4492 1076 4554 missiones
1116 4501 1519 4554 nostrorum
1563 4492 1631 4553 in
1673 4491 1892 4553 variis
1936 4491 2225 4553 urbibus
2274 4474 2587 4567 Siciliae;
2629 4488 2753 4551 sed
2792 4487 3069 4551 dicebat

610 4598 683 4660 P.
719 4599 993 4662 Natalis
1021 4599 1491 4680 permittenda
1520 4617 1674 4661 esse
1719 4600 1895 4661 haec
1936 4599 2072 4660 duo
2113 4598 2429 4675 Collegia
2468 4596 2744 4658 radices
2783 4596 3077 4658 altiores

612 4724 857 4785 agere,
893 4717 959 4769 et
992 4724 1120 4768 suo
1153 4709 1309 4770 loco
1341 4716 1409 4768 et
1440 4717 1754 4786 tempore
1785 4725 1873 4769 ex
1905 4706 2007 4768 eis
2037 4705 2355 4767 colonias
2386 4704 2523 4766 alio
2554 4702 2806 4765 deduci
2837 4720 3069 4782 posse.
