3679 5414
1632 467 1759 527 An.
1803 467 1938 527 1551
2906 468 3018 526 265

546 632 719 677 num
748 614 1008 687 haesit;
1044 631 1208 676 nam
1239 615 1388 692 ille,
1422 624 1579 695 post
1619 614 1893 677 litteras
1935 631 2269 677 romanas
2298 624 2664 694 acceptaS,
2701 613 2775 677 P.
2810 613 3013 677 Clau·

548 721 746 784 dium
774 721 956 800 Regi
984 720 1469 784 Romanorum
1499 731 1955 802 praesentare
1984 721 2239 800 voluit,
2273 730 2344 784 et
2382 721 2610 783 eidem
2640 730 3013 800 congratu-

551 830 688 891 lari
716 828 905 908 quod
934 828 1257 891 Viennae
1289 829 1680 908 Collegium
1709 827 2087 892 Societatis
2115 828 2479 891 instituere
2501 829 2751 890 vellet.
2770 827 3013 891 Postu·

518 936 730 997 ··lavit
766 935 1220 998 nihilominus
1260 954 1301 997 a
1338 934 1566 1014 Rege,
1615 944 1692 997 ut
1732 953 1955 1015 usque
1996 935 2088 998 ad
2131 935 2398 1015 pascha
2439 952 2682 998 secum
2725 952 3014 998 manere

552 1041 629 1104 P.
672 1041 1043 1105 Claudium
1087 1043 1552 1122 permitteret,
1602 1051 1679 1104 ut
1722 1042 2004 1105 cuidam
2048 1042 2244 1122 operi
2283 1042 2568 1122 pietatis
2607 1041 2743 1104 hoc
2783 1043 3014 1104 medio

546 1159 870 1229 tempore
910 1159 1236 1226 vacaret,
1278 1159 1440 1229 post
1477 1149 1747 1229 pascha
1791 1167 1870 1212 se
1908 1149 2261 1222 Viennam
2301 1149 2682 1211 missurum
2727 1149 3016 1228 promit·

544 1264 730 1318 tens.
763 1254 1244 1318 Romanorum
1270 1255 1426 1318 Rex
1454 1256 1747 1319 libenter
1774 1256 1847 1318 id
1877 1256 2263 1335 concessit;
2297 1264 2365 1318 et
2402 1256 2595 1336 pium
2632 1256 2801 1318 illud
2840 1273 3018 1336 opus

551 1363 947 1442 spiritualia
980 1363 1320 1425 exercitia
1349 1363 1654 1441 fuerunt,
1688 1363 1942 1444 quibus
1970 1363 2228 1441 excoli,
2263 1362 2605 1425 absolutis
2628 1362 2774 1442 jam
2805 1363 3014 1425 comi-

554 1470 694 1549 tiis,
729 1470 799 1531 in
831 1471 1067 1532 animo
1096 1470 1560 1549 Augustanus
1598 1471 1926 1533 habebat.
1969 1471 2056 1533 Et
2095 1488 2224 1550 pro
2266 1470 2760 1533 benevolentia
2797 1469 3015 1533 maxi-

548 1595 689 1655 ma,
726 1595 863 1656 qua
893 1575 1320 1640 Societatem
1350 1577 1970 1657 complectebatur,
2005 1577 2398 1656 Collegium
2427 1576 2796 1655 Augustae
2826 1577 3016 1639 insti-

551 1693 749 1747 tuere
802 1683 1298 1764 percupiebat,
1358 1685 1481 1747 sed
1540 1694 1707 1747 tunc
1766 1684 2038 1747 viribus
2095 1684 2628 1747 destituebatur.
2689 1682 3017 1763 Rogabat

546 1799 789 1853 autem
827 1790 902 1854 Ρ.
949 1791 1287 1854 Claudius
1338 1803 1413 1854 ut
1463 1791 1536 1854 hi
1574 1791 1898 1855 homines
1937 1790 2028 1853 ad
2076 1791 2534 1854 fundamenta
2585 1791 2883 1871 Collegii
2917 1791 3016 1872 ja·

550 1897 804 1961 cienda
828 1916 871 1960 a
896 1898 970 1961 P.
999 1897 1278 1976 Ignatio
1303 1898 1769 1977 mitterentur,
1799 1898 1919 1978 qui
1942 1898 2244 1962 afflictae
2273 1909 2343 1961 et
2371 1899 2444 1961 in
2473 1916 2750 1962 summa
2779 1916 3015 1962 neces·

552 2006 760 2068 sitate
790 2005 1139 2085 spirituali
1169 2007 1594 2068 constitutae
1625 2005 2083 2084 Germaniae,
2118 2016 2187 2068 et
2214 2007 2407 2069 vitae
2437 2007 2760 2085 exemplo
2791 2014 2861 2068 et
2901 2006 3016 2068 do-

552 2113 783 2174 ctrina
812 2112 1290 2175 subvenirent.
1316 2111 1392 2176 Si
1421 2113 1608 2175 enim
1629 2112 2111 2175 Romanorum
2133 2111 2314 2191 Regi
2337 2112 2732 2189 satisfieret,
2759 2114 3019 2174 multos

552 2219 731 2281 alios
762 2220 1114 2299 principes
1141 2229 1211 2282 et
1246 2220 1620 2300 episcopos
1657 2218 1808 2298 ejus
1852 2221 2254 2300 exemplum
2296 2228 2693 2298 secuturos;
2741 2229 2810 2282 et
2852 2237 3014 2282 cum

542 2336 888 2407 corrupta
916 2337 1103 2389 esset
1131 2326 1505 2407 disciplina
1527 2344 1808 2389 morum
1837 2327 1911 2389 in
1932 2326 2340 2405 Germania,
2368 2336 2439 2388 et
2465 2326 2755 2389 libertas
2777 2327 3016 2389 carnis

554 2434 713 2513 plus
753 2451 978 2513 aequo
1030 2435 1476 2512 invaluisset,
1531 2452 1663 2496 nec
1705 2434 2148 2514 professores
2187 2451 2318 2497 nec
2355 2434 2853 2513 scholasticos,
2897 2434 3016 2513 qui

554 2557 697 2602 non
726 2551 963 2603 essent
986 2541 1164 2603 bene
1192 2541 1473 2622 probati
1500 2550 1572 2603 et
1601 2543 1674 2604 in
1703 2541 1954 2604 timore
1976 2541 2111 2603 Dei
2140 2550 2210 2604 et
2239 2558 2479 2604 amore
2509 2540 2806 2620 fundati,
2834 2542 3016 2604 mitti

546 2664 635 2710 eo
675 2645 961 2722 debere;
1006 2658 1075 2711 et
1112 2649 1186 2712 in
1223 2649 1757 2712 humanioribus
1807 2637 2060 2712 litteris
2107 2665 2191 2711 ac
2241 2649 2502 2728 linguis
2551 2648 3016 2713 eruditionem

552 2756 689 2818 illis
719 2773 873 2818 esse
901 2757 1404 2835 necessariam,
1437 2773 1600 2819 cum
1629 2758 1782 2820 sine
1805 2757 1944 2818 illis
1970 2757 2178 2837 parvi
2207 2755 2530 2819 doctrina
2552 2755 2770 2819 fieret.

671 2862 813 2924 210.
901 2862 1274 2926 Profectus
1303 2872 1410 2926 est
1440 2871 1677 2926 autem
1703 2864 1804 2959 2³}
1834 2864 2073 2926 Martii
2101 2863 2176 2926 Ρ.
2211 2863 2547 2927 Claudius
2576 2881 2738 2927 cum
2777 2864 3015 2927 Cardi-

552 2969 698 3031 nali
726 2969 1149 3048 Augustano
1180 2970 1270 3033 ad
1299 2972 1808 3034 monasterium
1838 2970 2225 3051 quoddam,
2259 2971 2557 3034 duorum
2601 2971 2875 3034 dierum
2911 2971 3018 3034 iti-

551 3093 721 3138 nere
749 3075 1079 3155 Augusta
1109 3076 1404 3156 distanS,
1432 3078 1549 3140 ubi
1578 3094 1894 3141 mensem
1922 3095 2138 3141 unum
2167 3078 2646 3159 spiritualibus
2674 3079 3016 3140 exercita-

553 3183 860 3246 tionibus
915 3183 1321 3263 impendere
1380 3184 1781 3248 Cardinalis
1828 3185 2177 3265 cupiebat.
2233 3186 2485 3248 Invisit
2532 3194 2770 3248 tamen
2820 3184 3019 3264 prius

552 3300 835 3354 nostros
858 3291 1477 3371 Ingolstadienses,
1504 3300 1574 3354 et
1604 3293 1676 3354 in
1699 3292 1930 3355 eundo
1954 3293 2342 3373 periculum
2363 3294 2557 3355 vitae
2585 3309 2728 3354 non
2756 3291 3016 3354 medio-

555 3416 673 3461 cre
703 3399 963 3477 evasit,
998 3409 1069 3462 et
1108 3400 1179 3462 in
1220 3399 1578 3463 redeundo
1618 3400 1708 3463 ad
1747 3399 2196 3463 Cardinalem
2235 3400 2427 3463 aliud
2465 3417 2606 3462 non
2644 3400 2905 3479 minus,
2949 3408 3020 3461 et

554 3517 931 3585 utrumque
961 3507 1049 3569 ab
1081 3507 1283 3587 aquis
1311 3506 1734 3587 profectum.
1770 3505 1948 3569 Cum
1977 3508 2165 3570 enim
2206 3507 2570 3586 Dilingam
2614 3506 2906 3585 rediret,
2950 3514 3018 3568 et

555 3613 959 3692 DanubiuS,
1021 3615 1262 3675 alvum
1310 3630 1673 3692 egressuS,
1736 3631 2029 3694 campos
2077 3613 2532 3692 inundasset,
2572 3614 2824 3676 itinera
2884 3613 3016 3675 dis-

551 3720 748 3783 cerni
797 3738 938 3783 non
988 3729 1348 3800 poterant;
1401 3721 1671 3799 glacies
1721 3721 1964 3801 etiam,
2021 3721 2460 3784 inundationi
2511 3721 3020 3801 superveniens

552 3844 715 3890 cum
756 3845 1032 3891 summo
1073 3827 1365 3907 frigore,
1413 3827 1761 3891 difficilius
1814 3829 1948 3891 iter
1996 3828 2293 3906 fecerat;
2346 3829 2731 3891 subsistere
2781 3828 3020 3908 itaque

551 3935 793 3998 debuit
821 3952 965 3998 non
995 3937 1239 4016 procul
1270 3954 1312 3998 a
1342 3935 1662 4014 Dilinga,
1696 3936 1922 3999 donec
1952 3934 2338 4016 liquefieret
2366 3937 2636 4015 glacies
2678 3944 2747 3998 et
2791 3952 3019 4016 aquae

555 4043 1030 4122 subsiderent,
1065 4054 1135 4105 et
1162 4052 1332 4106 tunc
1362 4044 1435 4105 in
1462 4042 1746 4106 foveam
1780 4045 2160 4123 quamdam
2203 4042 2351 4123 ejus
2394 4061 2617 4124 equus
2659 4044 3016 4123 decidenS,

553 4158 623 4212 et
653 4150 933 4231 quidem
962 4151 1138 4213 satis
1165 4150 1620 4231 profundam,
1656 4150 1732 4213 P.
1767 4150 2138 4214 Claudium
2170 4152 2300 4214 sub
2330 4168 2406 4213 se
2448 4151 2898 4231 compressit,
2944 4160 3020 4213 ut

556 4255 692 4319 Dei
722 4257 984 4320 auxilio
1017 4258 1109 4320 ad
1137 4258 1582 4321 evadendum
1610 4258 2118 4321 submersionis
2145 4259 2536 4347 periculum
2567 4276 2744 4339 opus
2781 4257 3017 4334 fuerit,

553 4372 625 4426 et
655 4364 927 4427 itineris
956 4366 1099 4428 dux
1129 4382 1393 4445 magna
1423 4383 1583 4429 cum
1623 4365 2030 4429 difficultate
2068 4364 2468 4428 madentem
2508 4374 2577 4428 et
2615 4382 2838 4428 coeno
2880 4366 3020 4446 ple·

556 4488 745 4549 num,
778 4473 974 4534 laeso
1006 4471 1516 4552 aliquantulum
1546 4473 1838 4536 dextero
1863 4490 2091 4551 crure,
2126 4490 2218 4535 ex
2235 4471 2430 4536 fossa
2458 4471 2700 4535 eduxit
2734 4470 2775 4531 ¹.
2855 4524 2858 4529 .

638 4641 653 4672 ¹
709 4639 988 4692 Polancus,
1010 4651 1076 4682 ex
1096 4642 1500 4693 commissione,
1523 4641 1737 4685 Claudio
1757 4640 1871 4693 Jaio
1891 4673 1901 4694 ,
1924 4642 1971 4685 el
1992 4642 2295 4686 facultatem
2326 4643 2521 4686 faciens
2548 4646 2606 4685 ut
2636 4642 2848 4686 Petrum
2868 4641 3024 4686 Cani-

554 4714 686 4757 slum
707 4711 1027 4766 Ingolstadio
1044 4712 1298 4755 Viennam
1319 4722 1493 4755 secum
1514 4713 1686 4766 ducat,
1713 4713 1764 4756 10
1781 4712 1973 4757 Martii.
