3679 5414
1576 473 1705 532 ΑΝ.
1751 472 1884 532 1551
2825 488 2833 509 ²
2853 474 2962 535 189

484 616 735 679 diebus
784 634 1069 680 sacrum
1115 617 1493 680 audiebant
1531 616 1938 680 scholastici
1976 618 2049 680 in
2091 620 2351 700 templo
2385 619 2654 699 vicino;
2698 628 2843 682 tam
2880 621 2955 682 in

482 723 891 787 accedendo
922 742 1137 805 quam
1164 725 1238 787 in
1265 724 1661 787 recedendo
1693 742 1938 788 omnes
1977 733 2140 788 ante
2177 725 2563 804 imaginem
2599 726 2672 788 in
2711 727 2955 790 schola

483 831 908 894 collocatam
940 832 1279 911 orabant;
1314 841 1383 894 et
1413 832 1695 894 demum
1723 830 1931 894 facile
1973 832 2093 912 qui
2131 841 2365 894 essent
2395 833 2803 895 scholastici
2833 852 2951 896 no·

484 938 614 1000 stri
643 938 927 1017 collegii
956 940 1045 1002 ab
1076 938 1233 1002 aliis
1263 939 1336 1001 in
1363 939 1624 1019 pietate
1654 948 1724 1001 et
1753 937 2098 1001 modestia
2127 938 2743 1020 discernebantur,
2781 959 2952 1020 quo·

482 1061 643 1107 rum
680 1045 751 1107 in
790 1046 1042 1116 melius
1083 1046 1377 1109 mutatio
1406 1045 1731 1109 miranda
1781 1063 2073 1126 prorsus
2115 1045 2248 1121 his,
2290 1046 2540 1125 quibus
2571 1047 2718 1109 noti
2754 1047 2957 1126 prius

466 1150 794 1230 fuerant,
826 1152 1232 1230 videbatur,
1266 1162 1335 1215 et
1364 1170 1527 1215 cum
1554 1152 1780 1232 gratis
1810 1153 2024 1215 talem
2069 1153 2580 1215 institutionem
2612 1152 2954 1234 juventus

482 1258 796 1336 haberet,
831 1268 975 1322 non
996 1267 1276 1339 poterat
1303 1260 1716 1339 parentibus
1747 1259 1818 1321 id
1847 1276 1990 1321 non
2018 1259 2504 1337 gratissimum
2535 1275 2712 1323 esse.

602 1364 703 1428 48.
793 1365 1068 1429 Versus
1098 1365 1309 1429 finem
1335 1366 1598 1429 mensis
1624 1365 1789 1448 Julii
1822 1365 1896 1428 P.
1923 1365 2350 1429 Paschasius
2374 1384 2537 1430 cum
2556 1366 2632 1429 Ρ.
2663 1368 2950 1431 Pelleta-

478 1472 591 1534 rio
619 1471 894 1534 Ducem
917 1472 1295 1535 Herculem
1318 1473 1526 1535 simul
1549 1490 1711 1535 cum
1734 1471 2099 1535 Cardinali
2121 1473 2504 1552 HippolitO,
2532 1472 2683 1554 ejus
2702 1474 2946 1553 fratre,

481 1579 907 1642 salutarunt.
951 1578 1065 1642 Ab
1104 1588 1405 1660 utroque
1443 1580 1845 1642 humaniter
1888 1580 2167 1660 excepti
2205 1590 2369 1642 sunt
2416 1590 2486 1643 et
2533 1581 2952 1644 benevolen-

474 1687 657 1756 tiam
685 1703 858 1766 prae
889 1704 965 1749 se
1000 1688 1100 1750 illi
1129 1687 1448 1750 ferebant
1479 1705 1564 1750 ac
1596 1704 1671 1749 se
1699 1694 2107 1750 nostrorum
2136 1688 2572 1750 orationibus
2601 1707 2952 1752 commen·

480 1793 767 1856 dabant.
824 1793 1028 1857 Hanc
1077 1795 1653 1857 benevolentiam·
1701 1793 2111 1856 Alexander
2166 1793 2453 1857 Fiaschi
2502 1812 2648 1857 non
2704 1795 2950 1860 officiis

478 1909 756 1963 tantum
784 1900 910 1963 sed
940 1902 1409 1983 eleemosynis
1437 1902 1856 1964 testabatur.
1882 1900 2262 1964 Ducissam
2283 1902 2498 1965 etiam
2522 1902 2946 1981 salutarunt,

477 2025 663 2087 quae
700 2008 1108 2072 Ferrariam
1137 2027 1376 2072 mense
1405 2008 1733 2087 Augusto
1772 2016 2095 2086 venerat;
2128 2026 2311 2087 quae
2345 2010 2629 2074 audivit
2668 2011 2952 2091 quidem

478 2131 629 2192 eOS,
663 2114 789 2177 sed
818 2115 1108 2178 minime
1137 2133 1213 2178 se
1243 2114 1495 2178 laetar'i
1533 2133 1623 2177 ex
1661 2123 2068 2177 nostrorum
2099 2115 2406 2177 adventu
2439 2115 2871 2196 significavit
2903 2116 2946 2178 ¹.

598 2220 703 2283 49.
789 2221 1047 2285 Virum
1085 2222 1461 2302 quemdam
1500 2221 1885 2284 hebraeum
1925 2229 1995 2284 et
2035 2220 2348 2300 eJ'usdem
2385 2223 2671 2301 generis
2707 2224 2945 2287 mulie-

476 2344 631 2390 rem
674 2328 746 2390 in
787 2329 1222 2391 catechismo
1274 2328 1680 2390 christiano.
1712 2329 2204 2391 instruxerunt
2253 2336 2322 2391 et
2371 2329 2619 2394 mulier
2663 2330 2956 2409 quidam

477 2436 550 2496 in
582 2433 994 2498 Cathedrali
1022 2436 1281 2516 templo
1303 2435 1663 2516 baptizata
1684 2434 1837 2512 fuit,
1871 2435 1997 2497 sed
2019 2434 2152 2514 vir,
2189 2435 2261 2496 in
2283 2435 2606 2498 morbum
2630 2436 2956 2499 incidens

472 2557 799 2620 gravem,
856 2542 1009 2622 ipso
1063 2541 1135 2603 in
1191 2542 1377 2604 lecto
1435 2541 1836 2621 baptizatus
1886 2550 1993 2603 est
2048 2549 2147 2621 et,
2206 2541 2544 2604 Extrema
2600 2542 2952 2605 Unctione

476 2648 738 2712 ibidem
769 2657 1076 2729 sumpta,
1110 2648 1358 2713 eodem
1387 2647 1499 2712 die
1530 2648 1621 2712 ad
1651 2648 2018 2713 meliorem
2047 2648 2271 2712 vitam
2298 2648 2660 2729 migravit.
2711 2659 2714 2660 *

594 2755 697 2819 50.
789 2755 1079 2820 Octobri
1107 2774 1380 2835 mense,
1416 2758 1664 2820 relicta
1693 2756 1911 2836 priori
1940 2757 2188 2834 dom0,
2220 2756 2294 2818 in
2323 2756 2537 2820 aliam
2568 2774 2751 2837 quae
2782 2757 2941 2820 hor·

472 2871 626 2925 tum
655 2863 984 2942 habebat,
1020 2863 1111 2926 ad
1140 2873 1463 2926 nostram
1489 2863 2001 2925 habitationem
2031 2863 2478 2925 commodam
2518 2864 2939 2945 migrarunt,

472 2978 544 3032 et
574 2969 836 3033 ibidem
857 2970 1252 3033 studiorum
1280 2970 1815 3033 renovationem
1845 2987 2041 3032 more
2070 2968 2447 3049 parisiensi
2470 2970 2942 3033 celebrarunt.

474 3075 735 3156 Aliqua
765 3086 1148 3156 praecepta
1178 3077 1568 3140 rhetorices
1597 3085 1665 3139 et
1696 3094 1785 3139 ex
1816 3076 2061 3154 lingua
2098 3091 2363 3154 graeca
2400 3084 2681 3156 praeter
2710 3093 2939 3155 gram·

470 3183 812 3245 maticam
852 3191 1217 3247 auctorem
1255 3184 1562 3264 aliquem
1603 3184 1819 3246 etiam
1857 3192 2025 3245 tunc
2065 3180 2140 3244 P.
2183 3180 2601 3244 Pelletarius
2654 3199 2939 3244 enarra-

442 3278 626 3368 'bat;
679 3289 923 3353 addita
960 3300 1199 3354 tamen
1237 3290 1370 3354 suit
1408 3300 1659 3371 quarta
1695 3289 1972 3368 schola,
2017 3297 2094 3351 ut
2132 3289 2251 3368 iis,
2296 3305 2596 3369 quorum
2636 3289 2945 3351 eruditio

468 3405 627 3459 erat
654 3395 973 3474 diversa,
1005 3397 1274 3461 diversi
1311 3399 1526 3460 etiam
1564 3404 2064 3476 praeceptores
2103 3413 2258 3458 sese
2299 3403 2850 3475 attemperarent
2888 3394 2935 3459 ².

588 3502 691 3566 51.
782 3503 859 3566 P.
894 3503 1324 3567 Paschasius
1363 3512 1646 3584 praeter
1676 3501 2159 3565 consessiones
2196 3502 2650 3581 quotidianas
2688 3502 2937 3565 tamin

468 3610 775 3672 ecclesia
814 3627 1028 3690 quam
1056 3610 1131 3673 in
1160 3610 1512 3690 hospitali,
1547 3626 1761 3688 quam
1797 3609 2016 3671 etiam
2057 3607 2380 3671 domibus
2417 3608 2745 3687 privatis,
2778 3626 2941 3671 cum

470 3717 561 3778 ab
616 3717 1157 3796 aegrotantibus
1207 3716 1735 3795 accersebatur,
1790 3732 1920 3795 per
1967 3714 2364 3795 spiritualia
2417 3714 2758 3776 exercitia
2817 3715 2935 3777 ali-

470 3840 651 3902 quos
698 3832 777 3885 ut
823 3823 1249 3903 proficerent
1290 3822 1608 3903 juvabat.
1655 3821 1955 3885 Cuidam
2000 3822 2223 3900 gallo,
2280 3820 2402 3901 qui
2449 3820 2938 3900 philosophiae

468 3946 763 4008 operam
800 3929 1124 4010 dederat,
1166 3940 1236 3993 et
1277 3931 1349 3992 in
1389 3930 1595 3992 bonis
1631 3930 1886 3991 litteris
1925 3928 2202 3991 erudito
2245 3945 2332 3989 ea
2368 3927 2768 4007 proposuit,
2817 3929 2942 4007 qui
3009 3962 3012 3965 ‡

466 4035 848 4100 Societatis
896 4038 1215 4100 instituto
1263 4054 1340 4099 se
1382 4034 1675 4098 addixit.
1730 4035 2019 4098 Eisdem
2067 4034 2390 4097 excultus
2430 4032 2558 4096 fuit
2586 4033 2948 4099 Dominus

468 4143 881 4206 Alexander
908 4143 1205 4206 Fiascus
1234 4150 1304 4205 et
1332 4143 1614 4222 quidem
1642 4158 1806 4205 cum
1834 4141 2130 4221 egregio
2161 4140 2512 4220 spirituali
2549 4138 2818 4221 fructu,
2868 4151 2937 4204 et

553 4424 569 4454 ¹
629 4420 862 4475 ignatius
884 4419 1167 4465 Paschasio
1187 4420 1369 4473 Broet,
1390 4423 1447 4462 ut
1467 4417 1830 4470 vicelegatum
1863 4415 2008 4461 Sauli
2038 4417 2216 4461 visitet
2249 4421 2302 4460 et
2333 4415 2663 4460 cardinalem
2696 4416 2941 4462 Crescen-

464 4496 612 4547 tinm.
631 4493 818 4536 ultima
839 4491 921 4536 die
942 4491 1157 4546 Aptius.

547 4567 571 4596 ²
627 4563 886 4607 Polaticus
900 4595 911 4615 ,
933 4573 1000 4605 ex
1019 4573 1180 4614 com„
1198 4561 1378 4616 Joanni
1399 4560 1677 4603 Pelletario
1691 4592 1702 4612 ,
1724 4566 1781 4603 ut
1810 4559 2120 4612 ampliorem
2148 4559 2350 4602 domum
2371 4570 2466 4613 pro
2488 4557 2721 4614 Colleglo
2743 4560 2937 4604 habere

464 4642 699 4691 satagat,
720 4647 821 4690 quo
840 4636 1018 4689 plures
1036 4634 1087 4678 in
1108 4646 1223 4678 eam
1243 4634 1517 4707 admittere
1537 4631 1726 4685 possin
1748 4636 1802 4673 et
1822 4637 1879 4675 ut
1899 4630 2084 4683 Joanni
2104 4630 2376 4684 Baptistae
2410 4630 2473 4674 de
2503 4628 2627 4681 Jesu
2656 4631 2943 4677 lectionum

466 4711 700 4754 laborem
715 4707 933 4761 minuat,
953 4717 1052 4761 quo
1072 4706 1116 4749 is
1135 4706 1290 4750 citius
1308 4702 1641 4748 concionandi
1664 4712 1846 4746 munus
1866 4703 2044 4746 valeat
2066 4702 2226 4759 obire,
2246 4701 2301 4745 29
2318 4701 2364 4744 N
2367 4701 2646 4750 ovembris.
