3679 5414
663 454 739 513 40
1048 531 1056 539 ·
1580 452 1834 513 Canon.
1879 449 2030 512 Soc,
2074 453 2215 527 Jsss.

669 602 921 681 coepit.
959 600 1137 675 Cum
1165 609 1407 663 tamen
1435 599 1956 679 expeditionem
1984 600 2058 662 in
2085 582 2408 663 Africam
2443 600 2713 663 intento
2751 601 3130 665 admodum

668 708 906 771 animo
945 715 1015 770 et
1052 724 1224 770 cura
1264 715 1633 784 tractaret,
1680 706 1773 769 ad
1823 706 2125 770 reditum
2179 724 2401 787 usque
2450 724 2656 770 suum
2704 707 3135 771 fundationis

668 813 876 894 hujus
905 814 1268 893 negotium
1298 813 1565 876 distulit
1598 812 1638 876 ¹.
2647 886 2654 893 .

790 921 893 987 81.
977 921 1134 984 Hac
1172 919 1718 1000 quadragesima
1758 920 2100 1000 Pro-regi
2129 940 2215 984 ac
2253 922 2633 1000 nobilitati,
2685 921 2804 1002 qui
2833 940 2992 984 eum
3023 940 3131 985 co-

671 1029 1074 1108 mitabatur,
1107 1027 1314 1091 sicuti
1340 1037 1411 1091 et
1442 1028 1597 1090 aliis
1642 1026 2082 1091 auditoribus
2112 1029 2183 1091 in
2223 1028 2368 1092 suis
2406 1029 2865 1094 concionibus
2903 1029 2978 1092 P.
3020 1028 3131 1111 Ja-

671 1137 890 1199 cobus
917 1135 1207 1215 Laynez
1238 1135 1533 1197 multum
1574 1135 1646 1197 in
1674 1135 1983 1198 Domino
2013 1135 2377 1215 satisfecit,
2412 1136 2537 1198 sed
2567 1135 3133 1199 intermittendae

669 1243 950 1306 fuerunt
973 1244 1061 1305 ab
1077 1260 1162 1304 eo
1186 1242 1568 1305 conciones
1590 1243 1719 1304 sub
1750 1241 1962 1305 finem
1993 1243 2612 1323 quadragesimae,
2642 1261 2804 1306 cum
2826 1243 3131 1306 Domitia

665 1351 1015 1429 Leonora,
1042 1348 1482 1428 Pro-regina,
1509 1349 1582 1410 in
1604 1349 2112 1427 gravissimum
2142 1351 2464 1413 morbum
2492 1350 2884 1426 incidisset;
2927 1368 3127 1430 quae,

665 1474 828 1520 cum
869 1456 1117 1519 mortis
1166 1456 1558 1535 periculum
1609 1455 2027 1533 immineret,
2080 1466 2228 1520 tam
2256 1455 2331 1519 P.
2365 1457 2878 1537 Hieronymum
2921 1474 3130 1536 quam

665 1565 895 1643 ipsum
923 1562 999 1626 P.
1032 1561 1380 1644 Jacobum
1406 1562 1695 1641 Laynez
1726 1562 1860 1625 sibi
1889 1563 2174 1626 omnino
2206 1563 2537 1626 assistere
2560 1564 2811 1642 voluit,
2847 1565 3034 1643 quod
3064 1572 3131 1627 et

662 1671 1005 1748 fecerunt,
1038 1678 1108 1732 et
1138 1669 1291 1749 ipsa
1324 1667 1437 1732 die
1471 1668 1852 1732 Dominica
1881 1669 2284 1733 Palmarum
2311 1671 2577 1750 placuit
2617 1670 2901 1733 divinae
2938 1671 3128 1733 boni-

664 1778 792 1840 tati
813 1794 973 1840 eam
996 1776 1087 1839 ad
1108 1776 1472 1840 meliorem
1498 1777 1721 1839 vitam
1744 1775 2155 1840 transferre.
2185 1777 2379 1840 Talis
2400 1778 2588 1840 enim
2608 1778 2739 1841 fuit
2762 1777 2913 1858 ejus
2934 1796 3129 1841 mors

664 1884 890 1964 qualis
919 1893 988 1947 et
1016 1884 1165 1946 vita
1194 1883 1448 1961 fuerat,
1484 1884 1694 1963 plena
1724 1883 1891 1961 fide,
1928 1884 2330 1962 devotione,
2365 1885 2711 1948 charitate
2751 1894 2821 1948 et
2858 1885 3126 1948 humili·

664 2000 807 2055 tate
836 2009 921 2054 ac
952 1990 1194 2054 mundi
1224 2000 1655 2070 contemptu,
1693 2008 1935 2054 amore
1964 2001 2034 2054 et
2065 2009 2236 2054 cura
2265 1990 2568 2055 filiorum
2597 2001 2666 2054 et
2705 1993 2954 2056 domus
2983 2042 2996 2072 ,
3042 2012 3126 2056 ac

660 2099 1038 2178 praecipue
1068 2098 1177 2161 sui
1216 2098 1481 2177 mariti,
1526 2099 1639 2160 cui
1681 2115 1755 2160 se
1795 2098 2014 2161 etiam
2054 2099 2263 2161 valde
2301 2108 2747 2162 reverentem
2785 2101 3121 2164 exhibuit.

661 2206 1035 2270 Latissime
1064 2206 1282 2270 etiam
1310 2206 1534 2286 patuit
1563 2205 1716 2285 ejus
1754 2206 2069 2269 charitas
2106 2216 2175 2269 et
2214 2207 2703 2270 misericordia
2741 2224 2916 2287 erga
2960 2226 3123 2288 pau-

663 2330 889 2393 peres,
924 2312 1223 2376 afflictos
1252 2322 1322 2375 et
1351 2310 1788 2392 peccatores.
1823 2313 1902 2375 In
1933 2322 2253 2376 extrema
2285 2313 2401 2376 illa
2431 2314 2874 2393 aegritudine
2904 2316 3124 2379 multa

659 2420 1168 2500 patientissime
1198 2419 1552 2498 toleravit,
1587 2429 1655 2482 et
1688 2419 2016 2482 omnibus
2053 2421 2520 2483 sacramentis
2557 2421 2920 2484 Ecclesiae
2962 2438 3124 2486 cum

651 2527 842 2591 fame
871 2537 1122 2590 sancta
1160 2536 1228 2589 et
1261 2527 1637 2590 devotione
1677 2526 2023 2606 acceptiS,
2056 2536 2125 2590 et
2155 2544 2432 2607 semper
2471 2537 2753 2608 praeter
2793 2529 3123 2593 maritum

656 2652 746 2696 ac
776 2634 1034 2697 liberos
1056 2642 1125 2697 et
1147 2633 1573 2697 domesticos
1599 2634 1740 2714 (qui
1765 2646 2012 2696 ornnes
2035 2651 2193 2697 eam
2216 2635 2306 2697 ad
2330 2636 2506 2698 bene
2531 2636 2970 2700 moriendum
2993 2654 3123 2717 pro

658 2742 847 2805 virili
873 2752 1079 2822 parte
1107 2741 1575 2822 adjuvabant)
1607 2743 1804 2805 viros
1833 2742 2047 2804 etiam
2086 2743 2489 2822 spirituales
2526 2762 2746 2824 prope
2786 2762 2862 2807 se
2903 2762 3123 2824 usque

655 2850 748 2913 ad
777 2850 1100 2913 ultimum
1127 2850 1453 2930 spiritum
1483 2849 1749 2927 habuit,
1783 2866 2046 2928 magno
2070 2850 2176 2912 sui
2198 2848 2549 2913 desiderio
2573 2870 2658 2914 ac
2682 2851 2948 2915 doloris
2968 2869 3120 2916 sen·

651 2975 733 3020 su
776 2975 863 3020 ac
900 2956 1305 3021 testimonio
1354 2956 1726 3036 praeclaro
1778 2973 1950 3019 suae
1994 2957 2277 3019 virtutis
2324 2975 2408 3019 ac
2442 2957 2788 3021 bonorum
2827 2975 3121 3038 operum

644 3065 719 3127 in
748 3073 896 3127 tota
925 3064 1214 3127 civitate
1243 3081 1329 3126 ac
1358 3063 1730 3143 provincia
1760 3062 2037 3141 relicte,
2081 3063 2391 3126 animam
2433 3064 2720 3144 efflavit,
2755 3074 2832 3127 ut
2862 3065 3117 3127 merito

641 3170 1103 3251 cogitandum
1132 3171 1244 3249 sit,
1274 3171 1460 3251 quod
1484 3171 1730 3250 inipso
1754 3170 1866 3233 die
1889 3169 2296 3233 Palmarum
2317 3169 2808 3251 Pro-reginam
2830 3170 3113 3235 Siciliae

643 3279 737 3343 ad
761 3279 1063 3342 coeleste
1085 3295 1387 3357 regnum
1410 3294 1835 3358 promovere
1860 3273 2206 3340 Dominus
2229 3278 2590 3341 voluisset.
2615 3278 2928 3342 Plurima
2951 3278 3114 3342 Mis·

642 3403 886 3449 sarum
913 3384 1264 3450 sacrificia
1287 3384 1491 3465 juxta
1518 3384 1740 3464 ipsius
1778 3401 2029 3463 preces
2067 3393 2135 3446 et
2173 3384 2244 3446 in
2283 3383 2524 3448 Sicilia
2564 3394 2633 3448 et
2671 3385 2942 3449 Romae
2980 3404 3110 3466 pro

647 3493 867 3572 ipsius
898 3493 1135 3555 anima
1165 3500 1325 3554 sunt
1358 3510 1400 3554 a
1430 3489 1783 3553 Societate
1814 3491 2084 3569 oblata,
2128 3499 2197 3552 et
2227 3499 2373 3553 tam
2404 3491 2476 3553 in
2514 3492 2749 3555 mariti
2789 3509 3003 3571 quam
3040 3493 3113 3554 li-

644 3599 978 3662 berorum
1009 3598 1263 3661 animis
1294 3599 1749 3660 observatum
1779 3606 1888 3660 est
1918 3606 2076 3677 post
2105 3597 2256 3677 ejus
2277 3607 2576 3661 mortem
2599 3599 2788 3678 quod
2812 3615 3114 3678 magnos

647 3721 1071 3785 progressus
1101 3705 1173 3788 in
1199 3704 1464 3784 pietate
1493 3712 1563 3766 et
1596 3702 1837 3766 mundi
1870 3712 2274 3784 contemptu
2305 3704 2600 3767 fecerint
2630 3703 2674 3767 ².

764 3811 864 3874 82.
951 3811 1198 3874 Voluit
1227 3810 1524 3873 Pro-rex
1563 3819 1639 3873 ut
1681 3810 1753 3872 in
1790 3811 2221 3873 monasterio
2260 3809 2504 3874 Sancti
2543 3811 2925 3890 Dominici,
2975 3829 3113 3894 quo

641 3936 721 3981 se
751 3926 1117 3999 receperat
1156 3918 1246 3980 ob
1285 3926 1575 3980 sanctos
1612 3916 1744 3978 hos
1783 3916 1934 3978 dies
1974 3925 2043 3979 et
2082 3918 2170 3979 ob
2216 3926 2511 3980 mortem
2549 3918 2827 3998 uxoriS,
2872 3918 3004 3980 sibi
3043 3927 3113 3981 et

642 4025 855 4102 filiae,
896 4025 1246 4088 Dominae
1276 4024 1638 4101 Isabellae,
1686 4041 1900 4103 quam
1937 4041 2156 4103 penes
2195 4042 2271 4087 se
2311 4024 2646 4104 habebat,
2690 4024 2767 4087 P.
2799 4025 3112 4108 Jacobus

640 4133 929 4213 Laynez
952 4141 1021 4194 et
1034 4132 1530 4212 HieronymuS,
1552 4131 1769 4193 etiam
1780 4131 2105 4194 noctibus
2118 4131 2374 4194 ibidem
2396 4131 2832 4211 dormiendo,
2857 4131 3110 4196 deinde

640 4239 731 4304 ad
757 4241 1048 4303 multam
1067 4248 1349 4302 noctem
1371 4238 1920 4318 perseverandO,
1951 4238 2299 4302 adessent.
2327 4240 2591 4303 Ibidem
2605 4238 2680 4303 P.
2712 4240 3003 4320 Laynez
3024 4258 3108 4303 ea

725 4478 741 4509 ¹
801 4478 1069 4532 Polancus,
1087 4490 1153 4522 ex
1168 4479 1563 4532 commissione,
1581 4479 1894 4536 Hieronymo
1911 4479 2222 4532 Domenech,
2240 4480 2301 4523 de
2323 4480 2574 4524 reditibus
2601 4479 2970 4525 Panormitano
2997 4479 3108 4536 Col·

646 4549 785 4603 legio
806 4549 1148 4604 assignandis,
1168 4552 1197 4594 3
1214 4550 1352 4594 Maii.

729 4622 752 4652 ²
804 4620 1072 4674 Polancus,
1094 4633 1160 4666 ex
1179 4623 1572 4675 commissione,
1591 4620 1736 4666 Patri
1772 4621 2008 4678 Laynez.
2027 4622 2088 4665 de
2108 4623 2173 4667 iis
2195 4635 2325 4677 quae
2349 4622 2582 4677 Collegio
2605 4623 2971 4666 Panormitano
2995 4623 3108 4666 rell-

642 4691 817 4747 quisse
839 4693 889 4736 in
911 4698 1218 4738 testamento
1240 4694 1512 4738 dicebatur
1534 4693 1837 4748 Pro-regina
1853 4692 2078 4742 Siciliae,
2095 4694 2124 4736 3
2142 4694 2279 4739 Maii.
