3679 5414
1639 477 1766 534 ΑΝ.
1814 474 1954 535 1552
2919 484 3038 540 477

552 629 622 683 et
652 619 727 683 P.
773 620 1101 701 Gasparo
1131 622 1206 685 P.
1241 623 1530 702 Laynez
1561 623 2107 702 commendavit,
2142 632 2218 686 ut
2246 634 2530 704 praeter
2554 643 2637 688 ea
2670 628 3032 707 cubicula,

553 745 734 808 quae
763 729 857 791 ibi
888 738 1055 792 tunc
1086 740 1312 808 erant,
1348 731 1487 793 alia
1519 731 1870 810 quaedam
1893 730 2331 794 conficienda
2356 743 2661 811 curaret,
2697 743 2765 797 et
2787 737 3024 799 locum

550 835 763 898 etiam
811 836 1188 916 quemdam
1241 837 1331 900 ad
1374 839 1694 900 scholam
1742 838 2121 900 tenendam
2163 850 2648 919 praepararet,
2693 844 3036 921 quamvis.

546 959 690 1005 non
719 962 803 1006 ea
834 944 1087 1023 hyeme
1117 955 1305 1007 esset
1335 945 1733 1008 inchoanda
1768 943 1810 1004 ¹.
2947 1010 2952 1015 .

675 1049 808 1114 142.
898 1051 1064 1114 Inde
1114 1052 1531 1115 Tridentum
1581 1069 2007 1133 progressus
2063 1062 2201 1131 est,
2257 1053 2458 1133 quus
2513 1054 2785 1117 itineris
2841 1057 3020 1120 haec

548 1157 677 1220 fuit
706 1159 913 1237 rati0,
948 1159 1157 1238 quod,
1203 1177 1365 1222 cum
1403 1159 1801 1223 Cardinalis
1841 1160 2294 1223 Tridentinus
2337 1162 2424 1223 de
2464 1160 2782 1241 Collegio
2824 1163 3014 1226 insti·

549 1266 809 1328 tuendo
840 1266 1158 1329 Tridenti
1203 1267 1295 1330 ad
1333 1267 1408 1329 P.
1453 1267 1807 1346 Ignatium
1847 1267 2280 1347 scripsisset,
2315 1286 2446 1331 nec
2485 1280 2850 1333 recusaret
2889 1272 3016 1334 Pa·

541 1380 647 1434 ter
671 1371 991 1451 Ignatius
1022 1373 1191 1435 illud
1222 1373 1617 1452 admittere,
1644 1374 1770 1436 sed
1801 1374 2210 1453 aliquandiu
2241 1377 2799 1455 exspectandum
2831 1378 3012 1442 dice-

543 1488 671 1558 ret,
707 1480 933 1542 donec
964 1480 1062 1542 illi
1106 1489 1529 1559 pararentur
1561 1481 1894 1559 operarii,
1931 1481 2049 1561 qui
2079 1481 2171 1544 ad
2201 1480 2600 1560 hujusmodi
2644 1501 2823 1564 opus
2866 1484 3011 1548 ido-

540 1587 653 1649 nei
702 1586 958 1664 forent,
1014 1588 1245 1650 visum
1295 1598 1402 1651 est
1442 1588 1517 1651 P.
1560 1589 1872 1667 Laynez,
1916 1589 2035 1668 qui
2078 1589 2252 1651 satis
2290 1589 2378 1651 ad
2429 1588 2565 1652 hoc
2616 1590 3009 1669 Collegium

537 1711 931 1773 propensus
960 1704 1135 1772 erat,
1171 1694 1584 1757 Tridentum
1615 1711 1835 1774 usque
1867 1696 2241 1774 pervenire
2272 1706 2346 1758 ut
2377 1713 2621 1759 coram
2647 1715 2809 1761 cum
2839 1698 3006 1762 Car-

540 1800 759 1864 dinali
800 1801 932 1864 hoc
987 1802 1073 1864 de
1111 1802 1402 1881 negotio
1442 1810 1718 1880 ageret;
1766 1810 1835 1863 et
1874 1800 2154 1880 quidem
2204 1802 2472 1865 invenit
2515 1803 2750 1883 ipsum
2799 1804 2885 1866 ad
2931 1807 3005 1870 id

541 1908 716 1970 satis
747 1926 1212 1988 propensum,
1248 1909 1369 1988 qui
1398 1917 1466 1970 et
1496 1926 1656 1971 eum
1686 1909 1928 1971 statim
1958 1908 2150 1971 misit
2180 1909 2268 1971 ad
2301 1909 2590 1973 domum
2620 1912 3003 1991 quamdam

539 2014 760 2093 ipsius
792 2015 984 2078 urbis
1015 2033 1483 2094 communem,
1514 2024 1590 2077 ut
1607 2012 1959 2095 judicaret
1987 2033 2158 2078 num
2188 2016 2278 2078 ad
2310 2016 2701 2095 Collegium
2729 2018 3006 2082 institu—

534 2122 793 2184 endum
823 2140 907 2184 ea
938 2123 1191 2185 idonea
1222 2122 1603 2184 videretur.
1637 2121 1996 2184 Probabat
2026 2121 2101 2184 P.
2137 2122 2424 2201 Laynez
2454 2123 2763 2203 domum,
2799 2126 2858 2187 si
2891 2142 2996 2188 sa-

532 2230 786 2291 cellum
817 2230 889 2291 in
918 2246 1004 2292 ea
1044 2238 1594 2304 construeretur,
1629 2229 1817 2308 quod
1861 2228 2263 2292 Cardinalis
2302 2230 2589 2293 omnino
2621 2249 2697 2293 se
2721 2232 3003 2295 confec—

530 2345 767 2398 turum
796 2338 1098 2415 dicebat;
1128 2337 1252 2399 sed
1276 2354 1437 2399 cum
1462 2336 1894 2414 congregari
1908 2334 2237 2414 jussisset
2260 2337 2721 2415 magistratus
2744 2349 2818 2401 ut
2850 2341 3008 2403 suis

528 2442 887 2521 suffragiis
917 2443 1003 2505 de
1034 2444 1172 2505 hoc
1211 2444 1368 2505 loco
1399 2441 1739 2505 Societati
1779 2440 2016 2504 dando
2056 2442 2539 2522 decernerent,
2586 2444 2685 2506 illi
2721 2447 3006 2523 gratias

527 2565 742 2628 agere
764 2549 1126 2613 Cardinali
1149 2560 1219 2613 et
1236 2549 1574 2613 Societati
1591 2557 2014 2627 statuerunt,
2034 2549 2223 2628 quod
2246 2549 2582 2612 Tridento
2600 2550 3007 2631 Collegium

525 2658 661 2721 hoc
704 2658 968 2721 vellent
1007 2657 1406 2737 instituere,
1460 2667 1530 2721 et
1568 2657 2048 2737 promiserunt
2086 2674 2228 2720 non
2256 2657 2442 2720 hanc
2473 2658 2831 2737 publicam
2869 2661 2995 2724 sed

523 2766 736 2828 aliam
767 2766 1055 2828 domum
1084 2783 1248 2828 cum
1277 2765 1483 2828 horto
1516 2774 1584 2826 et
1614 2765 1919 2827 ecclesia
1950 2781 2026 2826 se
2057 2765 2373 2842 daturos,
2409 2774 2477 2827 et
2516 2766 2798 2829 interim
2829 2768 2995 2830 dum

520 2891 606 2934 ea
655 2883 1052 2952 pararetur,
1107 2873 1393 2935 domum
1444 2873 1673 2951 ipsam
1712 2870 2258 2934 Communitatis
2298 2871 2710 2952 offerebant,
2755 2876 2994 2938 aulam

519 2990 795 3043 tantum
825 2980 976 3060 ejus
1007 2981 1097 3043 ad
1127 2997 1295 3042 suas
1327 2980 1927 3058 congregationes
1955 2988 2432 3041 reservantes,
2468 2978 2608 3042 Sed
2638 2990 2707 3043 et
2749 2981 2993 3045 Cardi-

517 3088 702 3151 nalis
731 3088 946 3151 aliam
977 3088 1266 3150 domum
1295 3087 1386 3150 ad
1415 3086 1795 3150 Abbatiam
1826 3086 2210 3166 quamdam
2249 3086 2740 3166 pertinentem,
2775 3106 2989 3167 quam

517 3196 582 3258 ei
613 3195 687 3258 P.
733 3196 1021 3275 Laynez
1065 3195 1625 3271 commostravit,
1669 3192 1841 3256 dare
1882 3192 2203 3271 volebat;
2245 3202 2314 3255 et
2344 3193 2531 3272 quod
2583 3195 2674 3256 ad
2718 3195 2988 3262 reditus

516 3304 797 3381 attinet,
847 3312 996 3365 tum
1048 3302 1329 3382 quidem
1374 3301 1716 3363 ducentos
1755 3317 2012 3362 aureos
2057 3316 2330 3361 annuos
2379 3301 2806 3380 applicabat,
2861 3302 2985 3365 sed

516 3417 891 3472 aucturum
941 3427 1016 3472 se
1067 3410 1140 3471 in
1197 3417 1559 3488 posterum
1612 3408 1743 3469 hos
1792 3406 2064 3469 reditus
2113 3407 2594 3484 promittebat.
2654 3408 2990 3472 Addebat

514 3516 728 3579 etiam
757 3517 946 3594 olim,
976 3534 1138 3578 cum
1167 3515 1332 3578 boni
1359 3522 1593 3577 essent
1623 3523 2123 3593 praeceptores
2147 3513 2487 3592 Tridenti,
2516 3513 2994 3578 scholasticos

513 3642 603 3686 ex
631 3624 853 3687 variis
891 3623 1134 3686 Italiae
1174 3631 1244 3684 et
1284 3621 1709 3684 Germaniae
1747 3621 1925 3683 locis
1965 3638 2049 3682 eo
2089 3619 2441 3682 confluere
2482 3621 2752 3700 solitOS,
2796 3631 2865 3684 et
2906 3639 2994 3684 se*

512 3741 805 3811 nepotes
857 3747 1024 3792 suos
1073 3728 1165 3792 ad
1215 3728 1497 3791 scholas
1539 3728 1923 3791 missurum
1973 3735 2041 3789 et
2092 3725 2184 3788 ad
2231 3727 2503 3790 nobiles
2552 3727 2991 3808 Tyrolenses

512 3839 942 3917 scripturum
971 3847 1047 3900 ut
1077 3853 1245 3900 suos
1275 3836 1455 3899 filios
1486 3853 1569 3897 eo
1607 3836 1998 3914 mitterent;
2044 3835 2195 3914 ipse
2226 3835 2439 3897 etiam
2478 3837 2551 3897 in
2590 3837 2801 3899 rebus
2842 3837 2980 3917 spi-

510 3945 885 4008 ritualibus
908 3943 1147 4024 juvari
1176 3963 1217 4005 a
1248 3943 1602 4007 Societate
1632 3942 1983 4021 cupiebat.
2017 3941 2255 4004 Rebus
2286 3942 2501 4021 igitur
2526 3941 2660 4005 hoc
2692 3944 2765 4006 in
2789 3953 2979 4007 statu

508 4053 796 4130 relictiS,
830 4051 906 4115 P.
941 4052 1230 4131 Laynez
1258 4051 1551 4113 recessit
1581 4058 1651 4111 et
1694 4057 1959 4129 quanto
2001 4049 2210 4111 citius
2248 4048 2643 4128 Collegium
2685 4050 2978 4113 missum

506 4169 714 4237 esset,
750 4177 834 4221 eo
864 4159 1140 4238 gratius
1173 4156 1535 4220 Cardinali
1564 4155 1715 4218 fore
1744 4155 2097 4234 Ignatium
2129 4155 2492 4218 admonuit
2522 4155 2565 4219 ².

589 4294 604 4324 ¹
663 4292 930 4344 Polaticus,
966 4303 1031 4335 ex
1061 4302 1219 4341 com„
1238 4289 1474 4343 Gasparo
1497 4288 1756 4342 Gropsslo.
1779 4298 1896 4330 eum
1916 4286 2107 4341 Ignatii
2138 4287 2338 4330 nomine
2368 4288 2420 4331 in
2451 4287 2767 4332 Societatem
2787 4289 2978 4333 admit—

506 4371 619 4407 tens
638 4364 783 4418 eique
804 4370 1116 4418 potestatem
1137 4363 1333 4405 faciens
1352 4368 1407 4403 ut
1428 4371 1518 4403 suo
1538 4371 1638 4403 non
1660 4358 1940 4403 Societatis
1959 4359 2158 4402 nomine
2180 4359 2558 4414 eleemosynam
2574 4365 2740 4413 petat,
2760 4361 2809 4403 15
2825 4358 2974 4404 Octo·

503 4435 781 4478 bris.-Hic
802 4434 1119 4489 probabilius
1138 4439 1218 4476 est
1239 4434 1323 4476 ille
1346 4432 1551 4485 Gaspar
1567 4463 1577 4483 ,
1599 4432 1659 4473 de
1681 4441 1780 4485 quo
1802 4430 2263 4474 Polancusiltteris
2284 4429 2349 4472 nd
2372 4429 2581 4473 Patrem
2601 4430 2810 4487 Laynez
2831 4432 2969 4475 datis

501 4506 857 4550 2Novembris
890 4506 1042 4561 huJ'us
1077 4505 1197 4549 anni
1228 4504 1348 4558 1552,
1383 4514 1511 4557 quas
1544 4502 1707 4545 habes
1740 4502 1790 4545 in
1826 4507 1866 4545 t.
1900 4512 1971 4554 ω,
2010 4499 2200 4544 cartas
2230 4501 2296 4544 de
2327 4500 2438 4544 San
2473 4500 2705 4555 Ignact'o,
2735 4513 2856 4556 pag.
2895 4503 2982 4546 129·

500 4586 552 4622 et
572 4591 929 4704 {eqPolanch
951 4662 1018 4694 ex
1037 4662 1188 4703 com„
1216 4648 1363 4693 Patri
1395 4648 1623 4704 Laynez,
1645 4647 1764 4701 quid
1799 4657 1831 4689 a
1867 4644 2130 4689 Societate
2159 4651 2372 4700 expetat
2402 4644 2695 4689 Cardinalis
2715 4643 2978 4689 Tridenti-

500 4733 611 4774 nus,
631 4721 688 4764 30
708 4722 925 4776 Aprilis.
