3679 5414
748 473 859 532 7⁴2
1666 470 1922 531 Canon.
1962 470 2115 531 Soc.
2156 471 2297 546 Jsss.

745 636 914 681 num
959 635 1382 697 concursuS,
1425 616 1544 697 qui
1592 634 1803 697 super
1853 615 2226 680 duodecim
2276 618 2492 680 millia
2543 618 2943 681 animarum
2993 617 3211 682 fuisse

746 726 1126 806 putabatur
1143 774 1158 804 ‚
1195 723 1285 787 ad
1313 732 1601 788 sanctas
1629 724 1786 787 illas
1813 724 2150 803 reliquias
2179 723 2525 788 videndas
2568 725 2957 788 accessisse
2990 725 3208 789 credi—

748 842 898 895 tum
921 841 1050 894 est.

864 937 1007 1000 695.
1093 938 1277 1001 Huic
1334 937 1900 1002 confraternitati
1954 937 2251 1001 Pro-rex
2317 955 2576 1000 nomen
2642 954 2846 1001 suum
2904 937 3095 1001 dedit
3142 947 3212 1001 et

746 1052 1021 1108 tantum
1048 1046 1329 1123 argenti
1363 1054 1439 1108 ut
1486 1063 1569 1108 eo
1618 1045 2045 1108 circumdari
2084 1053 2153 1107 et
2189 1044 2452 1107 includi
2491 1053 2707 1124 caput
2734 1044 2904 1108 illud
2932 1054 3207 1125 ‘posset3

745 1160 815 1214 et
842 1168 984 1214 uno
1030 1152 1143 1215 die
1185 1152 1331 1215 fere
1372 1152 1739 1232 quingenti
1779 1152 2065 1216 nomina
2111 1169 2237 1214 sua
2281 1151 2497 1214 etiam
2539 1150 2915 1230 dederunt,
2970 1161 3039 1215 et
3091 1153 3211 1216 alii

746 1258 1026 1332 deinde,
1061 1259 1179 1339 qui
1211 1276 1454 1322 omnes
1482 1277 1704 1339 usque
1736 1260 1827 1322 ad
1857 1259 1994 1321 duo
2021 1259 2239 1321 millia
2263 1257 2704 1322 confratrum
2728 1269 3206 1323 accesserunt.

745 1365 1008 1429 Eorum
1037 1383 1220 1429 unus
1246 1368 1488 1430 statim
1515 1367 1806 1446 triginta
1852 1383 2106 1429 aureos
2150 1365 2241 1429 ad
2283 1382 2547 1444 ceram,
2595 1383 2809 1446 quam
2840 1367 2911 1428 in
2942 1368 3212 1430 cultum

744 1483 1036 1536 sanctae
1073 1473 1377 1552 virginis
1415 1474 1917 1554 expenderent,
1951 1473 2163 1552 dedit,
2192 1481 2260 1535 et
2285 1491 2327 1535 a
2351 1470 2426 1534 P.
2454 1471 2777 1552 Gaspare
2802 1473 3212 1553 impetravit

748 1590 821 1643 ut
860 1580 951 1643 ad
988 1581 1119 1643 has
1158 1597 1508 1660 expensas
1561 1580 1970 1643 necessaria
2020 1580 2328 1643 tribuere
2379 1579 2512 1642 sibi
2556 1589 2900 1660 perpetuo
2941 1581 3208 1659 liceret;

747 1687 866 1750 alii
897 1687 1036 1751 alia
1067 1688 1158 1751 ad
1198 1688 1464 1750 cultum
1503 1687 1806 1766 virginis
1851 1696 1922 1749 et
1964 1685 2303 1766 martyris
2342 1685 2752 1750 offerebant.
2793 1685 2930 1750 Sed
2962 1696 3030 1750 et
3066 1705 3210 1750 ma-

749 1804 955 1857 trona
994 1795 1346 1874 quaedam
1393 1793 1595 1856 dives
1645 1794 1876 1856 eidem
1927 1793 2175 1856 obtulit
2225 1810 2302 1855 se
2351 1800 2578 1855 totum
2624 1810 2827 1857 suum
2879 1794 3210 1873 patrimo-

746 1901 939 1963 nium
985 1901 1285 1964 libenter
1327 1901 1675 1979 daturam,
1730 1908 1807 1963 ut
1851 1900 1992 1962 alia
2034 1899 2582 1963 confraternitas
2626 1900 3089 1963 foeminarum
3140 1901 3213 1963 in

739 2006 1085 2070 honorem
1135 2008 1543 2071 earumdem
1587 2007 1916 2070 undecim
1965 2007 2256 2069 millium
2309 2006 2669 2085 virginum
2721 2006 3219 2070 conficeretur..

745 2114 900 2177 Hac
948 2123 1183 2178 tamen
1233 2114 1814 2178 confraternitate
1865 2107 2230 2177 hominum
2281 2129 2714 2192 magnopere
2754 2121 3208 2193 augescente,

743 2222 906 2301 quia
936 2222 1318 2285 timuerunt
1349 2221 1744 2285 confratres
1773 2220 2307 2283 Misericordiae
2343 2237 2431 2282 ne
2457 2217 3005 2283 confraternitas
3027 2220 3211 2300 ipso·

744 2346 902 2392 rum
932 2329 1429 2391 detrimentum
1457 2336 1859 2407 pateretur,
1895 2327 2177 2389 curavit
2211 2325 2287 2388 P.
2321 2325 2603 2406 Gaspar
2632 2336 2710 2389 ut
2734 2326 3216 2390 restitutiones

744 2443 814 2497 et
851 2436 1020 2514 alia,
1063 2453 1245 2516 quae
1287 2435 1631 2515 applicari
1673 2435 2003 2498 solebant
2043 2435 2240 2514 operi
2278 2433 2829 2513 Misericordiae,
2870 2451 3010 2497 non
3056 2452 3211 2515 pos·

742 2551 902 2604 sent
937 2560 1170 2605 novae
1203 2541 1770 2604 confraternitati
1815 2541 2193 2622 applicari,
2240 2551 2307 2604 et
2346 2551 2422 2604 ut
2450 2541 2570 2604 illa
2620 2551 2997 2621 augeretur
3036 2544 3212 2605 anti—

748 2649 951 2729 quior
980 2649 1354 2730 diligenter
1387 2649 1687 2713 curavit.

863 2756 1002 2819 696.
1091 2756 1437 2820 Voluerat
1467 2765 1702 2820 autem
1731 2757 1805 2820 in
1834 2757 1971 2820 hac
2001 2774 2189 2818 nova
2220 2755 2801 2820 confraternitate
2823 2757 3213 2837 Virginum

741 2866 1194 2944 septuaginta
1225 2865 1403 2928 duos
1430 2864 1753 2927 homines
1793 2864 1977 2927 inter
2016 2872 2338 2927 caeteros
2382 2863 2777 2926 confratres
2809 2864 3055 2942 deligi,
3090 2863 3214 2943 qui

745 2972 1121 3051 populares
1151 2972 1575 3051 inviserent,
1627 2979 1696 3034 et
1737 2970 2281 3034 necessitatibus
2322 2969 2688 3032 hominum
2727 2970 3208 3050 providerent,

745 3086 814 3141 et
853 3096 896 3141 a
934 3080 1247 3158 peccatis
1287 3095 1594 3141 avocare
1635 3077 2031 3154 studerent3
2066 3075 2187 3139 sed
2232 3076 2394 3157 quia
2433 3076 2780 3155 praedicti
2816 3076 3214 3140 confratres

743 3185 1275 3249 Misericordiae
1327 3184 1461 3248 hoc
1499 3185 2149 3265 interpretabantur
2189 3184 2261 3245 in
2308 3200 2513 3246 suum
2565 3181 2817 3246 cedere
2864 3181 3212 3263 praejudi-

745 3292 962 3371 cium,
996 3292 1358 3355 constituit
1396 3290 1471 3354 P.
1521 3290 1802 3371 Gaspar
1832 3308 1923 3353 ne
1965 3289 2036 3353 hi
2076 3290 2527 3370 septuaginta
2569 3289 2709 3352 duo
2753 3289 3209 3369 designaren-

744 3410 890 3478 tur;
925 3416 1223 3479 quorum
1252 3408 1489 3461 tamen
1517 3400 1673 3460 loco
1705 3397 1844 3460 duo
1886 3397 2103 3460 millia
2142 3396 2579 3459 confratrum
2622 3396 2889 3459 eisdem
2928 3396 3210 3476 pietatis

747 3506 1074 3585 operibus
1101 3515 1472 3569 vacarunt.
1510 3505 1688 3568 Tam
1717 3503 2090 3583 diligentes
2129 3512 2332 3567 erant
2371 3504 2442 3567 hi
2482 3502 2882 3566 confratres
2912 3503 3049 3567 illis
3081 3504 3207 3567 ini-

744 3614 884 3690 tiis,
927 3622 996 3676 et
1024 3622 1221 3676 tanto
1265 3630 1425 3675 cum
1462 3612 1744 3675 fervore
1775 3612 2344 3690 concubinarios,
2378 3619 2447 3673 et
2487 3629 2642 3690 eOS,
2685 3611 2803 3690 qui
2830 3611 3089 3674 mutuis
3130 3629 3209 3674 se

744 3719 925 3782 odiis
951 3720 1561 3799 prosequebantur
1583 3720 1699 3781 vel
1722 3717 1993 3798 injuriis
2018 3718 2251 3781 affecti
2272 3727 2497 3793 erant,
2526 3729 2646 3781 aut
2676 3718 2795 3797 qui
2816 3719 2997 3780 male
3015 3718 3209 3780 vive·

743 3827 945 3906 bant,
986 3844 1331 3890 revocare
1369 3825 1460 3888 ad
1511 3835 1774 3890 statum
1813 3826 2062 3889 salutis
2106 3826 2533 3904 nitebantur,
2577 3833 2654 3887 ut
2688 3825 2861 3888 nihil
2902 3826 2976 3888 in
3012 3824 3212 3888 India

740 3934 968 3997 simile
1006 3951 1319 4014 unquam
1363 3933 1597 3997 visum
1643 3934 1927 4011 fuisset3
1971 3934 2341 4012 catalogos
2393 3932 2607 3995 etiam
2657 3931 3069 3995 adferebant
3118 3933 3212 4001 ad

745 4042 819 4105 P.
855 4043 1249 4122 Gasparem
1287 4042 1684 4120 hominum,
1728 4042 1848 4121 qui
1888 4041 2294 4104 inimicitias
2336 4041 2801 4120 exercebant,
2841 4049 2912 4102 et
2951 4040 3070 4120 qui
3109 4040 3214 4102 vi-

743 4150 925 4229 ginti
955 4167 1040 4211 ac
1068 4149 1360 4229 triginta
1391 4166 1616 4211 annos
1659 4166 1700 4211 a
1736 4149 2204 4212 sacramentis
2249 4147 2769 4226 abstinuerant;
2818 4157 2889 4210 et
2930 4146 3217 4210 demum

747 4256 1202 4319 fundamenta
1231 4264 1495 4335 terrae,
1529 4256 1599 4318 id
1631 4265 1771 4335 est,
1805 4256 2107 4319 terrenis
2138 4254 2506 4318 affectibus
2551 4254 3066 4334 indulgentium
3095 4253 3210 4317 de·

750 4371 936 4426 tecta
967 4363 1268 4426 fuerunt.
1312 4363 1556 4443 Itaque
1595 4381 1636 4425 a
1676 4381 1883 4426 mane
1924 4379 2146 4442 usque
2186 4362 2277 4425 ad
2315 4371 2598 4425 noctem
2636 4361 2884 4425 Patres
2929 4359 3217 4441 Gaspar

747 4478 819 4533 et
866 4468 1172 4532 Morales
1215 4487 1375 4532 cum
1414 4468 1490 4530 P.
1532 4470 1751 4533 Paulo
1792 4488 1877 4533 ac
1916 4468 1990 4532 P.
2049 4468 2362 4532 Antonio
2412 4468 2571 4531 Vaz
2623 4477 2691 4531 et
2735 4469 2891 4532 aliis
2934 4468 3211 4548 quibus—

746 4575 914 4639 dam
942 4576 1278 4639 fratribus
1307 4594 1469 4639 cum
1498 4577 1644 4639 suis
1674 4576 2021 4655 catalogis
2060 4575 2269 4639 divisi
2312 4593 2437 4655 per
2481 4576 2798 4656 publicas
2837 4577 2995 4639 vias
3025 4576 3213 4639 ince-

753 4682 1034 4762 debant,
1060 4691 1136 4746 ut
1165 4683 1236 4746 in
1266 4683 1569 4747 diversis
1591 4683 1915 4746 domibus
1937 4683 2133 4745 viros
2165 4691 2234 4745 et
2262 4684 2591 4746 mulieres
2623 4683 2710 4746 ab
2742 4683 2923 4746 odiis
2952 4691 3022 4745 et
3051 4700 3212 4764 pec-
