3679 5414
1586 448 1714 506 ΑΝ.
1766 447 1900 508 1551
2877 444 3003 505 395

517 604 586 656 et
617 593 1013 657 devorandi
1041 603 1269 673 erant,
1296 605 1364 657 et
1392 594 1591 674 prius
1623 594 1779 657 illos
1809 594 2222 683 instruendo
2247 604 2596 674 quatenus
2627 609 2872 655 eorum
2899 590 2995 654 se·

490 680 718 764 ,rebat
748 701 1144 781 ingenium,
1179 719 1340 764 cum
1368 700 1577 764 fidem
1606 702 2095 781 admitterent,
2130 719 2253 765 eos
2282 700 2760 782 baptizabant.
2794 699 2995 762 Duos

517 818 755 872 tamen
785 825 875 870 ex
914 808 1057 886 his,
1104 807 1221 887 qui
1261 809 1451 889 capti
1483 818 1553 872 et
1580 810 1796 872 morti
1835 809 2174 872 destinati
2212 809 2657 887 tenebantur,
2705 806 3001 870 allocuti

518 924 682 993 sunt
710 932 878 984 num
903 916 1167 978 vellent
1197 916 1451 979 redimi
1480 935 1555 979 se
1586 926 1661 979 ut
1690 925 1993 979 mortem
2027 915 2443 993 evaderent;
2479 914 2998 995 responderunt

520 1013 620 1084 illi
656 1039 799 1085 non
849 1022 1233 1113 convenire
1284 1022 1539 1097 honori
1589 1023 1940 1103 ipsorum,
1994 1022 2118 1085 sed
2169 1023 2360 1086 illam
2408 1031 2710 1086 mortem
2763 1020 2998 1083 subire

523 1135 874 1209 oportere,
908 1140 984 1192 ut
1012 1129 1309 1192 decebat
1330 1130 1671 1209 egregios
1702 1129 1956 1207 duces;
2011 1147 2096 1192 ac
2139 1129 2435 1211 proinde
2465 1147 2554 1192 ne
2589 1146 2666 1191 se
2703 1127 2997 1191 redime·

521 1246 700 1300 rent.
735 1237 1075 1316 Magnum
1108 1238 1346 1317 itaque
1375 1236 1707 1300 daemoni
1738 1238 1809 1300 in
1851 1238 2153 1300 miseros
2198 1237 2372 1299 istos
2416 1236 2739 1300 homines
2780 1233 3002 1298 domi-

523 1344 715 1406 nium
741 1362 783 1407 a
806 1343 962 1406 Deo
990 1344 1440 1424 permittitur,
1471 1344 1589 1424 qui
1618 1353 1687 1407 et
1717 1362 2065 1425 apparere
2089 1344 2193 1407 eis
2224 1342 2602 1424 aliquando
2626 1342 3003 1405 visibiliter

524 1450 780 1514 dicitur
823 1460 891 1513 et
922 1469 1173 1531 aspere
1202 1451 1488 1514 eosdem
1516 1461 1870 1532 torquere.
1907 1452 2141 1515 Unum
2182 1461 2458 1515 tantum
2500 1451 2861 1513 hominem
2903 1448 3002 1511 in-

524 1559 719 1629 venit
763 1558 841 1622 P.
893 1558 1261 1621 Navarrus
1286 1558 1482 1622 ,inter
1525 1566 1626 1622 tot
1674 1559 2024 1631 barbaros
2063 1567 2300 1621 aetate
2338 1556 2719 1637 grandem,
2769 1555 2887 1636 qui
2930 1554 3004 1616 in

525 1666 929 1728 brasiliensi
957 1666 1203 1745 lingua
1233 1666 1545 1729 scribere
1577 1676 1882 1730 noverat
1901 1715 1916 1746 ,
1950 1675 2019 1729 et
2050 1666 2210 1729 aliis
2238 1665 2373 1729 Dei
2404 1664 2708 1729 dotibus·
2729 1661 3004 1742 praedi·

526 1784 639 1835 tus
668 1781 853 1851 erat;
887 1773 1052 1835 huic
1081 1789 1255 1852 ergo
1301 1773 1602 1837 dictavit
1643 1774 1715 1836 in
1755 1774 2092 1838 brasilica
2133 1773 2379 1853 lingua
2420 1773 2687 1853 aliquot
2728 1770 3006 1832 concio—

529 1897 656 1942 nes
682 1879 947 1943 veteris
977 1889 1047 1943 et
1076 1881 1248 1943 novi
1278 1881 1715 1957 testamenti,
1750 1881 1997 1945 decem
2025 1890 2441 1963 praecepta,
2483 1887 2785 1960 peccata
2825 1893 3009 1940 mor-

531 1988 722 2066 talia,
759 1996 827 2050 et
856 1987 1389 2051 misericordiae
1420 2006 1670 2068 opera,
1706 2006 1869 2051 cum
1900 1988 2221 2052 articulis
2250 1988 2449 2065 fidei;
2498 1996 2567 2049 et
2612 1987 2791 2050 haec
2822 2001 3007 2047 com-

532 2096 836 2158 moditas
865 2097 1161 2158 multum
1191 2095 1698 2159 consolationis
1727 2095 1803 2158 P.
1839 2095 2169 2158 Navarro
2200 2093 2413 2157 dedit.

654 2202 793 2265 465.
881 2202 1048 2265 Inde
1079 2203 1165 2265 ad
1198 2203 1445 2266 urbem
1473 2201 1871 2266 Salvatoris
1900 2220 1978 2266 se
2008 2203 2329 2280 contulit,
2363 2211 2434 2265 et
2465 2201 2732 2280 aliquot
2762 2200 3009 2264 diebus

533 2327 696 2373 cum
716 2309 793 2372 P.
821 2309 1154 2389 Nobrega
1183 2318 1689 2389 commoratuS,
1718 2328 1879 2373 cum
1909 2309 2160 2373 eodem
2188 2311 2399 2389 paulo
2429 2318 2592 2390 post
2621 2309 2711 2372 ad
2740 2325 3009 2389 pagum

534 2418 908 2498 quemdam
939 2418 1299 2492 transivit,
1333 2418 1484 2495 ubi,
1534 2434 1695 2479 cum
1732 2434 1861 2497 per
1908 2416 2367 2497 interpretem
2405 2416 2503 2479 illi
2544 2417 2805 2497 populo
2844 2434 3007 2480 con-

534 2525 801 2588 cionati
828 2533 1100 2604 essent,
1134 2533 1202 2586 et
1232 2523 1381 2605 ejus
1413 2541 1585 2588 cura
1616 2523 1691 2587 P.
1725 2523 2057 2588 Navarro
2103 2533 2290 2586 esset
2330 2524 2861 2603 commendata,
2909 2525 3008 2587 in·

528 2632 760 2715 junxit
793 2633 931 2696 illis
958 2641 1035 2695 ut
1066 2633 1349 2712 signum
1379 2632 1614 2695 crucis
1644 2631 1998 2710 facerent;
2043 2641 2112 2694 et
2152 2649 2314 2695 cum
2352 2629 2626 2694 videret
2665 2631 3012 2713 quasdam

533 2758 885 2822 gemmaS,
918 2757 1095 2819 quas
1127 2741 1196 2804 in
1226 2740 1444 2803 labris
1488 2740 1875 2820 portabant
1918 2749 1987 2803 et
2028 2741 2098 2802 in
2138 2739 2358 2819 facie,
2411 2740 2589 2802 dixit
2632 2740 2767 2803 illis
2805 2740 3012 2820 quasi

529 2847 695 2928 joco
730 2846 914 2928 quod
947 2847 1043 2910 illi
1074 2846 1292 2927 lapilli
1322 2846 1743 2927 impedirent
1780 2863 1871 2908 ne
1911 2847 2092 2909 bene
2137 2847 2344 2926 signo
2388 2847 2623 2911 crucis
2662 2864 2737 2911 se
2776 2848 3010 2927 signa·

536 2963 724 3029 rent;
758 2953 944 3036 quod
974 2970 1136 3016 cum
1165 2953 1264 3016 illi
1293 2953 1764 3032 audivissent,
1808 2962 1879 3016 et
1918 2953 2104 3017 serio
2145 2954 2285 3017 dici
2326 2964 2727 3034 putassent,
2770 2956 3013 3017 statim

536 3063 831 3126 eductas
860 3079 950 3123 ex
982 3078 1104 3124 ore
1134 3078 1454 3140 gemmas
1497 3061 1615 3124 vel
1653 3060 1932 3142 lapillos
1972 3062 2361 3142 pretiosoS,
2409 3080 2531 3125 eos
2577 3060 3009 3141 abjecerunt,

538 3169 750 3249 quod,
790 3177 867 3231 ut
908 3185 1124 3231 verae
1164 3168 1327 3231 fidei
1366 3168 1682 3247 signum,
1725 3167 2289 3233 aedificationem
2328 3171 2591 3232 nostris
2632 3168 3008 3249 praestitit.

540 3276 843 3356 Quidam
873 3275 1126 3338 deinde
1157 3292 1246 3338 ex
1276 3275 1654 3355 neophytis
1685 3275 1977 3338 domum
2007 3275 2443 3354 aedificavit,
2480 3276 2596 3338 ubi
2635 3276 2862 3338 nostri
2899 3293 3012 3338 ca·

538 3384 959 3447 techismum
990 3401 1112 3446 eos
1152 3383 1508 3446 docerent.
1552 3382 1658 3446 Ibi
1698 3392 1936 3446 autem
1979 3383 2267 3446 relictus
2305 3382 2438 3447 fuit
2480 3382 2702 3446 frater
2743 3391 3009 3460 noster,

540 3492 960 3555 Vincentius
987 3489 1421 3570 RodrigueZ,
1456 3500 1531 3553 ut
1572 3501 1641 3554 et
1684 3490 1944 3553 docere
1987 3509 2111 3553 eos
2157 3499 2226 3553 et
2268 3490 2339 3553 in
2379 3489 2608 3554 officio
2652 3489 3014 3553 continere

541 3608 892 3680 pergeret.

660 3705 801 3768 466.
889 3705 1048 3786 Ipso
1078 3705 1190 3768 die
1218 3703 1343 3768 Sti.
1380 3704 1748 3768 Michaelis
1794 3706 2259 3768 constitutum
2300 3714 2407 3768 est
2447 3713 2527 3767 ut
2567 3705 2661 3768 illi
2702 3703 3011 3784 baptiza·

539 3821 807 3892 rentur,
842 3812 994 3893 qui,
1030 3830 1191 3875 cum
1223 3811 1292 3874 id
1324 3820 1673 3893 optarent,
1706 3811 1941 3874 idonei
1984 3810 2441 3890 videbantur3
2489 3819 2559 3874 et
2603 3812 2777 3873 satis
2816 3809 3017 3873 multi

544 3921 907 4000 utriusque
937 3935 1152 3982 sexus
1190 3937 1278 3982 ex
1319 3937 1526 3982 sacro
1565 3917 1758 3981 fonte
1798 3919 2028 3982 renati
2068 3918 2382 3998 suerunt;
2431 3926 2499 3982 et
2545 3919 2835 3988 deerant
2866 3916 3018 3998 jam

539 4027 966 4091 Sanctorum
1007 4027 1315 4105 nomina,
1351 4043 1532 4107 quae
1576 4025 1749 4107 ipsis
1785 4025 2351 4106 imponerentur,
2387 4026 2475 4088 ab
2506 4025 2667 4090 aliis
2698 4025 3008 4089 diversa.

544 4136 732 4198 Inter
762 4135 936 4198 alios
962 4152 1184 4198 senex
1214 4134 1531 4215 quidam,
1567 4134 1688 4214 qui
1727 4142 2021 4197 sanctus
2053 4133 2142 4196 ab
2186 4134 2289 4196 eis
2328 4132 2757 4212 habebatur,
2790 4134 3015 4213 bapti·

544 4259 774 4305 smum
790 4243 1085 4323 accepit.
1107 4241 1271 4304 Fuit
1295 4250 1529 4306 autem
1550 4240 1915 4321 processio
1941 4241 2262 4304 instituta
2276 4241 2820 4321 neophytorum,
2837 4257 3019 4321 quos

546 4350 666 4413 filii
692 4367 987 4413 numero
1018 4349 1275 4428 viginti
1306 4349 1612 4429 quinque
1642 4347 2194 4429 praecedebant,
2229 4347 2349 4409 alii
2388 4348 2756 4427 utriusque
2800 4363 3019 4410 sexus

547 4457 1044 4538 sequebantur,
1098 4465 1169 4519 et
1216 4474 1306 4519 ex
1345 4455 1581 4536 pueris
1619 4473 1802 4519 unus
1842 4472 2130 4518 crucem
2172 4464 2484 4518 erectam
2528 4455 2897 4535 portabat,
2945 4464 3017 4518 et

547 4565 691 4628 alta
718 4582 898 4627 voce
921 4564 1154 4626 Pater
1183 4568 1430 4626 noster
1459 4573 1679 4643 usque
1703 4562 1794 4626 ad
1827 4562 2191 4626 civitatem
2213 4560 2609 4626 Salvatoris
2640 4562 3015 4643 canebant;

547 4690 729 4752 quae
760 4689 875 4734 res
907 4681 976 4733 et
1007 4670 1282 4734 civibus
1313 4686 1616 4748 magnae
1646 4669 2122 4733 aedificationi
2150 4668 2282 4748 fuit
2325 4679 2394 4732 et
2421 4669 2876 4744 brasilienses
2905 4668 3017 4732 fir-
