3679 5414
695 466 800 522 2221
1605 468 1858 528 Canos.
1902 470 2053 527 Soc.
2097 470 2236 542 Jsss.

698 611 934 673 scabie
962 614 1197 692 plen0,
1232 613 1371 693 qui,
1420 631 1581 676 cum
1632 615 1754 677 vix
1792 616 1977 679 lecto
2017 617 2260 695 egredi
2307 627 2573 697 posset,
2616 627 2685 681 et
2714 618 3006 684 haberet
3034 640 3150 685 ne-

698 719 978 794 minem,
1022 737 1064 781 a
1114 738 1251 800 quo
1296 723 1412 783 vel
1448 722 1797 785 tantillum
1837 724 2350 802 sublevaretur,
2394 724 2454 787 si
2497 742 2641 789 non
2679 728 2924 791 morbo
2968 729 3153 793 fame

696 837 886 890 certe
923 828 1278 907 periturus
1322 828 1723 908 videbatur;
1771 827 1980 908 hujus
2019 848 2192 910 ergo
2232 831 2329 894 illi
2368 831 2856 896 adolescentes
2906 852 3151 900 curam
3252 853 3260 861 ·

692 934 1149 1014 praecipuam
1199 946 1683 1014 susceperunt,
1727 945 1803 998 ut
1832 937 2140 1015 quotidie
2184 949 2522 1016 quantum
2574 939 2749 1002 satis
2799 951 3006 1019 esset,
3061 942 3152 1006 ad

696 1042 888 1104 illum
917 1040 1190 1104 deferre
1234 1043 1647 1106 niterentur.
1690 1043 1892 1106 Alios
1921 1045 2133 1126 etiam
2186 1062 2535 1126 pauperes
2576 1047 2649 1109 in
2687 1048 3001 1111 maxima
3030 1067 3150 1112 an·

692 1165 919 1210 nonae
950 1148 1247 1212 caritate
1277 1149 1528 1212 horum
1560 1149 1897 1229 Juvenum
1937 1153 2167 1231 pietas
2195 1153 2618 1216 sublevavit.
2661 1153 2820 1218 Non
2858 1155 3150 1220 deerant

691 1273 781 1317 ex
811 1255 919 1318 his
951 1256 1187 1334 aliqui,
1231 1256 1348 1336 qui
1378 1256 1468 1318 ad
1506 1255 1878 1320 Societatis
1919 1258 2316 1321 institutum
2355 1260 2833 1342 adspirarent;
2875 1262 3001 1325 sed
3029 1282 3148 1327 no-

690 1363 820 1424 stri
852 1363 922 1424 in
953 1362 1404 1425 admittendis
1443 1362 1531 1426 ad
1562 1365 2050 1443 probationem
2087 1365 2489 1429 hominibus
2529 1376 2807 1431 maturo
2853 1371 3147 1433 consilio

691 1486 773 1530 ac
808 1469 1083 1532 delectu
1112 1470 1445 1532 utendum
1477 1472 1887 1548 censebant;
1922 1490 2119 1552 spem
2148 1481 2409 1551 tamen,
2444 1474 2506 1535 si
2535 1485 3141 1556 perseverassent,

688 1593 831 1638 non
862 1576 1298 1640 amittebant.
2133 1635 2135 1638 ,

816 1682 949 1744 129.
1036 1683 1145 1746 De
1183 1684 1703 1748 confessionum
1729 1685 1964 1749 fructu
2004 1686 2138 1749 hoc
2176 1696 2450 1750 tantum
2489 1687 2754 1751 dicam:
2798 1688 2976 1752 inter
3018 1706 3144 1753 eos

691 1791 811 1868 qui
859 1791 1121 1853 nostris
1161 1791 1464 1854 confessi
1507 1801 1667 1855 sunt
1706 1792 1900 1856 fuere
1940 1794 2057 1872 qui
2100 1811 2228 1856 sex
2269 1795 2495 1873 anniS,
2540 1796 2653 1857 vel
2694 1796 2970 1875 decem,
3025 1798 3140 1859 vel

692 1896 966 1975 viginti,
1015 1899 1129 1959 vel
1169 1899 1461 1977 triginta
1500 1910 1567 1962 et
1607 1900 1910 1979 amplius
1961 1900 2267 1964 confessi
2307 1919 2453 1965 non
2493 1901 2793 1982 fuerant,
2836 1912 2905 1965 et
2948 1912 3147 1967 tanto

690 2003 922 2066 studio
954 2013 1028 2066 ut
1057 2004 1317 2068 nostris
1347 2005 1849 2070 confiterentur
1889 2007 2432 2086 con-tendebant,
2467 2018 2542 2072 ut
2573 2027 2732 2072 cum
2772 2010 2869 2071 illi
2899 2012 3144 2074 suade·

688 2121 844 2173 rent
888 2111 1111 2174 nostri
1139 2122 1212 2174 ut
1242 2112 1331 2174 ad
1363 2112 1541 2175 alios
1572 2131 1648 2176 se
1693 2114 2065 2195 religiosos
2107 2114 2533 2195 conferrent,
2576 2115 3144 2199 quandoquidem

686 2234 830 2280 non
859 2227 1137 2297 poterat
1176 2219 1498 2281 omnibus
1536 2218 1887 2296 satisfieri,
1935 2220 2456 2302 respondebant
2496 2222 2593 2284 illi
2632 2223 2866 2302 potius
2903 2241 2980 2286 se
3019 2235 3143 2303 per
3183 2301 3189 2310 ι

691 2325 1040 2404 integram
1068 2325 1582 2389 hebdomadam
1610 2344 1652 2389 a
1684 2345 1890 2391 mane
1920 2345 2141 2407 usque
2173 2328 2262 2391 ad
2290 2347 2664 2409 vesperam
2703 2340 3142 2411 exspectatu-

688 2448 831 2493 ros.
865 2431 952 2493 Et
990 2442 1066 2495 ut
1108 2433 1370 2511 aliquid
1419 2433 1781 2513 sigillatim
1820 2451 1911 2497 ex
1964 2434 2204 2498 multis
2254 2436 2753 2516 perstringam,
2798 2437 3142 2518 plurimae

690 2538 1003 2616 virgines
1043 2548 1185 2601 tam
1225 2539 1495 2603 nobiles
1533 2558 1741 2620 quam
1773 2542 2109 2621 plebeiae,
2154 2552 2418 2606 statum
2457 2543 2652 2605 illurn
2692 2544 3021 2624 puritatis
3062 2562 3138 2608 se

687 2644 1193 2707 observaturas
1221 2645 1375 2709 Deo
1407 2657 1780 2723 voverunt,
1815 2666 2114 2729 quarum
2145 2658 2292 2713 tam
2321 2650 2584 2713 multus
2623 2659 2776 2715 erat
2806 2668 3141 2716 numerus

686 2762 761 2814 ut
811 2762 1034 2815 totum
1090 2755 1627 2831 monasterium,
1687 2757 1745 2818 si
1802 2755 2196 2820 institutum
2247 2767 2464 2835 esset,
2526 2757 2816 2837 implere
2873 2770 3138 2838 posset,

684 2876 909 2938 neque
930 2860 1310 2939 quidquam
1343 2879 1465 2924 eas
1495 2863 1583 2924 ab
1613 2863 1939 2942 ingressu
1969 2863 2331 2943 religionis
2360 2864 2738 2943 detinebat,
2766 2865 2902 2928 nisi
2923 2867 3132 2945 quod,

683 2966 1005 3043 querelas
1026 2967 1434 3030 monialium
1458 2969 1845 3049 audienteS,
1865 2970 2239 3033 reformari
2254 2972 2704 3050 monasteria,
2726 2972 3137 3052 priusquam

682 3072 876 3151 ipsae
905 3074 1466 3153 ingrederentur,
1501 3076 1897 3155 cupiebant;
1933 3077 2002 3139 id
2031 3078 2246 3140 etiam
2275 3078 2456 3140 inter
2487 3088 2771 3140 caetera
2802 3080 3134 3143 movebat

683 3197 770 3242 ne
793 3181 1131 3244 coenobia
1156 3182 1713 3262 ingrederentur,
1740 3184 1906 3263 quia
1930 3185 2193 3248 nollent
2217 3184 2538 3266 impediri
2562 3202 2603 3247 a
2627 3185 2974 3265 frequenti
3005 3205 3138 3250 usu

685 3286 1146 3351 confessionis
1177 3298 1245 3352 et
1284 3290 1799 3353 communionis
1841 3309 1971 3354 nec
2016 3292 2104 3353 ab
2142 3292 2490 3354 audiendo
2533 3293 2750 3355 verbo
2791 3292 2958 3372 Dei;
3004 3294 3139 3357 hoc

683 3394 865 3456 enim
889 3397 1072 3459 lacte
1096 3396 1382 3477 spiritus
1405 3414 1649 3459 earum
1672 3397 1741 3459 in
1765 3399 2026 3477 templo
2050 3409 2292 3462 nostro
2316 3399 2777 3462 nutriebatur.
2805 3399 3135 3479 Progres-

684 3518 806 3563 sus
832 3502 1113 3565 interim
1142 3520 1284 3565 non
1322 3503 1618 3581 exiguos
1659 3505 1728 3565 in
1767 3506 1891 3567 via
1929 3504 2213 3567 Domini
2254 3505 2633 3585 faciebant,
2678 3515 2746 3569 et
2786 3496 3135 3586 quomodo

682 3608 962 3671 Christo
1004 3610 1396 3690 placerent,
1440 3611 1780 3674 sollicitae
1820 3621 2094 3675 tantum
2142 3623 2370 3675 erant.
2415 3612 2850 3691 Quibusdam
2890 3630 3137 3676 earum

682 3725 1011 3793 parentes
1059 3717 1573 3797 repugnabant,
1626 3718 1750 3781 sed
1780 3719 2120 3798 patientia
2165 3737 2250 3781 ac
2289 3737 2415 3798 spe
2461 3720 2533 3782 in
2578 3720 2858 3784 Christo
2902 3720 3134 3784 defixa

683 3810 917 3885 omnia
947 3824 1397 3903 superabant,
1431 3824 1615 3887 unde
1646 3834 1713 3888 et
1745 3841 1992 3888 earum
2018 3836 2283 3905 patreS,
2320 3844 2482 3889 cum
2509 3843 2634 3889 eas
2665 3844 2756 3889 ex
2786 3826 3134 3891 fructibus

683 3940 1219 4009 cognoscerent,
1245 3930 1430 4011 quod
1447 3931 1694 4011 spiritu
1709 3916 1844 3994 Dei
1859 3932 2304 4012 ducerentur,
2335 3942 2404 3994 et
2419 3933 2865 3996 laetabantur
2887 3943 2957 3996 et
2979 3933 3136 3997 Deo

680 4052 941 4098 vacare
979 4037 1508 4117 permittebant;
1550 4049 1619 4101 et
1650 4055 1896 4101 earum
1940 4040 2215 4119 aliquae
2245 4050 2516 4119 septem
2552 4041 2668 4103 vel
2717 4050 2878 4103 octo
2918 4042 3137 4104 horas

680 4143 982 4205 orationi
1018 4144 1168 4207 sine
1196 4146 1337 4207 ullo
1369 4157 1742 4225 parentum
1773 4146 2269 4224 impedimento
2304 4147 2725 4227 tribuebant,
2752 4145 3034 4227 jejuniis
3063 4158 3132 4211 et

679 4251 1000 4330 corporis
1030 4251 1480 4330 castigationi
1512 4251 1811 4315 deditae.

804 4355 935 4419 130.
1022 4357 1301 4420 Viduae
1330 4358 1543 4420 etiam
1569 4359 2073 4422 continentiam
2097 4358 2250 4421 Deo
2265 4360 2650 4436 vovebant,
2684 4369 2752 4423 et
2781 4360 2855 4422 in
2877 4362 3132 4423 oratio-

677 4465 883 4526 nibus
911 4474 979 4526 ct
1030 4464 1642 4527 observationibus
1690 4463 1845 4527 Deo
1882 4466 2165 4528 assidue
2203 4466 2637 4546 serviebant;
2679 4467 3129 4530 matrimonio

676 4570 887 4633 etiam
931 4568 1217 4649 junctae
1268 4571 1399 4633 sibi
1448 4572 1536 4633 ab
1585 4571 2021 4634 ornamentis
2070 4572 2442 4653 superfiuis
2493 4573 3132 4654 temperabant,1et

675 4688 820 4739 tarn
858 4676 1063 4738 avide
1103 4675 1238 4738 Dei
1274 4678 1569 4739 verbum
1621 4677 1998 4767 audiebant
2036 4688 2111 4740 ut
2149 4680 2499 4758 quaedam
2548 4696 2846 4760 vespere
2885 4691 3006 4743 aut
3044 4698 3133 4744 eo
