3679 5414
1620 471 1747 530 ΑΝ.
1801 472 1941 533 1552
2904 475 3014 535 543

660 611 801 677 308.
891 614 1234 679 Curatum
1261 624 1370 680 est
1399 616 1773 680 Messanae
1803 625 1880 679 ut
1909 619 2376 697 congregatio
2408 619 2757 699 quaedam
2800 636 3003 699 coge·

529 730 735 785 retur
762 721 1146 800 hominum,
1182 724 1301 804 qui
1331 725 1563 804 operis
1586 725 2069 804 orphanorum
2093 742 2339 789 curam
2360 736 2712 804 gererent,
2740 737 2808 790 et
2833 727 3007 792 inita

531 837 644 891 est
674 829 857 892 ratio
887 831 1263 910 pecuniam
1293 831 1652 894 obtinendi
1682 831 1773 895 ad
1802 829 1955 910 ejus
1984 831 2439 897 dotationem.

657 935 798 998 309.
886 936 1044 999 Non
1073 937 1347 1014 taceb0,
1382 947 1764 1018 antequam
1793 956 1836 1001 a
1866 938 2077 1002 rebus
2115 940 2686 1003 messanensibus
2724 959 2836 1004 me
2881 959 2998 1005 ex-

530 1036 855 1122 pediam,
903 1045 1089 1124 quod
1126 1045 1310 1108 inter
1347 1063 1470 1108 eos
1508 1045 1627 1127 qui
1662 1046 2094 1126 poenitentia
2142 1047 2334 1110 ducti
2372 1056 2667 1128 peccata
2708 1047 3004 1112 detesta-

538 1149 822 1228 bantur,
858 1149 1147 1230 quidam
1176 1151 1307 1215 fuit
1335 1153 1454 1232 qui
1482 1170 1611 1233 per
1638 1162 2087 1217 contractum
2117 1154 2472 1234 publicum
2502 1155 2785 1217 notario
2815 1164 2886 1219 et
2912 1163 3006 1219 te·

528 1257 763 1320 stibus
792 1257 1123 1321 adhibitis
1159 1267 1309 1321 tam
1347 1260 1537 1322 serio
1577 1277 1654 1323 se
1699 1260 2168 1324 concubinam
2210 1261 2620 1324 relicturum
2658 1262 3001 1341 promisit,

529 1372 636 1442 ut,
667 1363 727 1425 si
748 1381 1063 1444 unquam
1084 1367 1174 1429 ad
1198 1382 1354 1428 eam
1376 1366 1724 1445 rediisset,
1752 1384 1829 1429 se
1854 1368 2086 1446 ipsum
2108 1365 2198 1430 ad
2236 1368 2561 1430 triremes
2594 1368 2999 1431 damnabat.

656 1469 797 1533 310.
886 1470 1091 1535 Mons
1122 1473 1235 1536 ille
1264 1474 1570 1553 pietatiS,
1605 1474 1678 1536 in
1707 1491 1846 1554 quo
1890 1474 2309 1537 stabiliendo
2350 1476 2649 1539 multum
2689 1476 3003 1539 elabora·

531 1577 659 1640 -bat
699 1577 772 1641 P.
817 1576 1124 1659 NataliS‚
1169 1579 1457 1643 tandem
1495 1581 1569 1643 in
1610 1590 1948 1644 autumno
1988 1580 2365 1644 inchoatus
2407 1591 2545 1660 est,
2590 1600 2680 1644 ex
2734 1599 2873 1662 quo
2913 1582 3005 1646 ad

527 1700 924 1764 pauperum
974 1687 1538 1750 sublevationem
1584 1704 1888 1767 magnus
1938 1686 2211 1750 fructus
2240 1689 2511 1752 .merito
2557 1689 3000 1769 sperabatur.
3078 1756 3085 1764 ,

535 1790 835 1872 Aliquae
866 1793 1080 1856 etiam
1100 1795 1399 1874 puellae,
1424 1811 1775 1874 pauperes
1798 1803 1868 1857 et
1889 1795 2303 1874 parentibus
2327 1795 2731 1874 destitutae,
2759 1794 2833 1858 P.
2863 1795 3000 1859 Na-

535 1897 698 1960 talis
728 1916 945 1980 opera
981 1901 1052 1963 in
1083 1901 1537 1964 matrimonio
1572 1902 1964 1964 collocatae
1995 1899 2298 1964 fuerunt.

655 2004 796 2068 311.
883 2006 992 2069 De
1022 2006 1272 2070 studiis
1301 2016 1708 2071 nostrorum
1730 2009 1867 2071 hoc
1890 2008 2104 2071 etiam
2128 2006 2408 2086 addam,
2435 2009 2643 2088 quod,
2674 2025 2837 2071 cum
2859 2025 3002 2072 non

533 2111 825 2175 haberet
873 2114 1230 2178 auditores
1279 2116 1768 2196 philosophiae
1816 2114 2208 2196 professor,
2263 2114 2470 2177 lectio
2509 2114 2998 2196 philosophica

534 2235 830 2299 prorsus
862 2222 1126 2285 omissa
1156 2231 1285 2301 est;
1317 2223 1528 2286 lectio
1568 2221 1877 2286 hebraea
1918 2231 2194 2284 tantum
2234 2240 2277 2284 a
2316 2221 2724 2286 domesticis
2767 2222 2999 2286 audie·

529 2324 763 2405 batur;
799 2328 1156 2392 rhetorica
1184 2347 1357 2394 vero
1389 2331 1596 2393 lectio
1618 2338 1901 2410 praeter
1924 2338 2232 2407 nostrOS,
2261 2337 2561 2409 quatuor
2586 2337 2859 2393 tanturn
2884 2348 3000 2394 ex·

532 2442 777 2497 ternos
827 2436 1160 2515 habebat;
1211 2454 1373 2500 cum
1423 2447 1662 2500 tamen
1702 2437 1774 2500 in
1813 2435 2263 2500 inferioribus
2303 2436 2650 2499 classibus
2688 2436 2836 2500 fere
2876 2437 2995 2504 du.-
3062 2434 3070 2441 ’

525 2542 720 2604 centi
749 2544 1205 2622 septuaginta
1233 2544 1640 2607 scholastici
1671 2552 1927 2607 essent.
1963 2542 2202 2606 Nostri
2233 2551 2494 2616 tamen,
2527 2543 2645 2623 qui
2676 2543 2748 2606 in
2779 2544 2997 2607 Colle-

519 2649 654 2729 -gio
687 2656 756 2712 et
786 2650 993 2714 domo
1023 2651 1463 2731 probationis
1500 2651 2003 2730 versabantur,
2039 2648 2114 2713 P.
2150 2648 2484 2713 Annibali
2526 2661 2829 2714 messem
2856 2669 2996 2715 non

533 2758 1035 2836 poenitendam
1063 2760 1519 2839 praebebant.
1553 2759 1710 2821 Hoc
1739 2769 1978 2822 autem
2007 2775 2194 2820 anno
2223 2757 2552 2821 undecim
2573 2774 2664 2821 ex
2685 2759 2996 2837 novitiiS,

532 2881 731 2927 more
771 2865 1357 2929 scholasticorum
1395 2865 1808 2945 Societatis,
1858 2865 2201 2928 talaribus
2239 2864 2425 2942 togis
2475 2866 2577 2928 uti
2617 2875 3000 2945 coeperunt

519 2987 695 3034 cum
723 2989 987 3052 magna
1017 2973 1231 3036 totius
1261 2973 1457 3036 urbis
1489 2990 1573 3035 ac
1605 2981 1979 3053 parentum
2009 2970 2411 3052 praecipue,
2447 2972 2661 3034 immo
2686 2981 2754 3034 et
2779 2973 2999 3051 ipsius

532 3076 915 3159 Pro-regiS,
951 3080 1455 3159 satisfactione,
1492 3081 1608 3161 qui
1642 3098 1801 3143 cum
1839 3096 2070 3143 novas
2109 3080 2269 3142 illas
2307 3080 2593 3157 plantas
2636 3096 2832 3142 more
2877 3077 2998 3141 So-

526 3187 810 3250 cietatis
839 3170 1125 3251 indutas
1153 3188 1483 3266 vidisset,
1518 3205 1663 3251 non
1694 3204 1953 3267 pamm
1982 3186 2219 3268 animo
2260 3193 2625 3248 recreatus
2664 3195 2793 3248 est.
2837 3184 2998 3266 Jam

517 3309 687 3355 esse
737 3294 918 3356 inter
966 3276 1277 3357 novitios
1329 3295 1637 3358 desierat
1687 3293 2039 3357 Dominus
2088 3291 2579 3355 Ferdinandus
2630 3292 2715 3354 de
2760 3292 2993 3372 Vega,

422 3384 430 3393 ’
524 3398 885 3480 Pro-regis
913 3419 1155 3482 nepos,
1190 3403 1330 3483 qui,
1363 3419 1523 3466 cum
1553 3402 1641 3464 ad
1673 3400 2102 3465 Societatem
2142 3416 2218 3463 se
2257 3399 2625 3479 adspirare
2665 3399 2863 3479 prius
2905 3401 2992 3463 si-

514 3506 957 3587 gnificasset,
993 3518 1063 3572 et
1093 3509 1274 3571 inter
1305 3510 1617 3572 novitios
1647 3526 1723 3571 se
1754 3507 2113 3570 numerari
2152 3505 2600 3584 obtinuisset,
2644 3506 2990 3569 nihilomi—

525 3631 661 3677 nus
690 3616 803 3677 vel
835 3616 1001 3679 illud
1044 3616 1482 3698 propositum
1523 3616 1742 3679 animi
1780 3632 2029 3677 verum
2068 3631 2211 3676 non
2252 3613 2467 3675 fuisse
2509 3613 2992 3676 existimatum

517 3729 657 3800 est,
691 3723 803 3785 vel
835 3725 1087 3786 saltem
1114 3723 1366 3787 leviter
1395 3723 1485 3786 ab
1514 3741 1598 3786 eo
1629 3722 2121 3786 Ferdinandus
2150 3720 2444 3782 recessit
2475 3729 2544 3782 et
2575 3720 2664 3783 ad
2695 3720 2989 3799 curiam,

515 3845 742 3907 *aegre
773 3831 1151 3894 admodum
1174 3831 1244 3894 id
1265 3830 1535 3894 serente
1558 3829 1868 3893 Domina
1891 3828 2191 3892 Isabella
2231 3827 2317 3889 de
2351 3826 2588 3906 Vega,
2631 3825 2995 3906 Pro-regis

524 3934 690 4015 filia,
726 3937 954 4001 rediit.
2168 3942 2179 3953 '

639 4043 780 4107 312.
870 4044 1072 4123 Quod
1101 4054 1338 4109 autem
1367 4045 1454 4108 de
1485 4046 1723 4108 multis
1751 4043 2060 4107 obsessis
2091 4060 2134 4105 a
2164 4042 2509 4105 daemone
2539 4041 2863 4126 superius
2889 4041 2986 4103 fa—

511 4160 642 4213 cta
671 4152 759 4214 sit
797 4153 1090 4230 menti0,
1134 4153 1365 4216 minus
1405 4152 1805 4226 mirandum
1843 4150 2131 4213 Rectori
2169 4148 2466 4226 Collegii
2507 4147 2992 4211 Messanensis

519 4258 914 4338 videbatur,
949 4277 1107 4322 cum
1137 4259 1467 4323 Messana
1499 4260 1571 4323 in
1599 4260 1808 4338 valle,
1843 4258 1960 4320 cui
1992 4258 2339 4320 daemona
2367 4272 2658 4333 nomen,
2694 4255 2833 4317 sita
2865 4256 2981 4333 sit,

520 4383 652 4428 nec
681 4370 930 4447 procul
968 4368 1057 4429 ab
1097 4368 1331 4446 aliquo
1374 4385 1496 4430 ore
1534 4366 1823 4445 inferni,
1868 4373 2078 4447 prout
2118 4362 2544 4427 Sanctorum
2585 4362 2799 4442 aliqui
2845 4380 2985 4425 ma·

506 4488 703 4552 gnae
734 4474 1179 4537 auctoritatis
1210 4483 1687 4552 asseruerunt;
1721 4490 1853 4536 nec
1883 4470 2284 4535 mirandum
2313 4469 2528 4532 etiam
2574 4468 2633 4531 si
2665 4470 2988 4532 tentatio-

508 4591 645 4642 nes
685 4581 779 4643 ibi
816 4597 1080 4660 graves
1118 4581 1444 4660 vigerent
1481 4581 1720 4660 potius
1760 4595 1975 4659 quam
2016 4577 2179 4641 alibi
2224 4578 2668 4656 importunae
2710 4593 2797 4639 ac
2840 4577 2987 4641 vio-

519 4686 782 4751 lentae.
