3679 5414
1584 469 1719 549 ANK
1757 492 1897 549 1550
2689 540 2694 543 ,
2875 459 2982 550 109

504 637 817 723 Alyarez
848 637 1155 700 adversa
1188 637 1592 699 valetudine
1633 636 1961 699 laborare
2010 638 2448 716 incoeperat;
2499 638 2654 700 ideo
2699 638 2976 700 concio-

460 768 474 777 ·
504 708 687 807 naff
704 763 847 807 non
882 746 1132 825 potuit.
1176 743 1515 824 Sequenti
1562 744 1697 823 die,
1752 737 1915 806 cum
1959 742 2034 805 P.
2082 745 2402 823 Baptista
2447 745 2537 807 ad
2584 745 2977 807 custodiam

506 852 864 931 publicam
893 869 968 913 se
1000 852 1414 914 contulisset
1443 860 1512 912 et
1542 862 1828 913 sacrum
1860 850 2317 928 celebrasset,
2357 852 2456 914 ibi
2485 852 2785 914 detentis
2815 869 2972 913 con·

506 961 834 1022 cionatus
864 969 991 1037 est,
1027 969 1095 1021 et
1127 959 1384 1021 mirum
1416 959 1488 1019 in
1517 958 1806 1020 modum
1837 957 2197 1020 auditores
2227 958 2634 1036 commovit,
2669 959 2790 1037 qui
2834 977 2978 1021 ma·
3077 1026 3082 1030 ,

504 1067 670 1145 gnis
699 1066 1030 1145 precibus
1059 1076 1135 1128 ut
1165 1065 1255 1127 ad
1300 1083 1375 1127 se
1417 1064 1894 1126 consolandos
1936 1081 2148 1144 saepe
2186 1065 2462 1126 veniret
2501 1066 2864 1144 petebant,
2908 1075 2977 1128 et

504 1175 918 1254 pecuniam,
952 1173 1012 1234 si
1042 1189 1200 1235 eam
1230 1172 1602 1259 admittere
1630 1172 1875 1249 vellet,
1925 1171 2336 1233 offerebant.
2385 1171 2564 1234 Cum
2606 1182 2843 1235 autem
2880 1175 2974 1236 la-

506 1282 649 1343 tius
678 1281 904 1342 bonus
935 1279 1110 1343 odor
1139 1287 1382 1359 patere
1423 1279 1795 1358 coepisset,
1841 1288 2184 1340 evocatus
2222 1287 2328 1340 est
2367 1278 2440 1341 P.
2486 1279 2977 1342 Ferdinandus

509 1388 821 1450 Alvarez
851 1374 964 1449 de'l
993 1385 1255 1465 Aguila
1287 1403 1329 1447 a
1363 1385 1671 1465 quodam
1716 1385 2149 1447 monasterio
2181 1386 2677 1465 religiosarum
2706 1386 2976 1463 (mura—

506 1498 626 1557 ta's
655 1495 941 1571 vocant)
972 1491 1098 1555 Sti.
1134 1493 1398 1572 Egidii,
1432 1503 1509 1555 ut
1537 1500 1855 1554 veterem
1887 1490 2266 1571 quamdam
2291 1494 2474 1555 inter
2499 1494 2691 1571 ipsas
2714 1493 2978 1555 dissen-

508 1583 1241 1679 sionem⁸extinguere
1291 1600 1656 1662 niteretur.
1705 1597 1904 1661 Adiit
1958 1600 2071 1661 ille
2122 1609 2190 1661 et
2239 1610 2618 1680 postquam
2667 1601 2979 1662 omnium

508 1708 826 1771 audisset
870 1705 1386 1784 confessioneS,
1432 1706 1521 1768 ad
1562 1706 2019 1768 concordiam
2061 1707 2458 1768 animorum
2498 1708 2679 1769 inter
2730 1724 2806 1769 se
2856 1724 2985 1769 eas

506 1814 803 1878 adduxit
830 1833 913 1876 ac
937 1813 1275 1893 pacificas
1298 1813 1599 1892 reliquit.
1630 1812 1827 1874 Tunc
1851 1810 2202 1875 Sacerdos
2233 1813 2553 1892 quidam,
2594 1815 2709 1876 illo
2745 1814 2814 1875 in
2839 1831 2982 1876 mo-

507 1922 820 1984 nasterio
871 1930 1111 1996 notuS,
1169 1919 1453 1982 Patrem
1508 1919 2039 1982 Ferdinandum
2081 1920 2450 2000 iracundia
2491 1922 2740 2000 plenus
2779 1920 2977 1982 ador-

505 2040 620 2091 tus
650 2037 786 2106 est,
820 2036 890 2089 et
920 2028 1371 2106 expostulare
1401 2026 1666 2105 coepit,
1702 2026 1890 2105 quod
1922 2026 2020 2088 illi
2064 2027 2353 2104 negotio
2398 2022 2856 2101 concordiae,
2883 2042 2978 2089 se

513 2136 942 2210 inconsultO,
999 2151 1200 2196 suam
1252 2150 1544 2213 operam
1602 2133 2094 2212 impendisset;
2148 2152 2356 2212 quem
2414 2152 2575 2196 cum
2631 2134 2977 2213 patienter

506 2240 897 2304 audivisset
918 2240 1430 2317 Ferdinandus,
1457 2255 1692 2317 genua
1716 2249 1881 2302 ante
1908 2241 2093 2302 illius
2116 2240 2331 2319 pedes
2354 2241 2663 2320 flectens,
2690 2241 2978 2302 veniam'

508 2349 600 2410 ab
630 2367 715 2411 eo
745 2348 969 2428 petiit;
1003 2364 1141 2426 qua
1172 2345 1257 2408 de
1287 2364 1364 2408 re
1395 2346 1655 2407 mirum
1695 2346 1767 2407 in
1807 2346 2095 2408 modum
2134 2348 2474 2410 attonitus
2518 2356 2601 2409 a'c
2643 2346 2975 2410 confusus

513 2456 627 2518 ille
657 2453 808 2517 fuit.
2031 2540 2034 2541 V

629 2561 770 2623 260.
858 2560 1130 2623 Relicto
1182 2562 1395 2639 igitur
1444 2563 1706 2641 Burgis
1764 2562 1954 2641 apud
2013 2561 2389 2641 quemdam
2446 2563 2793 2640 amicum,
2855 2563 2977 2641 qui

510 2685 850 2749 magnam
879 2669 1391 2731 humanitatem
1431 2669 1494 2733 ei
1534 2669 1946 2746 exhibebat,
1980 2668 2325 2747 Magistro
2353 2668 2625 2751 Joanne
2666 2667 2975 2731 Alvarez

511 2786 960 2856 aegrotante,
1007 2777 1440 2839 existimavit
1490 2776 1764 2840 Doctor
1815 2776 2075 2839 Torres
2128 2775 2460 2856 expedire
2504 2786 2580 2838 ut
2628 2760 2800 2854 tres,
2856 2777 2975 2855 qui

509 2885 667 2947 sani
697 2893 930 2962 erant,
977 2883 1157 2961 ipse,
1208 2884 1508 2961 scilicet,
1554 2901 1715 2946 cum
1765 2883 1842 2946 P.
1891 2883 2212 2963 Baptista
2252 2901 2337 2946 ac
2376 2883 2451 2945 P.
2496 2875 2972 2966 Ferdinando,

508 3009 636 3072 per
666 2991 875 3053 varia-
898 2991 1370 3070 Episcopatus
1397 2991 1559 3053 loca
1604 3008 1679 3053 se
1721 2989 2143 3053 conferrent.
2193 2992 2347 3070 Ipse
2391 3000 2627 3053 autem
2671 3000 2977 3053 tractum

510 3098 884 3179 quemdam
915 3097 1066 3177 ejus
1094 3096 1469 3175 dioecesiS,
1510 3115 1717 3177 quem
1756 3097 2063 3176 quinque
2099 3097 2526 3176 oppidorum
2570 3107 2864 3172 vocant,
2908 3107 2977 3158 et

510 3208 768 3268 vallem
806 3205 892 3266 de
933 3203 1256 3277 Aschalz’,
1294 3204 1432 3266 sibi
1476 3205 1756 3282 selegit;
1800 3214 1869 3266 et
1918 3205 1989 3267 in
2032 3213 2332 3284 quatuor
2380 3223 2467 3266 ex
2512 3205 2621 3266 his
2673 3204 2970 3284 oppidiS,

510 3313 630 3375 ubi
653 3311 1213 3391 juramentorum
1240 3310 1503 3373 abusus
1526 3311 1828 3389 insignis
1852 3320 2026 3391 erat,
2057 3310 2713 3373 confraternitatem
2736 3328 2972 3390 quam—

511 3419 689 3514 dam·
719 3418 1051 3496 instituit,
1090 3418 1161 3479 in
1201 3434 1412 3497 quam
1453 3435 1699 3479 omnes
1738 3418 2076 3497 oppidani
2113 3418 2400 3480 nomina
2439 3435 2569 3480 sua
2608 3417 2970 3492 dederunt,

518 3536 588 3588 et
618 3534 960 3588 caverunt
989 3541 1078 3586 ne
1102 3525 1260 3603 quis
1283 3522 1522 3603 jurare
1545 3534 1784 3604 posset
1815 3526 1946 3587 sub
1972 3534 2167 3587 certa
2192 3525 2497 3603 quadam
2521 3542 2748 3604 poena
2773 3542 2978 3603 pecu·

512 3634 744 3696 niaria
775 3633 847 3694 in
876 3649 1092 3711 opera
1122 3632 1410 3711 pietatis
1442 3649 1571 3711 pro
1604 3631 2231 3710 confraternitatis,
2266 3650 2447 3712 quae
2474 3633 2781 3695 nominis
2809 3629 2976 3713 Jesu

513 3741 909 3816 dicebatur,
953 3739 1278 3815 arbitrio;
1335 3748 1403 3801 et
1448 3740 1509 3801 si
1550 3741 1708 3819 quis
1746 3757 1889 3802 non
1930 3749 2336 3803 accusasset
2376 3758 2582 3820 quern
2622 3738 2977 3819 jurantem

515 3847 848 3925 audisset,
885 3845 975 3908 ad
1006 3843 1327 3907 eamdem
1357 3863 1663 3925 poenam
1694 3847 2086 3908 tenebatur.
2133 3846 2310 3909 Cum
2351 3856 2585 3909 autem
2625 3846 2973 3922 rediisset,

511 3955 672 4018 aliis
700 3953 875 4016 locis
904 3952 1234 4030 visitatiS‚
1269 3952 1359 4014 ad
1392 3953 1567 4015 haec
1599 3953 1860 4032 oppida
1887 3953 2071 4015 idem
2094 3952 2168 4015 Ρ.
2204 3952 2613 4031 TorrensiS,
2641 3969 2977 4032 magnam

515 4064 586 4125 in
618 4062 735 4123 illo
766 4060 989 4122 abusu
1014 4058 1580 4121 emendationem
1603 4059 1892 4122 invenit.
1923 4058 2292 4122 Profectus
2315 4057 2546 4122 fuerat
2567 4058 2647 4120 22
2667 4058 2973 4139 Septem·

509 4170 657 4231 bris
688 4168 944 4246 Burgis
972 4166 1098 4228 Dr.
1133 4165 1425 4244 TorreS,
1460 4164 1791 4245 adjuncto
1833 4167 1969 4229 sibi
2007 4166 2081 4228 P.
2128 4166 2609 4245 Ferdinando,
2656 4177 2724 4229 et
2763 4183 2979 4246 saepe

510 4275 974 4338 concionatus
1013 4255 1148 4352 est,
1193 4282 1475 4350 praeter
1515 4274 2050 4336 exhortationes
2082 4275 2581 4353 particulares,
2617 4291 2793 4354 quas
2821 4291 2973 4353 per-

513 4384 772 4446 multas
811 4380 1085 4456 habuit3
1128 4388 1198 4440 et
1234 4379 1417 4441 inter
1457 4380 1734 4459 aliquos
1785 4398 2038 4459 pacem
2090 4382 2531 4459 conciliavit,
2574 4389 2644 4443 et
2681 4382 2977 4444 multum

512 4487 1027 4553 aedificationis
1076 4486 1147 4547 in
1199 4485 1478 4563 populis
1531 4486 1667 4549 illis
1716 4486 1866 4566 ejus
1924 4488 2116 4549 zelus
2173 4496 2240 4550 et
2296 4489 2611 4551 charitas
2668 4488 2970 4567 reliquit.

513 4598 742 4676 Quam
792 4603 1028 4657 autem
1077 4600 1264 4653 esset
1315 4594 1723 4656 necessaria
1775 4594 2091 4656 visitatio
2156 4612 2270 4656 res
2321 4596 2476 4675 ipsa
2526 4595 2799 4674 docuiv,
2850 4597 2985 4659 sed·

515 4714 752 4768 tamen
784 4716 1119 4779 magnam
1159 4696 1418 4761 samem
1459 4702 1664 4763 verbi
1704 4700 1839 4764 Dei
1882 4703 2020 4764 illis
2059 4702 2129 4764 in
2165 4703 2342 4764 locis
2372 4703 2860 4783 deprehendit,
2895 4713 2975 4765 ‘et
