3679 5414
1609 471 1737 530 ΑΝ.
1783 469 1925 530 1550
1997 504 2005 508 -
2932 473 2999 529 15

527 616 801 695 antiqui
830 615 1079 678 Patres
1107 616 1554 697 superstites,
1590 615 1758 697 quia
1788 616 2013 679 variis
2043 616 2114 678 in
2154 616 2564 695 regionibus
2596 626 2665 680 et
2698 633 2996 697 occupa-

529 721 838 785 tionibus
866 721 1403 802 distinebantur,
1437 732 1509 786 et
1532 723 1798 803 alioqui
1825 724 2025 786 vices
2049 741 2220 786 suas
2243 722 2440 786 Patri
2461 723 2738 802 Ignatio
2762 724 2854 787 ad
2876 742 3001 788 eas

530 828 1006 892 conficiendas
1041 828 1191 909 J'am
1244 830 1778 909 commiserant,
1824 840 1902 893 ut
1944 847 2034 893 ex
2076 848 2321 894 eorum
2368 831 3000 911 subscriptionibus

530 945 831 999 constat.
858 936 1102 1016 Itaque
1131 954 1264 999 nec
1295 935 1369 999 P.
1406 936 1775 1014 ClaudiuS,
1809 954 1942 1000 nec
1971 936 2047 1000 Ρ.
2086 937 2495 1017 Alphonsus
2519 936 2888 1002 Salmeron
2910 958 3000 1002 ex

532 1041 914 1105 Germania
931 1052 1099 1106 tunc
1122 1044 1359 1106 vocati
1384 1042 1699 1123 fuerunt,
1736 1062 1868 1107 nec
1908 1043 1984 1106 P.
2025 1043 2453 1107 Paschasius
2483 1045 2833 1124 Bononia,
2869 1063 2999 1108 nec

532 1147 991 1213 P.Bobadilla
1020 1168 1110 1213 ex
1143 1148 1494 1214 Calabria.
1534 1150 1610 1213 Ρ.
1659 1150 1901 1215 Simon
1946 1169 2036 1213 ex
2067 1150 2509 1229 Portugallia
2537 1169 2680 1214 non
2710 1153 2847 1215 hoc
2875 1152 2998 1215 sed

528 1257 850 1337 sequenti
891 1274 1076 1320 anno
1119 1257 1474 1337 pervenit,
1525 1266 1595 1320 et
1639 1268 1786 1321 tam
1829 1258 1945 1320 ille
1989 1274 2203 1337 quam
2248 1257 2366 1321 alii
2408 1259 2770 1337 absenteS‚
2820 1259 3002 1322 sicut

527 1372 596 1426 et
618 1373 1031 1443 praesentes
1062 1365 1201 1443 alii,
1236 1381 1401 1427 cum
1429 1381 1554 1427 eas
1598 1363 1972 1442 vidissent,
2009 1365 2516 1445 probaverunt.

648 1469 747 1533 26.
836 1470 1299 1551 Cogitaverat
1351 1471 1427 1533 Ρ.
1483 1471 1834 1552 IgnatiuS,
1884 1488 2044 1535 cum
2081 1471 2486 1535 valetudine
2525 1473 2700 1536 satis
2739 1473 3000 1536 afflicta

529 1587 748 1657 esset,
782 1577 1152 1641 Generalis
1182 1579 1578 1658 Praepositi
1609 1579 1837 1642 officio
1880 1596 1956 1641 se
1996 1578 2361 1658 abdicare,
2406 1589 2475 1643 et
2505 1579 2686 1643 inter
2718 1589 3000 1644 caetera

532 1684 602 1747 id
631 1683 957 1747 fortassis
986 1703 1148 1748 eum
1175 1694 1629 1766 permoverat
1659 1696 1736 1749 ut
1765 1686 2146 1767 primarios
2177 1684 2555 1750 Societatis
2595 1686 2841 1750 Patres
2867 1686 3000 1751 Ro·

531 1808 721 1854 mam
751 1801 1064 1855 vocaret.
1111 1791 1583 1872 Congregatis
1624 1809 1797 1872 ergo
1839 1793 2198 1870 omnibuS,
2242 1793 2363 1873 qui
2400 1793 2591 1855 domi
2631 1802 2864 1872 erant,
2898 1794 3001 1857 lit-

470 1917 478 1926 ·
533 1909 724 1961 teras
773 1915 989 1961 manu
1040 1899 1345 1979 scriptas
1386 1898 1476 1961 ad
1515 1917 1638 1962 eos
1683 1899 1906 1978 misit,
1952 1899 2206 1980 quibus
2256 1900 2559 1979 rogabat
2597 1910 2672 1969 ut
2712 1900 2891 1963 alius
2929 1900 3002 1963 in

533 2004 1022 2085 Praepositum
1053 2007 1452 2086 eligeretur,
1489 2016 1558 2070 et
1590 2006 1742 2086 ipse
1776 2006 2193 2086 simpliciter
2221 2015 2290 2069 et
2320 2007 2642 2070 absolute
2671 2024 2748 2069 se
2778 2006 3001 2070 Gene-

532 2112 702 2175 ralis
732 2112 958 2175 officio
989 2113 1371 2192 abdicavit,
1405 2122 1474 2176 et
1507 2122 1582 2176 ut
1613 2112 1919 2194 professi
1951 2130 2430 2194 quoscumque
2459 2115 2753 2191 vellent,
2788 2114 3003 2176 etiam

528 2237 673 2282 non
701 2219 1094 2299 profeSSOS,
1129 2220 1219 2282 ad
1250 2220 1838 2283 consultationem
1881 2220 2296 2283 adhiberent
2334 2221 2682 2301 permisit3
2717 2220 2905 2301 quod
2935 2222 2995 2283 si

528 2326 814 2388 minime
843 2325 1024 2389 inter
1066 2344 1141 2389 se
1182 2327 1676 2406 convenirent,
1715 2327 1906 2405 illos,
1942 2344 2242 2406 quorum
2270 2337 2456 2390 esset
2486 2328 2573 2390 de
2605 2345 2688 2391 ea
2719 2346 2796 2391 re
2819 2326 2996 2407 judi-

528 2433 718 2495 cium
745 2432 953 2512 ferre,
986 2442 1062 2496 ut
1092 2450 1243 2496 rem
1272 2434 1457 2496 hanc
1490 2433 1866 2514 diligenter
1890 2433 2043 2497 Deo
2070 2434 2650 2497 commendarent
2671 2435 2994 2498 obsecra-

527 2539 670 2602 bat.
705 2537 841 2602 Sed
872 2539 1194 2603 omnibus
1225 2539 1527 2618 (nemine
1557 2540 1881 2620 excepto)
1914 2540 2149 2603 visum
2179 2550 2286 2603 est
2308 2541 2865 2620 resignationem
2894 2541 2974 2605 of
2975 2578 2992 2586 -

529 2644 670 2707 ficii
696 2662 840 2710 non
869 2663 1037 2709 esse
1065 2645 1612 2727 admittendam,
1655 2646 2194 2727 rogantiumque
2238 2645 2524 2710 Patrem
2561 2659 2638 2711 ut
2680 2649 2772 2712 ad
2810 2666 2995 2712 com-

530 2770 742 2816 mune
771 2754 1032 2818 bonum
1062 2753 1439 2818 Societatis
1470 2772 1650 2817 onus
1678 2754 1814 2817 hoc
1844 2754 2028 2817 ferre
2066 2763 2419 2835 pergeret.
2466 2755 2719 2819 Incidit
2760 2766 2994 2820 autem

530 2859 662 2922 sub
713 2859 784 2923 id
821 2870 1098 2941 tempus
1136 2862 1208 2924 in
1246 2878 1544 2941 gravem
1583 2862 1939 2941 morbum,
1983 2862 2107 2924 sed
2147 2860 2281 2924 Dei
2320 2861 2760 2941 benignitate
2795 2864 2993 2926 brevi

528 2967 813 3030 solitam
844 2985 1047 3031 suam
1074 2969 1553 3032 valetudinem
1583 2969 1788 3047 (quae
1817 2976 2057 3031 tamen
2085 2985 2342 3048 parum
2370 2967 2574 3032 firma
2597 2970 2774 3048 erat)
2799 2988 2993 3033 recu-

527 3075 831 3154 peravit.

646 3180 745 3245 27.
833 3181 975 3246 Sub
1002 3182 1136 3245 hoc
1168 3183 1383 3245 etiam
1409 3191 1687 3263 tempus
1716 3182 2255 3246 P.,Franciscus
2294 3182 2553 3247 Strada
2591 3183 2682 3247 ad
2720 3187 2986 3265 profes·

526 3288 803 3352 sionem
832 3291 1217 3353 solemnem
1245 3288 1596 3353 admissus
1624 3298 1751 3369 est;
1784 3289 1983 3369 prius
2013 3288 2103 3351 ad
2132 3289 2455 3352 eamdem
2483 3289 2560 3353 P.
2591 3289 2841 3354 Petrus
2864 3291 2991 3356 Ca-

529 3395 752 3458 nisius
781 3445 794 3475 ,
848 3405 1229 3476 antequam
1278 3397 1350 3459 in
1398 3396 1858 3460 Germaniam
1912 3395 2480 3476 proficisceretur
2509 3446 2523 3476 ,
2586 3396 2816 3461 fuerat
2875 3399 2990 3462 ad-

528 3502 811 3565 missus.
1462 3577 1463 3580 Ἴ

649 3608 748 3672 28.
838 3609 1016 3674 Cum
1045 3619 1281 3673 autem
1310 3627 1490 3689 quae
1522 3609 1613 3672 ad
1643 3626 2018 3673 commune
2048 3609 2310 3671 bonum
2336 3610 2785 3689 pertinebant
2813 3622 2881 3676 et
2904 3614 2993 3676 ad

528 3717 968 3796 spiritualem
1031 3709 1348 3796 ipsorum
1404 3717 1967 3781 consolationem
2034 3726 2180 3779 tam
2238 3716 2671 3781 Franciscus
2730 3719 2994 3800 Borgia

528 3840 742 3904 quam
772 3824 889 3886 alii
916 3822 1218 3903 professi
1246 3823 1496 3887 Patres
1523 3822 1794 3887 Romae
1823 3822 2373 3902 transegissent,
2407 3825 2618 3903 paulo
2667 3835 2829 3906 post
2868 3827 2991 3889 ini-

530 3931 707 3995 tium
735 3931 1104 3994 Februarii
1133 3932 1299 3993 anni
1330 3930 1689 4010 sequentis
1719 3930 1791 3992 in
1820 3929 2241 4010 Hispaniam
2269 3929 2649 3994 redierunt.

652 4037 750 4099 29.
840 4037 1094 4101 Primis
1137 4037 1494 4100 mensibus
1524 4035 1728 4116 huJus
1768 4037 1938 4099 anni
1974 4033 2261 4116 quidam
2299 4035 2673 4100 Florianus
2713 4038 2910 4101 Rolis
2952 4059 2994 4102 a

532 4144 914 4225 Varsovia,
948 4144 1247 4223 insignis
1278 4145 1640 4224 impostor,
1675 4143 2064 4206 cautiorem
2088 4143 2159 4204 in
2183 4152 2545 4223 posterum
2568 4142 2995 4210 Societatem

531 4269 663 4315 suo
694 4253 1017 4331 exemplo
1047 4262 1116 4314 et
1145 4251 1353 4314 factis
1390 4251 1714 4314 reddidit.
1758 4250 1924 4329 Hic,
1968 4251 2256 4312 natione
2299 4248 2607 4313 Polonus
2643 4250 2717 4314 in
2755 4252 2993 4318 huma-

529 4358 847 4421 nioribus
874 4358 1126 4421 litteris
1156 4358 1471 4421 eruditus
1510 4375 1595 4420 ac
1624 4358 1800 4420 satis
1823 4359 2182 4435 eloquenS,
2211 4356 2301 4419 ad
2325 4354 2701 4421 Societatis
2725 4359 2991 4424 institu-

535 4475 686 4528 tum
729 4483 804 4529 se
848 4465 1215 4546 adspirare
1247 4464 1696 4543 significavit.
1726 4462 2261 4527 Confessionem
2304 4471 2541 4527 tamen
2574 4466 2770 4544 prius
2803 4467 2991 4531 in'sti-

533 4572 687 4649 tuit,
702 4582 770 4635 et
793 4572 1117 4634 omnibus
1129 4571 1521 4634 rationibus
1545 4569 2035 4647 consideratiS,
2053 4586 2213 4631 cum
2231 4568 2612 4634 admodum
2634 4572 2993 4639 videretur

534 4678 852 4757 idoneuS,
885 4679 1235 4742 admissus
1265 4688 1394 4754 est;
1428 4677 1551 4741 sed
1582 4678 1746 4757 quia
1778 4677 2025 4740 timere
2057 4693 2133 4738 se
2164 4675 2632 4756 significabat,
2660 4698 2748 4743 ne
2772 4681 2989 4746 faces·
