3679 5414
770 441 840 497 44
1694 436 1949 496 Canon.
1993 436 2145 496 Soc.
2187 435 2327 509 Jss,

766 593 1087 665 possent,
1120 600 1247 663 per
1277 584 1766 663 eleemosynas
1806 581 2392 662 prospiciebatur.
2448 579 2746 660 Signum
2785 580 3239 645 nihilominus

768 690 1122 772 quoddam
1153 690 1470 754 instituta
1494 689 1961 769 congregatio
2000 689 2111 752 his
2142 688 2656 769 peccatricibus
2685 688 3013 752 foeminis
3045 688 3234 751 addi·

769 799 869 862 dit
887 848 902 877 ,
936 806 1013 861 ut
1043 815 1085 860 a
1115 798 1460 861 matronis
1487 797 1804 860 honestis
1833 794 2453 876 distinguerentur.

888 904 987 967 90.
1074 904 1297 969 Fama
1337 904 1633 983 Collegii
1675 892 2164 967 Panormitani
2202 922 2331 983 per
2369 904 2548 967 alias
2595 903 2872 966 vicinas
2908 903 3240 966 civitates

770 1020 1166 1092 pervagata
1196 1021 1331 1092 est;
1368 1012 1552 1075 unde
1592 1011 2033 1075 Catanenses
2073 1010 2268 1073 cives
2309 1010 2457 1089 (qui
2496 1028 2625 1073 sua
2663 1010 2734 1073 in
2772 1010 3061 1074 civitate
3101 1010 3236 1091 pri—

769 1120 1070 1182 mariam
1112 1119 1397 1182 Siciliae
1427 1119 1898 1183 Academiam
1927 1118 2225 1196 habent)
2256 1126 2327 1181 et
2355 1117 2775 1181 Termenses
2813 1136 2899 1181 ac
2937 1117 3236 1181 Colinio·

770 1245 1023 1291 nenses
1039 1227 1364 1305 Pro-regi
1377 1226 1867 1305 supplicarunt
1883 1235 1959 1288 ut
1985 1225 2262 1289 initium
2285 1225 2569 1305 aliquod
2585 1224 2883 1304 Collegii
2898 1225 2971 1287 in
2993 1242 3242 1288 eorum

764 1334 1175 1397 civitatibus
1204 1333 1470 1396 institui
1500 1341 1806 1395 curaret.
1835 1330 2113 1394 Novem
2153 1341 2390 1395 autem
2424 1338 2543 1394 aut
2573 1332 2819 1395 decem
2854 1350 2943 1394 ex
2974 1332 3241 1395 nostris

770 1441 916 1503 suis
945 1440 1336 1520 sumptibus
1367 1442 1557 1502 alere
1587 1448 1654 1502 et
1685 1440 1771 1502 de
1793 1438 2236 1502 necessariis
2284 1438 2688 1518 prospicere
2716 1439 3069 1501 volebant.
3101 1437 3242 1501 Sed

769 1565 912 1610 non
940 1556 1219 1627 poterat
1249 1556 1598 1627 occupata
1627 1547 1865 1609 multis
1896 1547 1968 1609 in
1998 1546 2176 1609 locis
2204 1544 2544 1622 SocietaS,
2590 1553 2659 1607 et
2699 1545 2771 1607 in
2800 1544 3038 1609 Sicilia
3068 1563 3236 1609 non·

772 1654 939 1716 dum
978 1654 1277 1717 solidam
1326 1653 1595 1716 habens
1634 1653 2068 1717 dotationem
2110 1653 2483 1716 Messanae
2522 1662 2590 1715 et
2639 1652 3002 1730 Panormi,
3046 1670 3236 1715 nova

774 1760 951 1822 haec
992 1778 1210 1823 onera
1250 1760 1506 1823 subire.
1551 1760 1898 1839 Quamvis
1936 1777 2112 1839 erga
2154 1759 2737 1822 panormitanum
2768 1760 3026 1822 civitas
3062 1760 3242 1822 satis

771 1867 1029 1931 affecta
1065 1867 1446 1948 videretur,
1502 1877 1601 1945 et,
1658 1878 1733 1931 ut
1787 1868 1859 1931 in
1900 1868 2482 1948 quadragesima,
2518 1867 2615 1929 ita
2658 1867 2788 1952 sub
2828 1866 3040 1929 finem
3068 1865 3241 1928 Maii

768 1975 937 2038 novi
965 1984 1333 2054 praetores
1364 1985 1432 2038 et
1455 1973 1675 2053 jurati
1704 1974 1987 2038 scholas
2026 1983 2310 2037 nostras
2348 1974 2739 2036 inviserant
2780 1982 2850 2036 et
2896 1974 3237 2036 exercita·

769 2082 1074 2146 tionibus
1103 2082 1689 2145 scholasticorum
1725 2080 2211 2160 interfuerant,
2254 2090 2322 2144 et
2360 2081 2608 2144 ultimo
2654 2080 3049 2143 assidentes
3086 2097 3240 2142 ora-

771 2190 1036 2251 tionem
1068 2188 1584 2267 auscultarunt,
1620 2189 1690 2250 in
1723 2206 1861 2268 qua
1892 2187 2234 2268 Magister
2261 2189 2572 2271 Joannes
2602 2187 2952 2266 Rogerius
2981 2187 3069 2249 de
3098 2204 3241 2250 ma-

770 2296 1187 2375 gistratibus
1229 2294 1455 2374 deque
1495 2294 1727 2357 fructu
1775 2294 2168 2357 studiorum
2217 2294 2577 2373 disseruit,
2635 2312 2775 2374 qua
2811 2293 2911 2356 illi
2939 2293 3029 2357 ad
3058 2310 3241 2356 sum-

772 2419 961 2464 mam
991 2419 1279 2464 manum
1309 2401 1471 2463 huic
1502 2401 1700 2480 operi
1731 2401 2229 2481 imponendam
2259 2401 2547 2464 excitati
2577 2400 2880 2464 fuerunt.
2915 2399 3242 2464 Addebat

768 2518 840 2571 et
868 2516 1155 2588 praetor
1186 2508 1374 2571 aliud
1404 2525 1560 2571 esse
1587 2507 1899 2571 fructum
1929 2509 2118 2571 hunc
2150 2509 2375 2571 oculis
2404 2507 2678 2581 videre,
2713 2508 2904 2570 aliud
2943 2525 3033 2570 ex
3072 2508 3239 2570 alio-

774 2633 930 2678 rum
962 2617 1188 2678 relatu
1218 2615 1484 2692 audire,
1513 2633 1644 2677 nec
1672 2632 1883 2694 posse
1913 2615 1985 2678 in
2009 2615 2371 2678 meliorem
2394 2632 2597 2678 usum
2622 2614 2931 2695 aliquam
2952 2631 3243 2678 suorum

771 2722 1252 2800 vectigallium
1290 2733 1567 2802 partem
1604 2723 1959 2801 converti,
2014 2740 2229 2802 quam
2278 2723 2368 2785 ad
2418 2723 2811 2801 Collegium
2855 2722 2988 2785 hoc
3030 2722 3240 2785 stabi-

766 2828 1079 2892 liendum
1111 2828 1153 2892 ¹.

888 2936 987 2999 91.
1076 2936 1253 3001 Cum
1284 2936 1580 2999 Pro-rex
1610 2945 1677 2999 et
1707 2937 2108 3016 Episcopus
2137 2936 2573 3000 Mazarensis
2605 2945 2981 3015 rogassent
3014 2936 3087 2999 P.
3120 2936 3236 3018 Ja-

766 3044 1050 3123 cobum,
1116 3053 1191 3106 ut
1251 3044 1735 3123 episcopatum
1786 3043 2119 3106 Mazarae
2179 3042 2517 3106 inviseret
2546 3092 2558 3120 ,
2617 3061 2761 3106 non
2818 3042 3238 3106 detrectavit

761 3150 1101 3230 laborem,
1129 3149 1252 3213 sed
1276 3150 1441 3230 quia
1464 3151 1708 3213 aberat
1732 3150 1808 3212 P.
1836 3150 2333 3230 Hieronymus,
2361 3168 2581 3230 usque
2598 3149 2688 3212 ad
2704 3149 2923 3229 ipsius
2939 3149 3239 3213 reditum

767 3275 917 3320 rem
946 3256 1410 3321 differendam
1440 3257 1876 3320 existimavit
1908 3257 1953 3315 ³.

888 3365 989 3427 92.
1076 3366 1394 3444 Egerunt
1423 3374 1494 3427 et
1523 3365 1751 3427 nostri
1792 3365 1880 3427 de
1921 3364 2371 3444 captivorum
2406 3363 2892 3445 redemptione
2929 3373 3000 3427 et
3039 3365 3238 3428 multi

767 3489 859 3532 ex
886 3471 1242 3550 primariis
1272 3480 1339 3534 et
1370 3471 1678 3551 copiosis
1708 3470 1886 3534 viris
1917 3470 2005 3532 ad
2038 3479 2185 3533 tam
2213 3470 2408 3550 pium
2438 3489 2615 3552 opus
2646 3471 2940 3535 animati
2967 3480 3137 3535 sunt
3170 3480 3241 3534 et

769 3578 1142 3656 pecuniam
1174 3576 1263 3640 ad
1292 3578 1364 3640 id
1393 3577 1719 3641 conferre
1760 3586 2146 3657 coeperunt
2186 3595 2269 3640 eo
2311 3578 2546 3641 animo
2586 3587 2663 3641 ut
2701 3579 2999 3657 singulis
3037 3578 3243 3648 annis

771 3692 1389 3763 prosequerentur.

890 3789 990 3852 93.
1080 3789 1258 3853 Cum
1289 3791 1646 3870 expeditio
1677 3790 1751 3853 in
1781 3789 2104 3854 Africam
2143 3801 2711 3872 praepararetur,
2747 3792 2945 3855 multi
2971 3791 3242 3855 nobiles

767 3905 839 3960 et
871 3897 990 3960 alii
1016 3897 1272 3960 milites
1302 3896 1391 3959 ad
1423 3896 1892 3960 confessionis
1922 3896 2461 3961 Sacramentum
2491 3899 2945 3977 accedebant,
2980 3907 3049 3961 et
3079 3915 3241 3961 cum

768 4005 830 4067 is
873 4022 1099 4068 annus
1122 4003 1411 4085 jubilaei
1441 4013 1660 4084 esset,
1697 4014 1765 4067 et
1805 4013 2057 4067 contra
2089 4004 2401 4068 infideles
2432 4005 2786 4085 expeditio
2817 4004 2995 4068 haec
3025 4005 3242 4068 susci-

768 4120 1076 4190 peretur,
1104 4111 1339 4174 visum
1366 4120 1474 4174 est
1504 4111 1580 4174 P.
1614 4111 1883 4193 Jacobo
1917 4111 2202 4191 Laynez
2232 4113 2529 4174 multum
2556 4129 2715 4175 eam
2737 4110 2977 4192 juvari
3004 4128 3235 4192 posse,

853 4387 869 4418 ¹
927 4385 1197 4440 Poiancus,
1220 4397 1286 4429 ex
1306 4387 1706 4438 commissione,
1737 4385 1885 4429 Patri
1915 4384 2150 4443 Laynez,
2170 4386 2231 4429 de
2255 4385 2484 4440 Collegio
2506 4386 2557 4429 in
2577 4388 2702 4429 urbe
2724 4385 2949 4429 Termini
2970 4366 3237 4440 erigendo,

769 4456 890 4510 quid
913 4456 1020 4501 fieri
1043 4458 1204 4513 possit
1225 4463 1317 4502 aut
1338 4458 1525 4501 saltem
1544 4458 1794 4512 promitti,
1814 4458 1843 4500 7
1862 4456 2013 4510 Junii.

850 4530 873 4560 ²
929 4528 1196 4582 Poiancus,
1219 4540 1285 4572 ex
1305 4530 1695 4582 commissione,
1716 4529 1864 4573 Patri
1884 4527 2111 4585 Laynez,
2134 4528 2195 4571 de
2213 4528 2478 4573 mittendis
2500 4529 2584 4583 qui
2601 4539 2694 4581 per
2718 4528 2871 4572 varia
2903 4527 3109 4572 Siciliae
3125 4528 3242 4571 loca

769 4599 1139 4654 discurrentes,
1164 4600 1508 4643 consessiones
1526 4600 1755 4654 audiant,
1775 4600 2154 4654 concionentur,
2172 4606 2289 4654 etc.,
2306 4611 2478 4643 mense
2493 4597 2978 4651 Martia—Joannes
2993 4599 3055 4642 de
3072 4598 3242 4653 vega,

772 4669 982 4714 Siciliae
1005 4670 1237 4724 Pro-rex,
1254 4670 1475 4725 Ignatio.
1498 4671 1561 4714 de
1582 4670 1827 4715 Patribus
1847 4670 2059 4727 Laynez
2082 4676 2134 4714 et
2155 4670 2462 4723 Domenech,
2484 4669 2539 4713 24
2559 4669 2809 4723 januarii.
