3679 5414
1536 445 1663 504 AN.
1719 446 1851 503 1551
2820 446 2922 504 371
2946 485 2951 490 -

463 608 627 653 cum
683 592 987 670 populus
1028 588 1176 669 jam
1225 590 1432 653 valde
1482 590 1574 653 ad
1629 591 1964 670 pietatem
2018 605 2413 669 propensus
2463 598 2682 668 esset,
2741 591 2920 654 haec

462 697 889 761 nobiliorum
916 697 988 758 in
1019 697 1268 760 melius
1296 698 1594 760 mutatio
1625 696 2193 776 desiderabatur,
2229 715 2407 777 quos
2430 715 2555 777 per
2585 698 2926 760 exercitia

463 805 859 885 spiritualia
891 820 1323 884 magnopere
1352 803 1644 885 adjuvit.
1688 803 1827 868 Sed
1860 805 1945 867 de
1976 804 2430 867 missionibus
2460 804 2633 867 satis
2664 805 2931 868 dictum

465 914 586 992 sit;
619 913 754 975 hoc
786 921 1023 974 tamen
1055 911 1345 975 addam:
1379 912 1454 974 in
1486 912 1640 991 ipso
1661 912 2098 992 Episcopatu
2122 911 2683 975 Conimbricensi
2712 893 2953 974 multa'

461 1019 597 1082 hoc
627 1036 813 1081 anno
856 1018 1140 1099 pietatis
1181 1036 1399 1098 opera
1438 1036 1566 1099 per
1607 1019 1981 1081 missiones
2019 1016 2419 1098 hujusmodi
2453 1017 2705 1082 effecta
2744 1028 2927 1097 sunt;

463 1127 644 1189 inter
673 1134 960 1188 caetera
992 1134 1228 1188 autem
1262 1125 1432 1188 illud
1461 1143 1678 1189 unum
1699 1125 2039 1205 reseram,
2075 1126 2292 1205 quod,
2328 1142 2488 1188 cum
2517 1126 2594 1188 P.
2620 1125 2932 1208 Joannes

464 1234 551 1296 de
580 1232 829 1296 Govea
860 1233 952 1296 ad
990 1233 1345 1312 quoddam
1386 1233 1756 1314 oppidum,
1798 1233 1987 1312 quod
2026 1233 2204 1296 odiis
2243 1242 2312 1296 et
2352 1233 2764 1296 tumultibus
2791 1235 2933 1314 ple·

463 1358 633 1403 num
656 1349 842 1418 erat,
877 1349 946 1402 et
975 1338 1354 1403 homicidia
1390 1341 1611 1402 multa
1641 1340 2072 1403 timebantur
2116 1340 2277 1420 quia
2319 1341 2622 1421 populus
2652 1341 2724 1403 in
2753 1340 2932 1403 duas

464 1458 704 1529 partes
754 1447 1025 1511 divisus
1073 1458 1297 1533 esset,
1360 1466 1660 1528 quarum
1720 1424 2018 1528 utraque
2078 1432 2466 1511 vindictam
2532 1448 2927 1529 expetebat,

465 1556 696 1636 coepit
729 1555 841 1618 ille
872 1564 940 1617 et
979 1556 1341 1635 sigillatim
1385 1572 1546 1618 cum
1585 1555 1721 1618 illis
1759 1555 1847 1618 de
1885 1553 2269 1618 concordia
2308 1573 2555 1635 agere,
2604 1565 2672 1618 et
2710 1555 2782 1617 in
2824 1573 2931 1618 ec-

463 1663 680 1726 clesia
708 1661 960 1725 deinde
1004 1663 1091 1725 de
1120 1662 1464 1741 ponendis
1495 1662 1673 1725 odiis
1714 1671 1782 1726 et
1819 1662 2179 1725 vindictae
2210 1662 2465 1725 affectu
2495 1662 2931 1741 concionari;

463 1779 530 1832 et
561 1771 663 1832 sic
694 1769 1014 1833 homines
1052 1770 1419 1849 utriusque
1463 1768 1794 1832 factionis
1837 1770 2171 1832 commoti
2202 1787 2245 1830 a
2273 1770 2581 1833 Domino
2625 1769 2928 1848 suerunt,

463 1887 540 1940 ut
586 1876 677 1940 ad
723 1877 955 1957 ipsum
998 1877 1574 1939 concionatorem
1613 1877 1705 1939 ad
1742 1894 1995 1957 pacem
2035 1876 2370 1957 propensi
2412 1877 2770 1955 venerint3
2811 1877 2932 1955 qui

463 1984 751 2058 curavit,
770 1994 846 2047 ut
876 1993 1042 2047 ante
1071 2001 1216 2046 non
1256 1984 1417 2046 inde
1455 1984 1870 2047 recederent
1912 2001 2127 2062 quam
2167 1984 2298 2045 sibi
2336 1984 2643 2046 invicem
2689 2001 2932 2046 recon—

466 2091 716 2169 ciliati,
750 2091 824 2153 in
852 2091 1333 2153 testimonium
1372 2091 1797 2154 concordiae
1836 2109 1913 2153 se
1956 2091 2266 2153 invicem
2309 2091 2930 2171 amplecterentur;

469 2198 654 2279 quod
702 2216 864 2261 cum
914 2190 1178 2277 magna
1235 2198 1720 2261 aedificatione
1767 2198 2009 2261 statim
2047 2196 2372 2261 effectum
2421 2207 2546 2260 est.
2597 2197 2656 2259 T
2659 2208 2930 2260 antum-

464 2306 622 2370 dem
667 2306 925 2369 accidit
966 2305 1161 2368 Patri
1201 2305 1641 2369 Balthassari
1689 2305 1870 2368 Diaz
1919 2307 1994 2368 in·
2023 2305 2161 2368 alio
2205 2306 2386 2367 loco.
2438 2305 2601 2369 Alia
2628 2306 2932 2386 plurima

465 2412 861 2494 hujusmodi
904 2413 976 2475 in
1014 2413 1126 2475 his
1176 2412 1628 2475 missionibus
1677 2412 1812 2475 hoc
1843 2430 2029 2474 anno
2067 2412 2502 2491 acciderunt,
2550 2432 2639 2475 ex
2682 2413 2935 2492 quibus

469 2521 642 2583 satis
671 2520 970 2599 intelligi
996 2529 1231 2601 potest
1261 2537 1474 2600 quam
1504 2519 1594 2583 sit
1623 2521 1791 2583 utile
1821 2522 1956 2583 hoc
1980 2520 2396 2583 missionum
2421 2520 2813 2583 institutum
2842 2518 2933 2581 ad

469 2628 603 2692 Dei
631 2629 936 2709 gloriam
967 2637 1035 2691 et
1064 2629 1463 2691 animarum
1504 2629 1848 2691 auxilium
1882 2626 1933 2689 ¹.

583 2737 724 2799 419.
810 2736 1050 2817 Aliqui
1072 2735 1372 2817 Juvenes
1415 2737 1487 2799 in
1525 2737 1776 2799 litteris
1814 2736 2070 2799 eruditi
2117 2736 2189 2798 in
2232 2736 2625 2816 Collegium
2654 2735 2933 2800 Conim-

467 2844 788 2907 bricense
818 2843 1108 2907 admissi
1137 2853 1330 2922 sunt,
1364 2852 1434 2906 et
1463 2852 1871 2907 nostrorum
1908 2861 2245 2906 numerus
2277 2844 2348 2906 in
2378 2861 2461 2906 eo
2493 2843 2811 2921 Collegio
2842 2844 2931 2906 ad

465 2960 746 3015 centum
775 2961 843 3014 et
872 2951 1347 3032 quadraginta
1391 2960 1459 3013 et
1498 2952 1800 3031 amplius
1845 2951 1980 3014 hoc
2025 2969 2211 3014 anno
2255 2950 2606 3029 ascendit,
2654 2968 2743 3013 ex
2782 2950 2931 3029 qui·
3036 3034 3046 3043 ·

465 3059 594 3122 bus
622 3057 1098 3139 quadraginta
1127 3058 1526 3137 theologiae
1565 3058 1827 3121 dabant
1871 3076 2195 3139 operam;
2239 3068 2311 3121 et
2352 3060 2573 3121 multa
2603 3057 2783 3119 inter
2813 3073 2939 3118 eos

467 3167 842 3246 praeclara
872 3165 1158 3244 ingenia
1188 3174 1422 3244 erant,
1457 3166 1784 3246 quamvis
1815 3165 2190 3246 occupatio
2223 3166 2643 3228 concionum
2670 3173 2740 3226 et
2771 3180 2933 3225 con-

467 3272 850 3336 fessionum
907 3272 1315 3336 sacerdotes
1364 3272 1735 3352 theologos
1791 3272 2214 3352 quibusdam
2273 3272 2441 3333 anni
2497 3270 2936 3349 temporibus

470 3380 704 3460 aliquo
743 3380 955 3442 modo
999 3379 1402 3458 impediret,
1446 3379 1866 3459 praesertim
1905 3380 2140 3457 gratia
2172 3376 2484 3457 jubilaei,
2529 3394 2709 3457 quae
2739 3376 2929 3456 vige-

470 3487 647 3550 simo
687 3495 939 3566 quarto
979 3486 1091 3549 die
1134 3495 1296 3548 ante
1335 3485 1592 3548 festum
1638 3485 1976 3566 Corporis
2017 3486 2282 3550 Christi
2323 3485 2777 3566 promulgata
2807 3483 2935 3547 Co·
2976 3564 2981 3570 .

470 3593 857 3657 nimbricae
885 3593 1033 3656 suit.
1068 3593 1251 3656 Nam
1275 3601 1421 3655 toto
1446 3594 1580 3655 hoc
1610 3601 1950 3672 tempore,
1976 3593 2269 3672 perinde
2299 3601 2509 3672 atque
2535 3592 2607 3654 in
2637 3591 2937 3672 quadra-

470 3701 780 3781 gesima,
814 3701 1221 3763 sacerdotes
1249 3700 1321 3762 in
1351 3698 1913 3763 confessionibus
1937 3700 2266 3779 occupati
2289 3699 2602 3778 suerunt,
2631 3700 2845 3761 immo
2869 3707 2938 3761 et

473 3808 906 3889 frequentior
948 3807 1456 3888 poenitentium
1493 3824 1830 3869 numerus
1875 3816 2056 3886 erat,
2106 3825 2268 3871 cum
2309 3807 2456 3870 fere
2501 3825 2771 3884 omneS,
2820 3805 2938 3887 qui

466 3910 848 3995 jubilaeum
893 3915 1228 3994 consequi
1277 3915 1685 3992 voluerunt,
1744 3913 2213 3977 confessionis
2251 3916 2487 3995 gratia
2527 3915 2618 3977 ad
2656 3923 2945 3976 nostros

472 4023 925 4086 accesserint.
959 4022 1052 4085 Hi
1090 4031 1330 4084 tamen
1365 4022 1646 4084 labores
1685 4021 1962 4102 aliquos
2003 4041 2093 4084 ex
2134 4024 2398 4085 nostris
2437 4030 2942 4102 oppresserunt

470 4130 700 4210 nimiS,
734 4147 819 4192 ac
841 4130 1220 4211 praecipue
1246 4129 1569 4209 superius
1596 4129 1863 4192 dictum
1884 4128 2350 4192 Valerianum
2376 4147 2458 4191 ac
2484 4128 2559 4190 Ρ.
2594 4129 2942 4211 Joannem

558 4481 575 4511 ¹
632 4479 773 4532 Quae
806 4491 839 4523 a
871 4491 1006 4523 num.
1042 4479 1124 4523 ⁴00
1157 4479 1224 4523 ad
1258 4480 1392 4522 hunc
1428 4489 1588 4533 usque
1625 4489 1762 4522 num.
1796 4479 1880 4522 418
1912 4479 2253 4533 continentur,
2291 4479 2573 4533 desumpsit
2604 4478 2859 4522 Polaticus
2880 4490 2947 4521 ex

476 4551 956 4604 quadrimestribus,
977 4555 1035 4594 ut
1054 4550 1377 4596 dicebantur.
1399 4548 1704 4593 Lusitaniae
1722 4548 1915 4593 litteris
1932 4549 2276 4602 conimbrica,
2295 4549 2621 4606 Ulyssipone,
2640 4551 2945 4598 Almeirinm

475 4621 672 4676 Evora,
694 4628 792 4665 etc.
815 4621 1030 4665 Romam
1049 4621 1234 4665 missis.
1251 4621 1336 4664 Ab
1353 4621 1417 4664 iis
1437 4622 1520 4665 hie
1536 4621 1808 4674 sigillatim
1826 4622 2186 4665 enumerandis
2201 4621 2609 4676 supersedemus,
2628 4622 2750 4676 quia
2766 4633 2945 4667 earum

478 4695 672 4749 plures,
690 4695 908 4749 juvante
930 4693 1058 4749 Deo,
1080 4693 1227 4737 brevi
1250 4694 1477 4738 edemuS.
