3679 5414
1564 467 1691 525 Ax.
1739 468 1878 526 1552
2841 466 2951 526 689

482 615 739 695 inquit,
773 631 1006 678 meam
1034 614 1552 677 confessionem
1584 614 1831 677 audire
1874 615 2016 689 viS,
2065 615 2182 694 qui
2224 622 2518 694 paratus
2561 630 2719 676 sum
2748 613 2841 676 ad
2870 632 2955 676 ea

482 721 720 785 omnia
770 722 1232 802 praestanda,
1287 738 1469 801 quae
1520 738 1631 784 me
1680 721 1919 784 facere
1977 720 2233 783 debere
2285 719 2594 783 dixeris?
2645 718 2955 799 Subjecit

483 828 559 891 P.
592 828 824 892 Miron
856 846 933 891 se
962 847 1104 892 non
1149 829 1220 892 id
1264 828 1660 892 detrectare
1703 838 1994 909 propter
2038 828 2261 908 ipsius
2303 827 2521 907 Regis
2552 845 2952 908 personam,

482 936 604 1016 qui
644 936 1277 999 christianissimus
1324 945 1509 1015 erat,
1558 937 1684 1000 sed
1727 944 2015 1016 propter
2058 936 2290 1015 ipsam
2332 932 2792 1014 Societatem,
2845 936 2958 997 cui

483 1022 790 1106 honores
831 1041 1230 1122 hujusmodi
1273 1052 1342 1106 et
1385 1042 1769 1136 dignitates
1809 1042 2094 1105 minime
2137 1041 2691 1120 conveniebant;
2733 1043 2959 1105 nostri

483 1150 787 1213 instituti
814 1151 1177 1231 proprium
1208 1167 1366 1213 esse
1395 1168 1521 1230 per
1551 1149 1938 1229 hospitalia
1980 1122 2054 1212 e't'
2081 1150 2379 1229 quaevis
2418 1149 2808 1222 ministeria
2837 1149 2958 1211 hu·

486 1257 678 1320 milia
707 1266 1029 1321 nostram
1057 1258 1526 1320 humilitatem
1555 1274 2020 1336 conservare3
2063 1257 2365 1320 aliarum
2398 1257 2823 1336 relig-ionum
2860 1258 2960 1320 vi-

487 1380 606 1426 ros
644 1364 990 1444 quosdam
1026 1373 1315 1444 propter
1352 1357 1751 1443 hujusmodi
1792 1363 2099 1426 honores
2138 1381 2181 1426 a
2219 1364 2470 1444 spiritu
2508 1363 2961 1444 perfectionis

479 1470 866 1546 excidisse3
894 1471 1217 1534 homines
1237 1472 1646 1534 existimare
1667 1471 1857 1552 quod
1880 1469 2197 1534 Societas
2221 1469 2313 1532 ad
2336 1470 2736 1550 principum
2766 1470 2958 1534 favo·

488 1594 640 1641 rem
679 1579 1162 1659 quaerendum
1199 1587 1306 1640 est
1329 1595 1730 1658 propensa3
1771 1588 1839 1640 et
1881 1578 2038 1640 ideo
2078 1577 2351 1657 Regem
2392 1578 2642 1641 orabat
2673 1586 2786 1657 ut,
2816 1587 2961 1640 tam

485 1692 774 1765 propter
803 1683 1180 1749 Societatis
1207 1685 1619 1763 utilitatem,
1668 1702 1884 1764 quam
1928 1694 2219 1765 propter
2261 1685 2747 1765 proximorum
2777 1685 2959 1747 aedi·

483 1791 919 1868 ficationem,
954 1793 1288 1855 liberaret
1319 1793 1408 1855 ab
1439 1790 1574 1854 hoc
1603 1792 1873 1854 honore
1903 1789 2352 1854 Societatem.
2389 1790 2779 1870 Respondit
2807 1790 2961 1854 Rex

486 1899 671 1961 nolle
701 1915 777 1962 se
806 1899 1146 1978 impedire
1195 1900 1361 1979 quin
1404 1899 1793 1961 humillima
1837 1916 2159 1979 quaeque
2197 1898 2421 1961 nostri
2462 1907 2853 1978 sectentur,
2889 1909 2961 1961 at

485 2005 736 2068 melius
777 2022 927 2068 rem
970 2005 1484 2084 consideraret,
1534 2014 1605 2068 et
1644 2004 1758 2067 die
1800 2005 2120 2084 sequenti
2169 2021 2591 2084 responsum
2634 2005 2768 2067 sibi
2809 2004 2962 2067 red-

480 2110 706 2175 deret.
754 2111 1293 2175 Commendavit
1337 2112 1549 2175 etiam
1598 2110 1672 2174 P.
1729 2111 2097 2175 Ludovico
2149 2111 2505 2175 Gonzalez
2546 2120 2621 2173 ut
2670 2122 2963 2191 rogaret

483 2217 745 2281 fratres
783 2228 1068 2281 nostros
1107 2229 1181 2282 ut
1224 2220 1683 2300 impetrarent
1724 2238 1767 2282 a
1807 2217 1888 2281 P!
1926 2218 2200 2282 Mirone
2239 2216 2428 2297 quod
2467 2218 2617 2298 ipse
2656 2220 2961 2299 postula·

480 2323 640 2402 ·bat;
675 2324 799 2387 sed
828 2325 939 2388 die
971 2327 1293 2406 sequenti
1322 2324 1397 2387 P.
1431 2325 1663 2390 Miron
1697 2325 1789 2389 ad
1820 2324 1955 2387 Dei
1986 2325 2293 2404 gloriam
2317 2323 2403 2387 de
2427 2326 2776 2388 sententia
2807 2326 2960 2388 reli-

487 2448 787 2512 quorum
817 2431 1108 2495 Patrum
1137 2450 1221 2494 ac
1251 2433 1582 2497 Fratrum
1611 2432 1763 2494 fore
1793 2431 2111 2495 decrevit
2138 2441 2214 2494 ut
2244 2448 2319 2494 se
2343 2442 2744 2512 excusaret3
2772 2442 2841 2495 et
2865 2433 2962 2495 ita

489 2556 616 2619 per
644 2539 720 2601 P.
755 2539 1197 2602 Ludovicum
1230 2539 1586 2603 Gonzalez
1613 2538 1795 2618 Regi
1823 2538 2190 2618 respondit
2230 2538 2459 2601 eidem
2501 2540 2961 2619 supplicando

487 2656 567 2710 ut
597 2664 672 2710 se
704 2656 1122 2711 excusatum
1153 2648 1467 2711 haberet.
1516 2646 1947 2727 Disputavit·
1967 2646 2082 2709 ille
2123 2664 2283 2710 cum
2312 2646 2508 2726 Rege
2548 2657 2616 2711 et
2660 2646 2958 2728 Regina,

483 2771 673 2834 quae
704 2754 882 2833 Regi
913 2755 1191 2833 aderat;
1225 2755 1349 2818 sed
1390 2771 1553 2818 cum
1590 2753 1744 2817 Rex
1783 2753 2072 2817 tandem
2102 2755 2406 2834 videret,
2449 2754 2638 2835 quod
2680 2760 2962 2819 omnino

489 2860 569 2922 P.
604 2861 833 2924 Miron
862 2863 997 2923 hoc
1030 2880 1209 2924 onus
1252 2862 1623 2925 admittere
1665 2863 1913 2941 nollet,
1959 2880 2120 2925 cum
2159 2880 2251 2947 ex
2294 2863 2562 2943 palatio
2596 2863 2961 2942 egredere-

493 2975 607 3030 tur
637 2966 712 3030 P.
739 2967 1183 3047 LudovicuS,
1226 2970 1454 3032 eidem
1494 2969 1585 3031 ad
1635 2986 1712 3032 se
1755 2979 2094 3033 revocato
2140 2969 2350 3033 dixit:
2396 2969 2965 3050 quandoquidem

494 3073 570 3136 P.
601 3075 832 3138 Miron
864 3076 1340 3140 confessarius
1370 3077 1540 3139 mihi
1579 3094 1736 3140 esse
1776 3087 2093 3156 recusat,
2129 3076 2380 3140 audias
2422 3086 2496 3140 tu
2542 3094 2775 3140 meam
2806 3094 2964 3140 con·

492 3180 892 3245 sessionem.
940 3182 1142 3246 Tunc
1181 3181 1256 3244 P.
1303 3181 1710 3246 Ludovicus
1751 3182 2108 3246 Gonzalez
2150 3193 2300 3247 tam
2343 3185 2601 3246 multas
2654 3184 2967 3247 rationes

495 3290 753 3369 attulit,
787 3297 864 3352 ut
894 3308 1036 3353 non
1066 3292 1296 3354 solum
1325 3309 1367 3354 a
1396 3289 1612 3369 Regis
1653 3290 2098 3354 confessione
2143 3291 2528 3370 audienda,
2579 3292 2705 3355 sed
2754 3291 2969 3355 etiam

495 3394 873 3476 Principis,
931 3415 1007 3459 se
1054 3397 1412 3476 liberavit;
1457 3406 1527 3459 et
1570 3406 1808 3460 tamen
1848 3398 2280 3462 intellectum
2323 3408 2431 3462 est
2474 3398 2662 3478 quod
2704 3398 2858 3462 Rex
2901 3408 2969 3462 et

498 3502 898 3567 Cardinalis
926 3503 1166 3567 Infans
1197 3503 1403 3567 valde
1431 3505 1759 3585 probavit
1800 3505 1989 3584 quod
2027 3504 2349 3569 Societas
2379 3504 2448 3568 id
2478 3523 2736 3569 munus
2773 3523 2968 3570 recu—

497 3612 788 3674 saverit.

615 3719 757 3781 599.
845 3720 1189 3799 Quamvis
1237 3720 1372 3783 hoc
1409 3736 1486 3781 se
1527 3736 1741 3782 onere
1780 3720 2236 3798 levaverunt,
2273 3721 2464 3784 aliud
2504 3722 2736 3801 magis
2783 3721 2971 3785 labo—

499 3826 796 3904 riosum,
839 3828 1003 3889 licet
1040 3825 1305 3889 nostris
1346 3826 1578 3889 minus
1615 3825 2173 3905 formidandum,
2225 3827 2622 3908 subierunt,
2672 3838 2748 3892 ut
2789 3830 2969 3892 scili-

498 3940 612 3995 cet
656 3932 870 4012 aliqui
917 3951 1007 3996 ex
1046 3933 1308 3996 nostris
1366 3932 1457 3995 ad
1504 3949 1804 4012 regnum
1855 3930 2099 4012 Magni
2145 3932 2373 4013 Congi
2417 3952 2493 3997 se
2538 3934 2965 3999 conferrent.

497 4036 941 4103 Decreverat
994 4041 1182 4102 enim
1231 4040 1385 4103 Rex
1437 4037 1916 4119 Portugalliae
1967 4040 2054 4102 ob
2097 4057 2357 4103 causas
2407 4058 2553 4104 non
2603 4043 2784 4105 levis
2830 4061 2969 4107 mo-

498 4147 716 4210 menti
745 4146 1014 4226 Regem
1057 4147 1313 4227 Congi‚
1361 4147 1448 4210 de
1490 4164 1628 4228 quo
1675 4148 1998 4227 superius
2029 4147 2289 4210 mentio
2329 4138 2521 4211 sacta
2566 4158 2705 4229 est,
2748 4168 2972 4230 regno

483 4233 627 4316 =suo
657 4255 978 4333 privare,
1016 4263 1084 4317 et
1122 4256 1337 4317 alium
1372 4255 1802 4318 constituere
1833 4254 2055 4334 ipsius
2075 4254 2267 4334 Ιοεο,
2295 4257 2417 4335 qui
2442 4256 2649 4320 valde
2678 4258 2974 4322 idoneus

495 4358 590 4421 ad
639 4359 1035 4440 profectum
1084 4362 1447 4441 religionis
1497 4362 1570 4424 in
1619 4361 1752 4424 illis
1802 4360 2213 4439 regionibus
2265 4371 2333 4425 et
2384 4361 2720 4427 Societati
2762 4366 2973 4429 valde

500 4466 887 4532 benevolus
917 4478 1092 4532 erat.
1126 4469 1470 4549 Cupiebat
1501 4470 1715 4532 etiam
1745 4468 1898 4531 Rex
1939 4477 2016 4531 ut
2055 4486 2302 4531 curam
2333 4467 2485 4549 ejus
2515 4473 2751 4551 regni,
2788 4474 2975 4554 quod

501 4574 752 4637 attinet
809 4575 901 4638 ad
955 4575 1383 4656 spiritualia,
1455 4575 1776 4639 Societas
1832 4575 2246 4656 susciperet.
2316 4576 2690 4657 Negabant
2746 4582 2975 4644 nostri

497 4682 834 4761 amplecti
864 4701 1073 4764 posse
1096 4683 1521 4748 Societatem
1549 4694 1694 4747 tam
1724 4684 1946 4746 multa
1970 4691 2039 4744 et
2068 4684 2325 4762 gravia
2355 4702 2573 4765 opera
2597 4696 2687 4765 et,
2715 4698 2791 4750 ut
2816 4690 2973 4753 aliis

2582 4820 2654 4871 44
