3679 5414
1530 499 1656 557 Ax.
1704 498 1844 555 1550
2817 499 2923 558 133

443 660 655 721 quam
708 654 952 705 tamen
990 643 1646 722 interpretationem
1678 643 1796 722 qui
1828 659 2079 705 eorum
2112 642 2416 705 habebat
2451 660 2695 705 curam
2730 644 2917 706 inve-

371 821 376 824 ,
459 750 594 826 nit;
627 762 699 812 et
730 748 1080 813 creditum
1109 759 1216 812 est
1245 768 1287 812 a
1320 748 1394 812 P.
1430 748 1715 813 Simone
1745 767 1908 812 eum
1939 749 2156 813 fuisse
2195 750 2616 812 instructum
2647 760 2724 812 ut
2753 768 2921 812 suos

451 874 692 919 omnes
729 857 803 919 in
843 858 1288 937 provinciam
1326 857 1713 939 reduceret.
1749 855 1971 918 Porro
2001 856 2151 936 ipse
2180 856 2255 919 P.
2290 855 2562 934 Simon,
2596 874 2759 920 cum
2775 856 2920 936 Jam

457 963 935 1026 valedicturus
964 963 1057 1026 ad
1086 962 1355 1041 Regem
1394 963 1797 1041 accederet,
1844 963 1933 1025 ab
1963 963 2210 1026 eodem
2243 963 2620 1042 impeditus
2648 963 2810 1042 fuit,
2844 974 2920 1027 ut

454 1070 728 1149 scribit,
753 1088 844 1133 ne
874 1071 1012 1133 hoc
1043 1071 1173 1134 iter
1203 1087 1581 1133 romanum
1611 1070 2039 1149 institueret;
2074 1079 2175 1146 et,
2213 1087 2372 1133 cum
2414 1071 2671 1132 multas
2710 1071 2917 1134 ratior

452 1195 575 1240 nes
603 1177 788 1256 Regi
820 1186 1246 1258 proponeret
1276 1175 1552 1254 Simon,
1596 1177 2051 1240 nihilominus
2089 1176 2243 1240 Rex
2289 1177 2361 1239 in
2400 1194 2529 1239 sua
2573 1179 2919 1241 sententia

451 1285 775 1364 perstitit.
811 1286 902 1348 Et
930 1284 1257 1365 quamvis
1287 1302 1505 1364 aegre
1548 1284 1928 1348 admodum
1969 1285 2036 1346 id
2077 1284 2294 1347 ferret
2334 1282 2409 1347 P.
2456 1282 2732 1364 Simon,
2776 1303 2918 1347 non

451 1393 887 1455 existimavit
919 1403 1170 1454 contra
1199 1391 1417 1478 Regis
1447 1392 1888 1455 voluntatem
1929 1409 2019 1454 ex
2058 1410 2143 1454 ea
2180 1391 2552 1471 provincia
2592 1392 2917 1454 receden-

443 1499 615 1561 dum
645 1516 803 1562 esse
827 1548 841 1577 ,
876 1516 1042 1561 cum
1069 1499 1493 1579 praesertim
1515 1499 1802 1577 negotia
1827 1498 2178 1578 quaedam
2202 1499 2445 1576 magni
2469 1499 2807 1561 momenti
2830 1499 2922 1562 ad

449 1604 945 1669 stabiliendum
969 1606 1361 1684 Collegium
1383 1606 1961 1670 Conimbricense
1984 1605 2358 1668 tractanda
2383 1614 2638 1668 essent.
2668 1604 2807 1670 Sed
2830 1606 2917 1669 ad

453 1713 526 1776 Ρ.
560 1713 918 1791 Ignatium
956 1713 1242 1792 scripsit
1271 1720 1347 1775 ut
1389 1712 1704 1792 aliquam
1733 1712 1943 1775 iniret
1979 1711 2362 1790 rationem,
2406 1729 2545 1791 qua
2582 1711 2734 1791 ipse
2762 1729 2917 1792 pos·

453 1829 558 1883 set
587 1819 894 1884 Romam
921 1820 1199 1898 venire3
1247 1829 1314 1882 et
1357 1819 1638 1882 interim
1679 1817 1933 1882 Patres
1970 1818 2295 1899 superius
2343 1818 2569 1881 dictos
2600 1819 2670 1881 in
2716 1836 2913 1881 suam

451 1928 902 2007 provinciam
958 1928 1352 1990 revocavit.
1409 1927 1505 1990 At
1556 1926 1631 1989 Ρ.
1686 1926 2005 2006 Ignatius
2055 1926 2158 1989 sic
2209 1926 2488 1989 curavit
2538 1925 2920 1989 adventum

449 2033 527 2097 P.
561 2033 908 2114 SimoniS,
941 2044 1019 2098 ut
1047 2035 1333 2098 tandem
1361 2035 1548 2097 bona
1579 2051 1740 2096 cum
1769 2034 1981 2096 venia
2011 2032 2261 2112 RegiS,
2304 2033 2434 2095 sub
2465 2032 2675 2095 finem
2714 2033 2919 2113 hujus

449 2142 648 2220 anni,
695 2160 787 2205 ex
827 2140 1265 2221 Portugallia
1306 2141 1579 2204 Italiam
1618 2158 1872 2204 versus
1913 2140 2309 2203 recesserit.
2354 2139 2639 2202 Interim
2683 2149 2921 2203 tamen

449 2249 616 2311 dum
665 2249 846 2312 haec
896 2249 1411 2327 tractabantur,
1466 2257 1689 2310 totum
1728 2247 1875 2310 sere
1905 2265 2170 2310 annum
2200 2248 2271 2309 in
2300 2245 2735 2325 Portugallia
2767 2265 2894 2326 per

447 2357 593 2434 egit
629 2354 670 2414 ¹.

565 2461 712 2525 320.
804 2461 1004 2525 Multi
1040 2463 1113 2524 in
1151 2461 1579 2526 Societatem
1617 2470 1934 2524 nostram
1973 2462 2109 2524 hoc
2160 2479 2346 2524 anno
2390 2460 2680 2523 admissi
2731 2471 2915 2539 sunt,

451 2570 628 2632 adeo
679 2579 759 2632 ut
789 2570 880 2632 ad
920 2578 1203 2632 centum
1240 2569 1798 2649 quinquaquinta
1837 2568 2262 2647 Collegiales
2306 2567 2919 2631 Conimbricenses

450 2676 925 2758 pervenerint.
960 2676 1220 2740 Multae
1249 2684 1620 2757 praeterea
1649 2674 2020 2739 missiones
2059 2674 2151 2738 ad
2179 2674 2422 2737 varios
2449 2675 2918 2755 Episcopatus

450 2783 933 2863 Portugalliae
961 2783 997 2846 s
992 2793 1195 2847 actae
1218 2792 1410 2861 sunt,
1438 2784 1555 2846 ubi
1579 2783 1797 2845 multa
1821 2782 1914 2845 ad
1936 2782 2332 2845 animarum
2357 2780 2912 2845 aedificationem

447 2909 574 2971 per
601 2909 731 2954 eos
773 2891 1015 2954 divina
1052 2891 1332 2972 bonitas
1372 2899 1665 2971 operata
1705 2899 1834 2953 est.
1871 2889 2049 2953 Cum
2080 2897 2313 2952 autem
2346 2889 2612 2951 arctius
2649 2888 2916 2951 habita·

450 3007 605 3061 rent
636 2998 1133 3062 Conimbricae
1164 2998 1352 3077 (quia
1383 2997 1632 3060 domus
1660 2997 1975 3059 nondum
2020 3005 2173 3058 erat
2203 2996 2486 3058 omnino
2520 2993 2913 3071 aedificata)

448 3117 518 3167 et
565 3105 786 3186 aliqui
840 3105 1143 3168 adversa
1185 3104 1591 3167 valetudine
1642 3104 2078 3183 laborarent,
2134 3120 2433 3182 cumque
2479 3102 2914 3181 experientia

455 3211 820 3275 docuisset
844 3212 1031 3292 quod
1060 3211 1249 3292 apud
1278 3210 1616 3274 Sanctum
1645 3210 1954 3273 Felicem
1986 3210 2189 3290 (quae
2227 3209 2533 3272 Abbatia
2568 3217 2751 3289 erat,
2785 3208 2910 3273 Co·

447 3319 905 3383 nimbricensi
935 3318 1249 3397 Collegio
1279 3318 1705 3381 auctoritate
1737 3317 2128 3396 apostolica
2156 3316 2378 3393 unita)
2412 3332 2753 3395 prospera
2792 3333 2910 3378 no-

445 3427 573 3489 stri
623 3425 1033 3489 valetudine
1079 3434 1465 3504 uterentur,
1511 3423 1859 3504 jndicavit
1905 3422 1982 3486 P.
2036 3421 2279 3485 Simon
2315 3439 2436 3484 eos
2482 3431 2591 3484 ex·
2618 3423 2903 3501 nostriS,

443 3533 562 3613 qui
602 3550 792 3596 anno
842 3532 1294 3611 praecedenti
1342 3531 1828 3611 philosophiae
1875 3547 2159 3593 cursum
2209 3529 2753 3608 inchoaverant,
2816 3530 2921 3595 ad.

443 3638 786 3702 Sanctum
824 3638 1133 3702 Felicem
1163 3655 1319 3701 esse
1360 3637 1769 3718 mittendOS,
1814 3637 2142 3717 quamvis
2180 3634 2429 3699 domus
2466 3636 2582 3698 illa
2614 3636 2905 3715 triginta

443 3764 567 3808 sex
616 3746 840 3809 leucis
878 3745 1328 3809 Conimbrica
1371 3745 1683 3807 distaret.
1739 3742 1858 3806 Sic
1896 3744 2082 3806 enim
2120 3751 2188 3805 et
2230 3742 2903 3806 valetudinariorum

440 3853 648 3916 saluti
687 3844 1213 3930 consulebatur,
1256 3869 1418 3914 cum
1456 3860 1696 3914 tamen
1733 3850 1820 3912 de
1864 3850 2114 3913 studiis
2151 3849 2325 3912 nihil
2373 3849 2475 3911 eis
2526 3850 2897 3929 deperiret,

438 3960 625 4038 quod
654 3959 747 4022 ad
777 3959 1061 4022 scholas
1088 3959 1408 4038 publicas
1433 3975 1576 4021 non
1605 3958 2055 4036 accederent;
2088 3964 2160 4019 et
2182 3956 2299 4036 qui
2328 3956 2897 4036 relinquebantur

442 4066 880 4129 commodius
910 4066 1349 4144 habitabant;
1382 4073 1451 4128 et
1480 4064 1755 4145 populis
1786 4064 2069 4126 interim
2101 4061 2343 4125 Sancti
2375 4062 2631 4125 Felicis
2663 4080 2898 4125 mona-

437 4174 653 4236 sterio
668 4173 927 4235 vicinis
946 4178 1352 4235 nostrorum
1377 4190 1593 4252 opera
1614 4172 1689 4234 in
1708 4170 1919 4234 rebus
1942 4170 2420 4251 spiritualibus
2435 4170 2729 4232 multum
2745 4178 2899 4231 erat

517 4377 536 4408 ί
593 4375 866 4426 Polaticus.
885 4387 953 4419 ex
972 4376 1366 4425 commissione,
1384 4373 1530 4417 Patri
1553 4374 1740 4426 Araoz,
1765 4373 1825 4416 de
1864 4373 1925 4416 iis
1958 4373 2042 4426 qui
2076 4384 2140 4415 ex
2174 4371 2444 4415 Lusitania
2473 4371 2726 4415 Gandiam
2746 4371 2899 4414 adve-

437 4455 638 4499 nerant,
665 4447 716 4490 14
735 4446 890 4498 Junii.
913 4446 1149 4501 Ignatius
1184 4446 1312 4500 Regi
1344 4445 1715 4498 portugalliae,
1751 4451 1808 4487 ut
1829 4444 2035 4487 veniam
2066 4443 2153 4487 det
2189 4442 2380 4487 Simoni
2399 4442 2635 4487 veniendi
2665 4441 2897 4496 Romam,

437 4529 607 4562 mense
628 4517 752 4571 Julil
774 4518 989 4570 (cartas
1010 4518 1074 4561 de
1102 4517 1212 4561 San
1235 4517 1470 4571 Ignacio,
1491 4522 1527 4560 t.
1548 4527 1600 4570 11,
1623 4527 1744 4571 pag.
1765 4515 1878 4567 241„
1903 4515 2172 4567 PolancuS,
2201 4526 2267 4558 ex
2285 4515 2687 4566 commissione,
2708 4513 2900 4559 Simoni

437 4589 707 4634 Rodericio
729 4590 881 4641 (ibid.
900 4601 1022 4644 pag.
1044 4589 1156 4641 236);
1193 4590 1372 4641 eidem,
1410 4588 1470 4631 de
1506 4588 1725 4643 quinque
1761 4587 1999 4631 lusitanis
2034 4586 2290 4631 Gandiam
2323 4586 2493 4630 missis
2524 4597 2799 4641 eorumque
2829 4588 2897 4631 ibi

434 4663 611 4715 gestis,
641 4670 698 4705 ut
721 4663 800 4716 iis,
821 4670 1191 4716 praeterquam
1226 4660 1449 4714 Georgio
1482 4659 1701 4711 Morera,
1737 4660 2046 4703 facultatum
2082 4658 2326 4702 societati
2361 4669 2721 4702 concessarum
2752 4671 2901 4703 usum

429 4733 726 4785 prohibeat,
746 4733 832 4786 qui
858 4732 1057 4775 nonnisi
1080 4731 1434 4774 obedientibus
1456 4730 1662 4774 concedi
1682 4731 1849 4781 debet,
1866 4731 1894 4772 3
1914 4729 2247 4784 Septembrls.
