3679 5414
1667 496 1792 554 Am.
1839 495 1977 554 1550
2937 495 3046 556 153

572 641 810 719 platea
838 640 1153 704 vestibus
1181 658 1258 703 se
1286 640 1620 720 spoliavit
1658 650 1726 703 et
1764 641 2061 721 pauperi
2104 640 2325 718 dedit,
2374 650 2443 703 et
2486 652 2705 721 prope
2749 654 3037 704 crucem

574 746 934 809 dormiens
960 764 1350 827 pauperum
1391 747 1782 811 ministerio
1826 764 2090 811 vacare
2116 748 2385 828 *coepit;
2435 757 2504 810 et
2545 757 2922 828 postquam
2963 749 3037 812 in

575 852 1004 916 Societatem
1032 853 1383 917 admissus
1422 864 1549 932 est,
1591 856 2013 934 martyrium
2052 854 2426 933 affectanS,
2471 855 2598 918 sub
2636 854 3057 919 obedientia·

575 960 650 1022 P.
687 960 1031 1040 Gasparis
1060 961 1132 1024 in
1161 960 1478 1024 Persiam
1507 962 1690 1025 mitti
1720 962 2075 1042 cupiebat3
2110 962 2288 1025 alter
2316 969 2475 1042 post
2500 963 2915 1026 concionem
2944 963 3035 1026 ad

574 1066 726 1146 ejns
757 1068 971 1148 pedes
1000 1070 1415 1149 provolutus
1444 1069 1982 1150 cum-lacrymis
2019 1068 2295 1132 dicebat
2334 1086 2411 1131 se
2449 1070 2631 1132 velle
2677 1070 2838 1132 cum
2881 1071 3034 1151 ipso

573 1176 761 1238 mori
790 1185 1075 1255 propter
1104 1174 1463 1239 Christum
1483 1193 1497 1254 ;
1520 1176 1801 1254 ‘tertius
1836 1178 2000 1239 cuni
2030 1178 2101 1239 in
2132 1176 2364 1256 platea
2395 1175 2848 1255 blasphemiis
2875 1193 3032 1255 gra-

582 1282 787 1345 vibus
816 1293 885 1345 et
913 1282 1247 1345 inauditis
1282 1292 1600 1346 uteretur
1639 1283 1783 1346 ludi
1821 1284 2090 1363 gratia,
2143 1292 2212 1345 et
2251 1301 2293 1345 a
2331 1282 2405 1345 P.
2443 1281 2764 1362 Gaspare
2803 1300 3035 1362 repree
3151 1303 3156 1307 ·

578 1389 1028 1466 henderetur,
1053 1389 1160 1453 sic
1188 1398 1297 1452 est
1325 1398 1791 1468 compunctus
1822 1399 1896 1451 ut
1924 1407 2002 1452 se
2033 1390 2212 1452 velle
2237 1406 2399 1452 cum
2427 1406 2511 1451 eo
2541 1389 2719 1451 mori
2748 1398 3036 1452 testare-

578 1505 712 1574 tur,
747 1505 816 1558 et
844 1513 933 1558 ne
972 1513 1048 1558 se
1087 1496 1444 1559 desereret
1481 1496 1931 1576 precabatur.
1965 1495 2145 1559 Tres
2186 1496 2307 1558 alii
2345 1496 2553 1559 modo
2592 1496 2802 1559 simili
2839 1496 2904 1558 ei
2945 1496 3037 1558 ad

525 1622 531 1627 ·
574 1601 1100 1666 convivendum
1130 1614 1199 1665 et
1222 1603 1822 1666 commoriendum
1851 1604 2127 1683 seipsos
2147 1603 2573 1666 obtulerunt.
2602 1601 2719 1665 Sic
2752 1602 2871 1665 alii
2891 1602 3038 1665 fere

572 1709 948 1773 duodecim
980 1710 1215 1773 omnia
1245 1710 1431 1773 bona
1458 1727 1589 1773 sua
1619 1711 1692 1773 in
1719 1709 1871 1790 eJus
1900 1727 2153 1773 manus
2180 1710 2578 1789 resignare,
2612 1719 2688 1772 ut
2715 1710 3036 1790 pauperi-

568 1818 700 1880 bus
724 1816 1203 1894 distribueret,
1231 1817 1465 1897 parati
1487 1828 1690 1881 erant
1713 1826 1782 1880 et
1811 1818 2139 1883 eumdem
2169 1817 2399 1897 sequi;
2431 1816 2558 1879 sed
2585 1826 2870 1896 praeter
2910 1834 3038 1879 sex

572 1923 998 2004 praedictOS,
1031 1941 1163 1986 nec
1192 1924 1324 1987 hos
1350 1942 1483 1987 nec
1514 1925 1713 2004 alioS,
1745 1925 1867 2005 qui
1895 1922 1966 1987 id
1995 1926 2225 2004 ipsum
2254 1924 2595 2004 optabant
2617 1973 2631 2001 ,
2666 1924 3038 1987 admittere

580 2031 821 2107 voluit,
855 2031 1079 2094 donec
1109 2032 1195 2094 de
1225 2030 1542 2110 Collegio
1573 2018 2011 2095 admittendo
2052 2032 2434 2111 quidquam
2477 2030 2659 2093 certi
2697 2030 2772 2092 P.
2820 2029 3036 2092 Fran-

570 2138 805 2201 ciscus
832 2139 1316 2201 constitueret.
1352 2136 1427 2202 Si
1456 2147 1693 2202 tamen
1729 2140 1821 2202 ad
1860 2138 2191 2203 Sinarum
2228 2154 2530 2217 regnum
2558 2135 2865 2199 eundum
2903 2136 3038 2217 ipsi

576 2255 797 2324 esset,
829 2261 954 2307 eos
982 2254 1060 2308 ut
1089 2244 1570 2326 coadJ’utoreS,
1606 2246 1768 2308 licet
1807 2264 1951 2308 non
1987 2245 2061 2308 in
2100 2243 2525 2308 Societatem
2563 2237 2881 2307 n'ostram
2921 2242 3037 2305 ad·

578 2348 1041 2432 mitterentur,
1075 2351 1332 2415 adduci
1360 2370 1568 2432 posse
1597 2353 1980 2431 cogitabat.
2016 2351 2306 2414 Interim
2342 2359 2410 2413 et
2449 2350 2523 2413 in
2555 2349 2812 2430 spiritu
2855 2358 2924 2412 et
2964 2350 3037 2412 in

576 2457 829 2521 litteris
857 2474 986 2521 sex
1015 2458 1172 2521 illos
1202 2459 1628 2522 domesticos
1657 2459 2060 2537 excolebam
2094 2471 2163 2522 et
2194 2457 2412 2537 aliqui
2442 2464 2728 2537 praeter
2759 2456 3038 2520 illosad

575 2565 912 2628 lectiones
942 2566 1405 2640 accedebant,
1440 2583 1618 2645 quos
1647 2566 1719 2628 in
1749 2566 2117 2629 desideriis
2154 2563 2466 2645 patiendi
2509 2572 2798 2643 propter
2839 2562 3032 2626 Chri-

574 2681 763 2734 stum
793 2688 1038 2736 omnes
1065 2672 1571 2737 inflammabat.

692 2777 835 2841 359.
924 2779 1103 2843 Cum
1144 2780 1689 2843 concionaretur
1736 2780 1809 2842 in
1856 2781 2158 2843 ecclesia
2208 2780 2283 2843 P.
2341 2779 2645 2860 Gaspar,
2698 2789 3039 2843 evocatus

572 2893 684 2947 est
713 2903 757 2948 a
783 2902 955 2965 rege
987 2885 1320 2964 Ormutii,
1355 2887 1474 2966 qui
1502 2904 1663 2950 cum
1693 2905 1777 2949 eo
1809 2887 2102 2950 contulit
2132 2888 2448 2950 animum
2476 2904 2681 2950 suum
2709 2887 2800 2956 ad
2841 2886 3034 2950 Chri-

572 2992 669 3054 sti
696 2993 1111 3072 religionem
1138 3009 1604 3074 p1·opensum;
1646 3011 1723 3056 se
1762 2994 2010 3057 timere
2048 3004 2287 3058 tamen
2325 2994 2671 3075 primores
2709 2993 2912 3073 regni
2946 3009 3035 3056 ne

575 3101 1078 3164 tumultuarent
1110 3100 1575 3180 significabat.
1611 3101 1726 3164 Ad
1766 3101 1835 3164 id
1876 3101 2110 3165 visum
2149 3100 2278 3164 fuit
2317 3101 2650 3181 expedire
2690 3109 2765 3163 ut
2803 3099 3035 3180 dispu-

578 3206 752 3270 tatio
782 3209 1134 3287 quaedam
1164 3226 1410 3272 coram
1438 3209 1592 3288 ipso
1623 3209 2133 3287 institueretur,
2168 3209 2283 3271 cui
2314 3226 2477 3272 cum
2512 3209 2860 3289 primores
2904 3207 3037 3270 dis-

575 3312 990 3378 simulanter
1027 3316 1306 3380 evocati
1344 3317 1704 3396 adessent,
1747 3316 2080 3396 sperabat
2118 3315 2192 3378 P.
2238 3316 2541 3396 Gaspar,
2589 3316 2724 3378 hac
2762 3314 3037 3377 ratione

574 3421 872 3484 detectis
923 3424 1311 3502 erroribus,
1363 3441 1508 3486 non
1555 3440 1769 3502 aegre
1818 3424 2090 3487 laturos
2139 3440 2295 3486 esse
2345 3439 2728 3486 saracenos
2777 3421 2838 3484 si
2885 3420 3038 3483 Rex

577 3528 839 3592 Christi
868 3529 1078 3593 fidum
1107 3532 1671 3610 amplecteretur.
1706 3531 1793 3594 Et
1820 3530 1969 3594 fere
2008 3530 2262 3611 viginti
2290 3530 2507 3594 millia
2536 3546 3039 3593 saracenorum

573 3646 933 3700 commota
971 3625 1172 3700 erant
1221 3647 1295 3699 ut
1346 3637 1593 3700 eodem
1642 3635 1784 3716 die,
1838 3655 1978 3716 quo
2029 3636 2183 3700 Rex
2235 3638 2734 3717 baptizaretur,
2789 3644 2857 3698 et
2906 3635 3039 3715 ipsi

578 3742 795 3806 etiam
824 3743 1254 3823 baptismum
1280 3744 1750 3824 susciperent,
1787 3755 1856 3807 et
1886 3745 2085 3807 multi
2112 3762 2203 3806 ex
2230 3744 2577 3807 nobilibus
2610 3743 2757 3823 jam
2795 3743 2881 3805 de
2918 3760 3038 3805 no-

578 3849 885 3913 minibus
916 3850 1318 3913 christianis
1349 3861 1417 3914 et
1447 3849 1534 3914 de
1564 3851 1867 3932 patrinis
1908 3851 2237 3930 agebant.
2281 3850 2556 3931 Sparsit
2596 3850 2878 3913 interim
2916 3849 3038 3911 hu-

579 3974 832 4020 manae
861 3958 1339 4036 generationis
1366 3957 1691 4020 inimicus
1719 3956 1985 4020 famam
2013 3957 2200 4038 quod
2237 3957 2391 4020 Rex
2424 3956 2573 4037 jam
2610 3956 3038 4020 christianus

579 4072 754 4143 erat;
789 4064 972 4127 unde
1003 4064 1095 4142 id,
1130 4065 1315 4145 quod
1345 4082 1505 4127 cum
1533 4064 1728 4144 Rege
1758 4064 2039 4145 Gaspar
2069 4065 2561 4142 constituerat,
2596 4062 2686 4126 ad
2710 4061 3037 4125 effectum

580 4189 720 4234 non
750 4171 965 4234 venit.
1002 4171 1089 4234 Et
1120 4189 1281 4234 cum
1311 4171 1527 4252 aliqui
1556 4170 1706 4251 eJus
1736 4172 1996 4234 subditi
2026 4171 2295 4250 Regem
2324 4190 2367 4234 a
2398 4189 2525 4234 suo
2547 4171 2909 4252 proposito
2933 4187 3035 4232 re-

580 4295 868 4342 movere
917 4278 1275 4342 blanditiis
1324 4296 1469 4341 non
1517 4288 1827 4360 possent,
1883 4279 2225 4358 quosdam
2270 4297 2361 4342 ex
2408 4279 2553 4341 suis
2601 4261 3037 4358 sapientibus

580 4387 900 4462 (cambes
929 4387 1214 4464 vocant)
1248 4386 1336 4449 ad
1367 4404 1529 4449 eum
1557 4387 1902 4449 miserunt
1932 4395 2008 4449 ut
2045 4387 2381 4466 dogmata
2419 4385 2801 4449 Mahometi
2837 4402 3036 4466 prae·

580 4493 901 4557 dicantes
930 4512 1091 4558 eum
1122 4513 1167 4557 a
1194 4495 1582 4557 christiana
1610 4494 1954 4573 religione
1982 4501 2434 4572 revocarent;
2479 4511 2657 4575 quos
2684 4493 2839 4556 Rex
2868 4493 3035 4574 lapi-

580 4601 785 4664 dibus
815 4619 1065 4664 caesos
1095 4603 1166 4664 in
1195 4601 1483 4664 exilium
1513 4600 1720 4664 misit.
1757 4599 1896 4664 Sed
1926 4600 2211 4664 tandem
2248 4602 2553 4681 quinque
2592 4619 2681 4664 ex
2718 4600 3038 4681 primori-

581 4698 711 4770 bus
740 4707 1009 4789 Regem
1038 4708 1376 4772 adeuntes
1406 4726 1491 4771 ac
1530 4708 1594 4770 ei
1633 4708 2038 4770 minitantes
2068 4707 2256 4788 quod
2285 4708 2515 4788 ipsum
2542 4717 2778 4772 essent
2805 4708 3038 4772 deserv
