3679 5414
695 465 814 527 624
1621 465 1875 526 Cimon.
1926 462 2078 526 Soc.
2121 465 2260 540 Jas.

699 613 1140 677 :summanda'
1170 629 1567 693 propensus
1606 611 2002 675 v1debatur.
2037 611 2147 675 Ex
2176 611 2509 676 subsidiis
2539 622 2800 690 tamen,
2835 613 2998 676 licet
3027 630 3171 676 non

705 722 949 799 firmiS,
985 720 1137 802 ejus
1166 728 1234 783 et
1269 720 1593 800 aliorum,
1626 720 1855 782 nostri
1885 719 2475 782 sustentabantur
2514 718 2553 781 ¹.

829 827 969 890 477.
1056 827 1218 910 Jam
1261 828 1349 890 ab
1394 827 1619 905 initi0,
1669 844 1806 907 quo
1846 825 2333 907 Methymnam
2373 835 2689 889 venerat.
2733 826 2809 889 P.
2853 826 3174 907 Baptista

703 934 1065 1015 SancheZ,
1119 936 1424 1016 populus
1474 952 1636 998 eum
1685 951 1950 1014 magna
1998 932 2377 997 dilectione
2426 942 2494 997 et
2544 935 2946 997 reverentia
2994 936 3173 998 cole-

706 1043 851 1120 bat,
885 1043 1173 1124 ejusque
1215 1042 1642 1106 documenta
1682 1051 1894 1122 atque
1937 1041 2240 1104 consilia
2269 1050 2345 1104 ut
2386 1041 2852 1104 saluberrima
2889 1042 3173 1121 plurimi

699 1152 1202 1231 sequebantur,
1247 1159 1316 1213 et
1351 1168 1478 1231 per
1525 1149 1677 1230 ejus
1717 1149 2100 1212 conciones
2143 1158 2212 1212 et
2254 1149 2785 1212 exhortationes
2836 1149 3036 1211 multi
3074 1150 3173 1213 ni·

701 1260 924 1322 mium
965 1259 1275 1322 vestium
1325 1258 1593 1320 cultum
1641 1256 1709 1320 et
1760 1256 2175 1320 dissolutam
2225 1256 2419 1320 vitae
2469 1256 2884 1330 lasciviam,
2921 1256 3174 1336 quibus

705 1378 917 1429 antea
948 1365 1379 1444 diffluebant,
1414 1382 1575 1428 cum
1615 1380 1877 1444 magna
1907 1364 2272 1427 hominum
2317 1362 2789 1427 admiratione
2827 1375 2896 1426 et
2938 1363 3172 1427 aedifi-

699 1475 984 1538 catione
1016 1474 1088 1536 in
1118 1472 1512 1535 modestam
1544 1488 1629 1534 ac
1659 1480 2129 1551 temperatam
2174 1471 2366 1533 vitae
2409 1472 2758 1534 rationem
2787 1480 3171 1534 commuta·

695 1590 898 1660 runt;
926 1582 1109 1643 inter
1131 1582 1261 1643 hos
1286 1588 1657 1643 matronae
1682 1578 2031 1659 quaedam
2054 1578 2418 1641 nobilitate
2441 1586 2511 1640 et
2530 1579 2886 1659 opulentia
2910 1579 3170 1656 clarae,

697 1707 890 1770 quae
914 1705 1058 1751 non
1086 1696 1362 1751 tantum
1391 1688 1478 1750 ob
1510 1687 1926 1750 deliciarum
1957 1696 2024 1748 et
2055 1702 2528 1766 expensarum
2571 1686 2644 1747 in
2673 1686 2988 1748 vestibus
3015 1703 3175 1766 pro·

693 1796 1051 1859 fusionem
1074 1796 1256 1858 male
1281 1793 1682 1871 audiebant,
1710 1810 1963 1856 verum
1985 1794 2201 1855 etiam
2224 1802 2298 1855 ut
2322 1792 2752 1855 inventrices
2773 1791 3173 1872 hujusmodi

701 1920 938 1967 rerum
969 1902 1484 1982 superfluarum
1513 1902 1585 1964 in
1614 1918 1735 1964 ore
1775 1901 2139 1964 hominum
2169 1910 2371 1962 erant
2400 1898 2446 1959 ³.

822 2008 962 2073 478.
1050 2010 1224 2072 Erat
1261 2010 1479 2072 etiam
1515 2010 1629 2071 vir
1674 2009 1983 2089 quidam,
2031 2008 2151 2087 qui
2192 2008 2480 2070 omnino
2518 2006 3035 2070 deliberaverat
3075 2008 3171 2069 al·

699 2118 837 2181 teri
865 2117 1146 2181 cuidam
1176 2118 1525 2196 insignem
1559 2114 1886 2196 injuriam
1917 2115 2199 2179 inferre.
2236 2115 2335 2195 Is,
2379 2132 2541 2178 cum
2585 2115 2908 2178 concioni
2937 2114 3172 2177 Patris

699 2224 1166 2303 interfuisset,
1222 2224 1324 2287 sic
1364 2232 1834 2304 compunctus
1882 2232 1988 2286 est
2027 2233 2102 2286 ut
2144 2223 2358 2286 animi
2400 2224 2659 2285 malam
2711 2222 3169 2285 intentionem

698 2333 940 2396 statim
969 2332 1375 2412 deponeret,
1411 2331 1769 2394 inimicum
1795 2330 2021 2393 adiret
2052 2340 2118 2392 et
2151 2348 2310 2393 cum
2335 2348 2419 2392 eo
2454 2331 2524 2393 in
2548 2331 2855 2409 gratiam
2886 2329 3168 2407 rediret,

698 2456 963 2518 magno
995 2456 1156 2502 cum
1184 2439 1446 2517 gaudio
1478 2438 1945 2517 quorumdam
1974 2437 2426 2500 sacerdotum
2455 2437 2698 2517 templi
2727 2436 2815 2499 D.
2846 2436 3165 2518 joannis,

699 2545 774 2608 in
804 2563 941 2625 quo
971 2546 1044 2609 id
1068 2545 1348 2624 accidit,
1385 2545 1640 2625 quique
1682 2544 1751 2607 id
1780 2544 2047 2608 nostris
2092 2545 2504 2607 retulerunt.
2554 2544 2715 2606 Fuit
2758 2544 2971 2606 etiam
3010 2543 3171 2606 insi-

699 2654 863 2733 gnis
892 2654 1266 2717 conversio
1297 2653 1610 2717 mulieris
1642 2651 2034 2732 quusdam,
2070 2669 2251 2734 quae
2281 2652 2450 2716 viro
2496 2653 2726 2716 alieno
2757 2653 2875 2716 diu
2916 2668 3167 2716 concu-

699 2761 866 2824 bina
909 2760 1170 2840 fuerat,
1225 2771 1326 2839 et,
1381 2761 1623 2823 audito
1675 2778 1816 2823 uno
1868 2778 1958 2823 ex
2008 2761 2234 2823 tribus
2286 2761 2730 2823 sermonibus
2778 2759 3161 2837 PassioniS,

697 2876 898 2932 tanto
930 2868 1170 2931 dolore
1201 2867 1544 2931 transfixa
1583 2867 1712 2931 fuit
1749 2876 1826 2930 ut
1867 2866 2123 2931 faciem
2164 2885 2366 2930 suam
2409 2868 2763 2947 unguibus
2790 2868 3163 2946 laceraret,

688 2976 952 3056 capitis
981 2975 1331 3038 velamine
1363 2974 1706 3052 detract0,
1741 2982 1810 3036 et
1833 2973 2210 3054 quemdam
2242 2974 2558 3054 Collegio
2581 2985 2828 3039 nostro
2853 2975 3164 3037 vicinum

697 3083 955 3146 obnixe
984 3082 1351 3162 rogaverit
1380 3091 1456 3144 ut
1486 3100 1528 3144 a
1558 3080 1631 3143 Ρ.
1668 3081 2010 3160 Baptista,
2047 3082 2579 3160 concionatore,
2614 3082 3053 3162 impetraret,
3087 3094 3167 3145 ut

698 3191 919 3270 ipsius
968 3190 1181 3252 vellet
1235 3188 1755 3252 confessionem
1796 3189 2065 3266 audire;
2121 3188 2310 3268 quod
2352 3207 2511 3252 cum
2551 3190 3019 3270 impetrasset,
3075 3191 3166 3253 ad

698 3297 1044 3384 honestae
1086 3296 1278 3359 vitae
1328 3297 1678 3359 rationem
1728 3296 1830 3358 sic
1882 3313 1958 3358 se
2001 3297 2318 3375 contulit,
2375 3306 2452 3359 ut
2501 3315 2643 3360 non
2693 3297 3044 3360 desineret
3094 3298 3166 3362 in

689 3404 1166 3467 amaritudine
1196 3403 1474 3467 animae
1506 3421 1678 3466 suae
1710 3420 1935 3466 annos
1965 3405 2205 3484 lapsos
2246 3405 2669 3483 recogitare.

816 3510 956 3573 479.
1044 3511 1273 3574 Tanto
1323 3510 1585 3573 affectu
1624 3511 1892 3573 nostris
1932 3511 2147 3591 aliqui
2186 3529 2276 3573 ex
2316 3511 2450 3574 illis
2489 3513 3001 3575 mercatoribus
3043 3512 3163 3575 ad·

697 3618 1087 3681 haerebant
1126 3626 1202 3681 ut
1249 3635 1430 3680 unus
1469 3634 1745 3696 eorum,
1787 3617 1908 3696 qui
1947 3619 2197 3680 crebro
2246 3619 2509 3682 nostris
2550 3618 2867 3683 confiteri
2916 3621 3166 3685 solitus

687 3734 873 3805 erat,
909 3743 1068 3787 cum
1098 3725 1189 3787 ad
1227 3725 1580 3788 nundinas
1621 3723 1994 3787 Villalonis
2033 3725 2261 3788 iturus
2301 3736 2516 3804 esset,
2560 3727 3161 3806 lacrymabundus

697 3830 886 3912 apud
907 3842 1190 3895 nostros
1201 3832 1576 3913 jacturam,
1604 3849 1815 3912 quam
1833 3849 1918 3893 eo
1934 3841 2249 3912 tempore
2267 3833 2628 3895 absentiae
2644 3818 2963 3897 facturus
2978 3845 3155 3913 erat,

696 3939 1119 4019 deploraret.
1149 3938 1282 4002 Hic
1307 3939 1522 4002 etiam
1536 3939 1823 4002 uberem
1837 3939 2168 4019 fructum,
2191 3940 2312 4020 qui
2334 3940 2406 4002 in
2430 3941 2687 4021 oppido
2706 3940 3158 4022 Methymnae

773 4144 796 4175 ¹
852 4144 1149 4189 Bernartius
1170 4143 1428 4189 oliverius
1449 4144 1800 4189 Maximiliano
1821 4144 2037 4200 Capella
2053 4178 2064 4199 ,
2085 4148 2237 4201 plura
2268 4146 2329 4189 de
2360 4149 2513 4190 rebus
2532 4146 2942 4191 Lovaniensibus
2956 4180 2967 4200 ,
2989 4157 3162 4190 mense

691 4215 859 4271 Junio;
881 4216 1136 4261 Polaticus
1151 4249 1162 4271 ,
1185 4227 1252 4260 ex
1270 4228 1430 4268 com„
1448 4217 1602 4260 fratri
1625 4216 1905 4272 Sevillano,
1928 4217 2084 4261 licere
2109 4217 2358 4262 Societati
2380 4229 2557 4262 curam
2579 4230 2838 4262 assumere
2861 4219 3163 4273 designandi

693 4289 1088 4341 confessarium,
1112 4289 1197 4342 qui
1219 4288 1279 4331 de
1303 4286 1562 4333 Societate
1596 4301 1695 4333 non
1729 4289 1795 4333 sit
1831 4295 1883 4332 et
1918 4288 2193 4333 Conversis
2227 4290 2291 4333 ad
2327 4290 2578 4344 pietatem
2604 4292 2847 4345 juvandis
2881 4292 3163 4344 incumbat;

685 4361 817 4405 item
839 4360 1077 4404 Rectoris
1098 4361 1149 4405 in
1173 4361 1405 4415 collegio
1423 4367 1740 4416 potestatem
1760 4373 1879 4405 eam
1899 4373 2011 4406 esse
2034 4373 2186 4416 quam
2206 4364 2251 4405 ei
2277 4362 2617 4406 provincialis
2637 4364 3111 4415 communicaverit,
3143 4364 3161 4406 1

694 4432 1033 4488 Septembris.

773 4505 796 4536 ¹
849 4504 1128 4560 Polancus,
1152 4517 1218 4549 ex
1239 4518 1368 4550 com.
1386 4540 1400 4560 ,
1419 4506 1568 4550 Patri
1590 4505 1815 4550 Antonio
1838 4507 1900 4550 de
1922 4508 2093 4551 Araoz
2109 4540 2120 4560 ,
2151 4507 2211 4551 de
2248 4506 2629 4551 Conversarum
2662 4507 2808 4551 domo
2830 4507 3156 4564 Methymnae

692 4582 884 4628 erecta,
901 4576 952 4619 id
974 4583 1177 4620 tantum
1200 4589 1230 4620 a
1252 4577 1513 4621 societate
1537 4578 1587 4621 in
1609 4579 1909 4632 obsequium
1926 4578 2055 4622 Dno.
2079 4579 2331 4622 Roderico
2348 4580 2409 4622 de
2432 4579 2639 4622 Dueiias
2661 4578 2769 4622 fieri
2791 4590 2939 4633 posse
2956 4612 2966 4632 ,
2991 4590 3078 4631 sc..
3100 4583 3156 4621 ut

681 4657 871 4690 ‘earum
891 4648 1261 4701 confessarius,
1286 4650 1371 4704 qui
1393 4650 1454 4693 de
1476 4649 1735 4694 societate
1767 4661 1867 4694 non
1899 4650 1993 4704 sit,
2026 4662 2058 4695 a
2088 4651 2308 4694 Rectore
2330 4652 2505 4695 domus
2538 4663 2627 4695 seu
2659 4651 2872 4705 collegii
2908 4649 3168 4705 Methym-

687 4719 864 4762 nensis
887 4719 1204 4775 designetur,
1225 4722 1251 4764 4
1266 4720 1420 4773 Junii.
