3679 5414
649 473 761 533 328
1590 471 1844 533 Cnaox.
1889 472 2047 533 Soc.
2087 475 2229 548 Jsss.

651 621 802 684 rica
833 621 1119 700 egregie
1150 629 1295 684 tam
1324 629 1565 684 tenera
1597 620 1668 684 in
1712 629 1945 684 aetate
1983 631 2314 685 versatus
2352 630 2421 685 et
2464 622 2747 702 ingenio
2790 641 2956 688 raro
2992 625 3111 688 ad-

650 728 939 791 modum
968 728 1349 808 praedituS.
1385 727 1563 790 Cum
1592 728 2014 808 quibusdam
2043 728 2408 808 magistris
2437 727 2911 793 Salmanticae
2950 748 3110 794 con-

649 835 881 899 ferens
904 852 1207 914 magnae
1230 835 1364 898 illis
1388 834 1838 899 admirationi
1860 835 2011 913 fuit;
2043 854 2206 899 cum
2228 836 2413 899 enim
2437 837 2876 916 theologicas
2904 847 2974 901 et
3003 857 3110 902 ar-

645 941 825 1005 duas
854 943 953 1005 illi
978 942 1428 1024 quaestiones
1454 954 1956 1024 proponerent,
1984 943 2307 1007 claritate
2333 944 2598 1023 ingenii
2621 954 2687 1007 et
2711 946 3112 1025 eloquentia

645 1050 752 1114 sic
781 1048 1252 1131 respondebat
1281 1058 1358 1113 ut
1397 1051 1682 1113 omnino
1721 1067 1935 1131 supra
1982 1059 2286 1114 aetatem
2322 1051 2499 1114 haec
2538 1050 2728 1115 dona
2757 1051 2893 1114 Dei
2923 1053 2995 1115 in
3022 1071 3108 1117 eo

640 1165 1137 1235 -cernerentur3
1172 1157 1412 1219 statim
1439 1166 1677 1220 autem
1705 1174 1829 1220 eos
1860 1157 1951 1220 ad
1989 1157 2441 1237 perfectionis
2481 1167 2742 1221 statum
2781 1159 3107 1223 hortaba-

640 1272 782 1342 tur,
816 1262 985 1326 illud
1022 1263 1515 1343 evangelicum
1544 1264 1937 1326 adducens:
1969 1263 2042 1325 si
2064 1263 2180 1336 vis
2199 1265 2573 1344 perfectus
2601 1283 2789 1342 esse,
2819 1275 2952 1329 ete.
2985 1266 3106 1331 Bis

644 1371 719 1434 in
745 1372 1121 1434 refectorio
1152 1371 1341 1434 domi
1369 1370 1812 1451 praedicavit
1842 1371 1929 1434 de
1967 1370 2359 1451 Evangelio
2404 1372 2589 1435 illius
2626 1373 2795 1452 diei,
2837 1383 2906 1436 et
2942 1391 3105 1437 curn

643 1478 826 1541 duas
853 1486 1129 1542 tantum
1158 1479 1272 1541 vel
1302 1486 1446 1541 tres
1474 1478 1689 1541 horas
1718 1478 1808 1541 ad
1839 1479 2204 1542 concionis
2234 1480 2854 1560 praeparationem
2891 1481 2956 1544 ei
2998 1499 3103 1544 re-

645 1586 1032 1665 liquissent,
1061 1603 1176 1648 res
1204 1586 1339 1648 illis
1367 1585 1714 1667 stupenda
1742 1585 2136 1666 videbatur,
2165 1586 2525 1650 concionis
2554 1588 2920 1668 utriusque
2941 1606 3103 1651 con-

646 1701 883 1756 textus
940 1701 1009 1755 et
1067 1692 1594 1772 Scripturarum
1659 1693 2064 1755 testimonia
2133 1711 2315 1774 quae
2382 1694 2798 1757 adducebat.
2869 1694 3108 1759 Pietas

642 1809 882 1863 autem
912 1819 998 1863 ac
1027 1801 1255 1863 virtus
1284 1818 1427 1863 non
1456 1800 1686 1863 minor
1717 1817 1930 1879 quam
1964 1801 2323 1879 ingenium
2352 1801 2424 1864 in
2464 1801 2619 1881 ipso
2659 1803 3102 1870 cernebatur.

644 1907 712 1969 Is
739 1907 811 1969 in
839 1906 1354 1986 Portugalliam
1384 1907 1665 1970 demum
1694 1907 1953 1970 missus
1983 1916 2111 1986 est,
2147 1908 2476 1988 quamvis
2504 1918 3109 1989 conquererentur

640 2014 868 2077 nostri
899 2014 1390 2094 hispanienses
1419 2014 1676 2077 ostium
1709 2023 2034 2093 apertum
2057 2032 2213 2077 esse
2237 2015 2328 2076 ad
2350 2024 2635 2078 nostros
2658 2015 2729 2078 in
2744 2015 3110 2096 Portugal·

642 2121 811 2185 liam
838 2121 1239 2200 mittendos,
1273 2138 1419 2184 non
1449 2130 1688 2184 autem
1717 2121 1808 2184 ad
1839 2139 2264 2202 quemquam
2294 2140 2384 2185 ex
2413 2122 2531 2184 illa
2561 2122 3022 2187 educendum.

758 2228 899 2291 334.
988 2228 1064 2291 Ρ.
1097 2228 1413 2311 Joannes
1444 2228 1778 2308 Alvarez,
1812 2229 1932 2308 qui
1960 2238 2205 2309 postea
2235 2228 2549 2311 Joannes
2587 2229 2848 2293 Paulus
2879 2231 3108 2294 dictus

640 2336 798 2415 fuit,
854 2353 1015 2399 cum
1064 2334 1541 2399 Salmanticae
1582 2336 1931 2398 imbecilla
1980 2344 2165 2399 esset
2204 2336 2648 2416 valetudine,
2685 2336 3102 2415 Granatam,

630 2460 817 2523 quae
848 2442 981 2523 ipsi
1011 2443 1242 2523 patria
1274 2452 1449 2522 erat,
1483 2443 1744 2524 partim
1772 2451 1849 2506 ut
1879 2442 2070 2505 vires
2100 2445 2422 2524 corporis
2446 2453 2919 2525 recuperaret,
2947 2462 3105 2525 par-

630 2551 767 2613 tim
795 2558 871 2612 ut
901 2549 1233 2630 Episcopi
1283 2549 1660 2613 Abulensis
1697 2549 2020 2630 petitioni
2059 2549 2464 2629 satisfieret,
2500 2568 2662 2614 cum
2706 2551 2901 2615 socio
2946 2552 3104 2615 mis-

635 2674 758 2720 sus
788 2665 915 2719 est.
949 2654 1083 2720 Per
1108 2656 1426 2720 Ubedam
1455 2666 1522 2721 et
1545 2656 1852 2720 Baezam
1873 2673 2036 2720 cum
2057 2657 2190 2721 iter
2211 2657 2550 2737 facerent,
2578 2658 2852 2740 aliquos
2876 2658 2971 2723 ibi
2994 2676 3101 2723 sa·

629 2764 961 2827 cerdotes
984 2774 1053 2827 et
1080 2764 1568 2843 scholasticoS,
1592 2763 1826 2827 Patris
1847 2755 2062 2827 Avila
2087 2764 2493 2845 discipulos,
2522 2766 2966 2845 invenerunt,
2988 2767 3107 2846 qui

635 2871 844 2935 valde
874 2872 966 2936 ad
994 2870 1422 2935 Societatem
1451 2872 1828 2935 ineundam
1861 2880 2064 2935 erant
2093 2873 2457 2952 propensi;
2503 2872 2686 2936 inter
2726 2890 2906 2953 quos
2949 2883 3105 2936 erat

634 2979 983 3042 Dominus
1012 2979 1330 3042 Didacus
1361 2979 1447 3042 de
1487 2979 1843 3058 Guzman,
1879 2980 2283 3058 theologus,
2328 2979 2623 3043 Comitis
2664 2980 3105 3044 Bailenensis

630 3086 875 3165 frater,
910 3096 979 3150 et
1002 3086 1284 3167 Gaspar
1305 3086 1589 3164 Loarte,
1616 3086 2019 3165 theologiae
2042 3086 2312 3165 doctor,
2340 3086 2482 3165 qui,
2507 3085 2845 3150 facultate
2870 3088 2960 3151 ab
2984 3106 3097 3151 eo·
3163 3090 3166 3093 ’

625 3194 794 3257 dem
814 3194 890 3258 P.
921 3194 1133 3258 Avila
1157 3203 1477 3273 accepta,
1505 3193 1595 3256 ad
1617 3191 2048 3256 Societatem
2065 3193 2405 3256 accedere
2425 3193 2912 3258 decreverant.
2943 3195 3104 3278 Jam

624 3310 869 3364 tamen
899 3302 998 3365 illi
1028 3301 1098 3363 in
1127 3301 1365 3381 pueris
1396 3299 1734 3363 docendis
1764 3308 1833 3362 et
1864 3299 2024 3362 aliis
2052 3300 2432 3363 humilibus
2480 3302 3105 3365 exercitationibus

628 3409 702 3472 in
731 3409 1216 3489 proximorum
1248 3407 1586 3471 auxilium
1615 3407 2118 3485 versabantur;
2151 3416 2221 3470 et
2250 3408 2338 3470 de
2368 3408 2687 3471 instituto
2726 3407 3103 3472 Societatis

631 3515 975 3595 maj0rem
996 3514 1324 3578 notitiam
1346 3532 1387 3576 a
1413 3513 1486 3577 Ρ.
1519 3513 1795 3596 Joanne
1825 3514 2135 3577 Alvarez
2164 3515 2628 3596 accipienteS,
2664 3533 2751 3579 ac
2781 3533 3102 3596 praeser-

624 3625 759 3687 tim
787 3623 873 3685 de
903 3623 1375 3703 abnegatione
1402 3621 1734 3702 propriae
1757 3620 2165 3698 voluntatiS‚
2193 3622 2638 3686 satisfactum
2661 3623 2799 3685 illis
2825 3622 3102 3686 abunde

621 3730 778 3809 fuit,
814 3739 883 3793 et
912 3731 1123 3810 paulo
1151 3738 1312 3810 post
1344 3728 1433 3791 ad
1462 3727 1910 3809 provinciam
1941 3727 2416 3808 Guipuzcoae,
2452 3730 2572 3792 ubi
2600 3738 2754 3792 erat
2779 3729 2853 3793 P.
2881 3730 2940 3792 F
2943 3748 3101 3793 ran·

623 3837 863 3901 ciscus
892 3837 1178 3915 Borgia,
1212 3854 1289 3899 se
1319 3835 1789 3899 contulerunt.
1827 3834 2309 3899 Concionatus
2348 3845 2456 3899 est
2484 3835 2744 3900 ibidem
2778 3836 2854 3899 P.
2890 3836 3101 3919 Joan-

624 3962 757 4008 nes
784 3943 1095 4008 Alvarez
1124 3952 1326 4007 tanta
1356 3959 1516 4006 curn
1546 3943 2018 4005 commotione
2049 3944 2291 4023 populi
2319 3954 2396 4006 ut
2440 3943 2654 4007 etiam
2697 3954 2857 4024 post
2897 3944 3100 4007 meri·

628 4052 816 4115 diem
871 4051 1136 4114 eisdem
1193 4049 1603 4113 concionari
1662 4049 2084 4130 importunis
2142 4050 2469 4130 precibus
2527 4053 2934 4131 compulsus
2986 4051 3100 4114 de-

636 4159 887 4222 buerit.

750 4265 892 4327 335.
980 4265 1376 4329 Granatam
1400 4264 1681 4327 demum
1701 4263 2127 4344 perveniens
2150 4264 2391 4326 statim
2413 4264 2626 4344 aliqui
2649 4264 3000 4343 urgebant
3022 4274 3099 4327 ut

624 4372 1045 4435 co'ncionari
1074 4371 1445 4451 inciperet;
1478 4371 1664 4450 quod
1695 4381 1933 4433 tamen
1962 4370 2076 4432 ille
2106 4388 2183 4433 se
2211 4368 2565 4433 facturum
2605 4372 2928 4450 negavit,
2962 4371 3103 4434 nisi

633 4480 828 4560 prius
843 4478 1084 4542 habita
1109 4479 1196 4541 ab
1222 4477 1500 4540 officiali
1523 4477 2066 4557 Archiepiscopi
2088 4476 2446 4555 facultate,
2475 4495 2616 4559 qua
2642 4486 2879 4541 tamen
2895 4477 3102 4558 juxta

631 4594 877 4648 nostra
903 4585 1281 4666 privilegia
1310 4602 1451 4647 non
1481 4583 1863 4663 indigebat.
1910 4583 2157 4647 Adivit
2202 4601 2375 4664 ergo
2418 4585 2787 4648 officialem
2825 4586 2939 4648 vel
2978 4584 3100 4649 Vi·

626 4692 906 4754 carium
930 4701 1003 4754 et
1021 4690 1453 4770 facultatem,
1480 4708 1693 4771 quam
1717 4710 1757 4754 a
1789 4691 2079 4754 doctore
2102 4691 2441 4755 Torrensi
2463 4692 2793 4769 habebat,
2821 4694 3102 4756 concio·
