3679 5414
690 449 801 509 408
1605 446 1861 509 Cimon.
1905 447 2056 507 Soc.
2099 450 2239 523 Jsss.

696 592 874 655 Cum
900 609 1073 671 ergo
1098 592 1277 655 inter
1308 592 1827 672 gubernatores
1860 590 2009 671 ejus
2038 593 2455 672 provinciae
2486 596 2978 658 controversia
3009 605 3166 660 orta

693 708 881 763 esset
933 699 1089 779 quis
1129 717 1373 761 eorum
1415 698 1621 779 hujus
1661 700 1865 780 pueri
1904 717 2154 763 curam
2192 710 2379 763 esset
2421 701 2821 781 habiturus,
2865 702 3166 782 quadra·

692 807 892 887 ginta
923 807 1068 869 fere
1100 806 1238 869 viri
1267 824 1563 887 puerum
1593 807 1781 871 hunc
1812 825 2056 870 secum
2087 817 2530 870 assumentes
2560 808 2650 871 ad
2674 827 2876 872 oram
2898 827 2983 872 ac
3008 826 3168 889 pro·

695 915 1005 978 vinciam
1035 914 1428 993 Comurini,
1480 932 1694 995 quam
1730 914 2140 978 Pescariam
2169 925 2466 994 vocant,
2501 916 2967 995 navigarunt;
3003 934 3172 980 cum·

694 1022 830 1084 illis
879 1022 1065 1084 enim
1117 1021 1521 1084 christianis
1573 1021 1863 1100 antiqua
1907 1022 2042 1084 illis
2087 1022 2400 1085 amicitia
2439 1022 2937 1086 intercedebat.
2983 1023 3162 1087 Cum

692 1144 866 1207 ergo
904 1128 1244 1190 auxilium
1275 1129 1365 1191 ab
1394 1127 1496 1190 eis
1524 1137 1870 1208 peterent,
1904 1128 2002 1190 illi
2033 1128 2390 1191 adhortati
2421 1138 2583 1192 sunt
2621 1147 2918 1210 puerum
2948 1140 3018 1194 et
3059 1132 3161 1195 vi-

690 1252 837 1313 ros,
865 1235 984 1315 qui
1007 1252 1168 1297 eum
1192 1235 1732 1314 comitabantur,
1767 1245 1845 1298 ut
1875 1235 2243 1311 christiani
2265 1234 2529 1299 fierent.
2560 1236 2869 1301 Admisit
2892 1238 3027 1301 hoc
3050 1240 3163 1302 vir

692 1342 829 1421 ille,
865 1342 985 1422 qui
1016 1359 1262 1405 curam
1291 1343 1494 1423 pueri
1523 1342 1851 1421 habebat,
1879 1351 1948 1405 et
1973 1360 2136 1405 cum
2158 1344 2315 1405 aliis
2338 1361 2467 1423 pro
2496 1344 2846 1424 baptismo
2872 1346 3168 1409 solliciti

692 1458 920 1529 erant,
973 1450 1136 1529 licet
1188 1450 1455 1513 nullum
1502 1450 1676 1530 ipsis
1728 1450 2072 1513 auxilium
2122 1459 2308 1513 esset
2362 1451 2927 1533 impendendum.
2984 1452 3161 1516 Cum

693 1557 911 1638 igitur
942 1555 1015 1619 Ρ.
1062 1556 1413 1619 Henricus
1451 1574 1696 1620 eorum
1736 1557 2012 1620 videret
2052 1558 2557 1636 constantiam,
2603 1559 2989 1639 baptizavit
3035 1577 3160 1622 eos

695 1680 968 1742 omnes;
1005 1672 1073 1726 et
1104 1673 1304 1727 tanta
1339 1664 1607 1726 laetitia
1640 1663 1875 1726 affecti
1906 1646 2069 1727 sunt
2097 1681 2412 1743 paravae
2445 1665 2586 1744 (sic
2627 1667 3172 1729 comurinenses

694 1790 785 1835 ex
812 1771 1096 1834 nomine
1128 1788 1299 1834 suae
1328 1770 1560 1849 gentis
1592 1770 1798 1848 voco)
1836 1780 2215 1851 postquam
2244 1789 2370 1834 eos
2408 1772 2790 1835 instructos
2829 1784 2898 1835 et
2939 1774 3166 1855 bapti-

693 1888 894 1942 zatos
924 1879 1285 1957 viderunt,
1318 1888 1426 1957 ut,
1459 1877 1783 1957 quamvis
1813 1895 2164 1959 pauperes
2194 1888 2460 1958 essent,
2493 1880 2682 1942 mille
2711 1881 2907 1942 viros
2936 1899 3161 1944 arma·

693 1996 803 2049 tos
831 1986 933 2048 eis
957 1985 1299 2063 dederint,
1329 1985 1540 2065 quiin
1563 1984 1986 2065 quibusdam
2010 1986 2341 2064 navigiiS,
2371 1984 2720 2064 adjunctis
2744 1988 3166 2065 quibusdam

691 2094 1036 2172 lusitaniS,
1070 2111 1367 2174 puerum
1391 2093 1462 2155 in
1493 2093 1941 2172 possessione
1972 2111 2143 2156 suae
2173 2093 2458 2156 ditionis
2488 2095 3018 2158 constituerent.

811 2200 952 2263 493.
1042 2200 1222 2263 Cum
1261 2210 1497 2263 autem
1539 2200 1910 2264 Ceilanum
1948 2201 2346 2280 venissent,
2391 2202 2489 2264 ibi
2530 2202 2743 2264 etiam
2783 2203 2904 2265 alii
2940 2203 3161 2284 bapti·

693 2326 922 2372 smum
954 2317 1410 2388 acceperunt;
1447 2306 1573 2370 sed
1605 2309 1769 2388 quia
1799 2308 2173 2388 provincia
2203 2309 2474 2371 bellicis
2517 2309 2925 2373 tumultibus
2965 2310 3162 2373 arde-

691 2417 842 2495 bat,
878 2425 946 2479 et
976 2425 1316 2496 patronus
1346 2415 1545 2496 pueri
1574 2433 1717 2478 non
1746 2415 2053 2479 habebat
2082 2415 2267 2478 unde
2301 2416 2560 2478 diutius
2591 2416 3054 2497 christianOS,
3090 2420 3165 2481 in

690 2541 895 2587 suum
945 2523 1285 2585 auxilium
1342 2522 1719 2601 adductos,
1748 2523 2024 2601 aleret,
2079 2532 2457 2603 postquam
2507 2524 2603 2586 ibi
2652 2524 2937 2587 circiter
2986 2523 3169 2588 duos

689 2647 971 2693 menses
1001 2630 1436 2709 exegissent,
1470 2630 1803 2712 expedire
1835 2630 2066 2693 visum
2096 2639 2202 2692 est
2232 2639 2307 2692 ut
2346 2630 2437 2693 ad
2479 2648 2679 2694 suam
2717 2632 3168 2712 provinciam

690 2738 1021 2817 redirent,
1050 2748 1117 2800 et
1147 2756 1445 2818 puerum
1476 2740 1693 2817 illum,
1721 2739 2117 2819 legitimum
2147 2738 2531 2814 dominum,
2568 2757 2609 2802 a
2640 2740 2957 2819 periculo
2980 2758 3159 2804 mor-

689 2845 779 2908 tis
802 2844 1254 2908 abducerent.
1280 2846 1513 2927 Et-ita,
1543 2845 1790 2908 relicto
1813 2845 2168 2926 praesidio
2193 2845 2415 2925 ipsius
2439 2855 2714 2926 patru0,
2745 2846 3158 2925 christianO,

688 2970 860 3032 puer
903 2970 1062 3015 cum
1100 2954 1394 3033 paravis
1447 2972 1491 3016 a
1546 2953 1873 3016 lusitanis
1923 2952 2266 3016 deductus
2310 2962 2418 3015 est
2462 2953 2553 3016 ad
2597 2954 3162 3018 comurinensem

685 3060 1162 3141 provinciam,
1197 3070 1266 3123 et
1298 3061 1459 3124 inde
1506 3061 1597 3124 ad
1636 3060 2050 3139 Pro-regem
2093 3059 2510 3140 perductuS,
2561 3061 2675 3122 cui
2713 3061 3162 3140 gratissimus

683 3167 813 3231 fuit
844 3177 911 3230 et
944 3168 1031 3230 ab
1063 3185 1147 3230 eo
1179 3167 1270 3231 ad
1300 3168 1693 3245 Collegium
1724 3167 2007 3230 Goense
2037 3167 2109 3230 in
2139 3166 2468 3230 doctrina
2514 3176 2582 3229 et
2621 3168 2936 3231 moribus
2980 3167 3158 3232 chri·

685 3275 938 3338 stianis
970 3274 1439 3337 instituendus
1463 3275 1742 3338 missus,
1771 3275 1861 3337 Et
1883 3292 1968 3337 eo
1991 3283 2356 3337 crescente
2386 3283 2455 3336 et
2478 3274 2570 3337 ad
2593 3292 2796 3338 suam
2820 3275 3159 3340 ditionem

683 3382 1043 3460 redeunte,
1071 3382 1259 3444 bona
1290 3399 1454 3460 spes
1484 3391 1636 3444 erat
1666 3380 1858 3460 quod
1898 3398 2143 3443 omnes
2187 3380 2337 3461 ejus
2376 3381 2636 3444 subditi
2676 3381 2883 3444 fidem
2923 3394 3164 3446 essent

683 3489 1080 3569 accepturi;
1126 3498 1194 3552 et
1233 3486 1383 3567 ejus
1423 3488 1703 3568 quidem
1752 3497 2052 3568 patruus
2095 3487 2627 3551 Trichlinamali
2676 3489 2997 3568 relictuS,
3042 3509 3158 3571 po·

684 3605 837 3659 stea
869 3613 1029 3659 cum
1058 3596 1478 3659 adversario
1510 3596 1842 3658 convenit
1873 3595 1998 3658 sed
2028 3596 2164 3659 hac
2194 3595 2618 3675 conditione,
2654 3604 2729 3658 ut
2759 3597 2947 3676 quod
2977 3607 3162 3662 uter-

684 3719 818 3783 que
849 3697 1316 3783 gubernabat,
1352 3696 1443 3766 ad
1472 3720 1791 3784 puerum,
1820 3712 2201 3783 postquam
2233 3702 2322 3765 ad
2354 3712 2659 3766 aetatem
2686 3721 2865 3784 perv
2869 3705 3154 3782 enisset,

682 3810 1089 3891 pertineret.

618 3995 628 4007 ⁶
802 3917 942 3979 494.
1032 3916 1419 3981 Dubitabat
1440 3916 1516 4004 Ρ.
1535 3916 1911 3997 HenricuS,
1930 3934 2093 3980 cum
2111 3926 2401 3995 urgeret
2425 3917 2970 3998 occupationum
2990 3919 3162 3980 mul·

681 4023 907 4087 titudo
932 4024 1003 4086 in
1019 4023 1505 4105 proximorum
1529 4024 1869 4087 auxilium
1894 4032 1962 4086 et
1980 4023 2499 4104 quodammodo
2518 4041 2679 4086 eum
2697 4025 3047 4103 obrueret,
3068 4042 3160 4087 an

682 4130 1051 4211 expediret
1083 4149 1158 4194 se
1192 4130 1645 4194 substrahere
1690 4130 2072 4211 aliquando
2115 4129 2229 4192 his
2273 4130 2878 4210 occupationibus,
2920 4144 3157 4211 quam-

683 4239 795 4301 vis
827 4237 916 4300 ad
947 4238 1347 4301 animarum
1376 4238 1675 4301 salutem
1704 4237 2131 4301 necessariis
2155 4287 2170 4317 ,
2218 4246 2295 4300 ut
2325 4238 2546 4317 quieti
2576 4238 2920 4300 orationis
2949 4256 3160 4301 vaca-

682 4354 823 4421 ret,
858 4363 951 4408 an
981 4346 1216 4426 potius
1245 4346 1422 4407 haec
1453 4345 1652 4424 quies
1685 4354 1753 4407 et
1784 4344 2177 4407 consolatio
2223 4344 2611 4424 spiritualis
2650 4353 2837 4407 esset
2873 4344 3158 4425 postha-

684 4452 915 4517 benda
944 4452 1431 4533 proximorum
1463 4452 1750 4515 auxilio.
1785 4451 1925 4515 Sed
1954 4452 2277 4515 securius
2308 4469 2463 4515 esse
2493 4451 2829 4515 tandem
2812 4469 2961 4531 ipse
2998 4469 3159 4514 con·

686 4560 1021 4623 stituebat
1054 4559 1317 4640 aliquid
1348 4560 1685 4639 temporis
1713 4560 2002 4623 omnino
2032 4558 2166 4621 sibi
2196 4576 2498 4639 sumere,
2524 4569 2598 4622 ut
2623 4558 2813 4620 vires
2835 4559 3157 4637 spiritua-

686 4667 790 4729 les
818 4667 909 4730 ad
933 4665 1288 4747 juvandos
1318 4667 1497 4730 alios
1525 4675 2002 4747 suppeterent.
2083 4678 2091 4689 ·
