3679 5414
1551 461 1678 519 Ax.
1725 462 1865 519 1550
2860 463 2938 521 55

465 608 675 687 priori
704 607 994 671 additus
1023 618 1133 672 est
1161 618 1230 671 et
1259 608 1532 672 fructus
1563 609 1851 672 scholae
1879 625 2023 670 non
2052 625 2305 688 parum
2345 617 2627 687 auctuS,
2673 618 2741 670 et
2778 626 2931 671 ora·

467 715 631 777 tioni
659 715 1078 778 scholastici
1105 716 1179 778 in
1208 717 1470 796 templo
1499 725 1746 780 nostro
1777 733 1939 777 cum
1968 724 2432 795 praeceptore
2471 713 2735 778 dabant
2774 733 2929 795 ope·

466 839 613 884 ram
642 839 727 883 ac
758 822 920 885 aliis
950 822 1235 900 pietatis
1264 822 1596 903 operibus
1627 820 1669 881 ¹.

589 928 719 990 117.
807 927 950 991 Pro
982 928 1348 992 Pontificis
1369 930 1713 992 electione
1737 938 2065 991 curatum
2087 939 2194 991 est
2217 946 2259 990 a
2281 928 2549 991 nostris
2571 936 2648 991 ut
2671 929 2932 991 multae

464 1036 817 1098 orationes
847 1036 940 1099 ad
969 1035 1356 1098 Dominum
1377 1035 1869 1115 funderentur;
1898 1035 2340 1099 addebantur
2364 1036 2456 1098 ad
2478 1036 2550 1098 id
2571 1033 2837 1115 Jejunia
2866 1044 2935 1098 et

463 1142 791 1222 frequens
821 1152 1437 1206 sacramentorum
1464 1160 1635 1206 usus
1654 1192 1668 1221 ‚
1702 1160 1884 1223 quae
1914 1152 2075 1222 post
2116 1143 2533 1205 electionem
2570 1141 2936 1205 Pontificis

463 1250 530 1312 in
579 1249 940 1312 actionem
969 1250 1369 1329 gratiarum
1405 1267 1762 1313 conversa
1799 1257 1995 1328 sunt,
2034 1260 2105 1312 et
2143 1258 2221 1312 ut
2270 1249 2633 1312 Ecclesiae
2664 1250 2935 1329 pastori

461 1357 768 1434 gratiam
806 1374 936 1419 suo
979 1374 1270 1420 munere
1319 1358 1496 1420 bene
1540 1357 1883 1436 fungendi
1910 1358 2373 1437 postularent.
2420 1356 2498 1419 In
2541 1356 2932 1436 quadrage-

465 1463 639 1525 sima
690 1463 993 1543 singulis
1033 1464 1279 1527 diebus
1323 1463 1730 1544 praedictus
1770 1461 1846 1527 P.
1898 1463 2331 1526 Franciscus
2370 1480 2534 1526 cum
2584 1462 2934 1535 auditorio

463 1570 637 1632 satis
665 1569 1023 1651 frequenti
1063 1570 1532 1634 concionatus
1560 1578 1699 1650 est,
1732 1580 1805 1633 et
1842 1587 2004 1633 cum
2035 1569 2280 1633 diebus
2317 1569 2516 1632 festis
2555 1588 2597 1632 a
2635 1570 2934 1650 prandio

461 1686 687 1739 totum
718 1677 1231 1741 catechismum
1256 1679 1331 1740 in
1375 1679 1758 1740 multorum
1791 1678 2196 1758 praesentia
2234 1677 2521 1757 quidam
2550 1694 2722 1757 puer
2762 1677 2937 1740 reci-

462 1794 679 1846 tasset
698 1829 714 1859 ,
749 1801 912 1847 cum
944 1784 1411 1847 admiratione
1441 1794 1512 1847 et
1549 1784 2039 1847 aedificatione
2068 1783 2141 1846 id
2168 1785 2469 1864 populus
2509 1783 2836 1846 audiebat
2865 1794 2933 1847 et

461 1889 897 1969 frequentior
928 1891 1019 1954 ad
1050 1890 1478 1954 audiendum
1505 1891 1579 1954 in
1609 1898 1974 1971 posterum
2003 1890 2272 1953 aderat.

581 1996 718 2060 118.
808 1998 918 2061 Ex
972 1998 1565 2073 confessionibus,
1621 2016 1802 2079 quae
1847 1998 1921 2060 in
1949 1998 2210 2077 templo
2248 1997 2478 2059 Divae
2507 1997 2769 2060 Luciae
2799 1998 2929 2061 sre-

461 2114 755 2182 quentes
784 2105 1278 2183 audiebantur,
1311 2123 1457 2168 non
1494 2106 1723 2167 solum
1764 2102 1879 2167 hic
1920 2104 2335 2184 capiebatur
2372 2104 2671 2183 fructus,
2717 2113 2791 2167 ut
2832 2105 2931 2167 vi·

461 2221 604 2273 tam
641 2211 718 2273 in
761 2211 1012 2273 melius
1059 2211 1380 2285 homines
1417 2219 1773 2274 mutarent
1821 2210 1946 2273 sed
1986 2211 2203 2273 etiam
2244 2209 2334 2271 ad
2375 2209 2702 2289 familiaS,
2750 2228 2930 2291 quae

465 2318 725 2397 optime
756 2317 848 2380 ab
876 2317 980 2380 eis
1009 2318 1082 2380 in
1112 2318 1246 2380 Dei
1275 2318 1527 2381 timore
1571 2326 1641 2381 et
1669 2317 2005 2398 obsequio
2045 2317 2615 2395 instituebantur,
2664 2318 2934 2381 utilitas

465 2423 929 2487 redundabat.
974 2424 1179 2487 Multi
1216 2425 1431 2487 etiam
1469 2424 1764 2487 subinde
1804 2424 1896 2486 ad
1934 2423 2430 2504 perfectiorem
2477 2424 2932 2487 consiliorum

463 2528 722 2592 Christi
751 2531 949 2593 viam
979 2531 1391 2594 sectandam
1414 2548 1491 2594 se
1515 2531 2060 2611 comparabant;
2088 2531 2357 2611 aliquot
2378 2531 2593 2594 etiam
2614 2532 2936 2611 virgines

460 2654 844 2719 paupereS‚
878 2638 1047 2700 dote
1076 2656 1118 2700 a
1148 2638 1411 2701 nostris
1439 2637 1912 2719 eleemosynis
1934 2646 2348 2718 procurata,
2376 2638 2450 2700 in
2479 2638 2932 2703 matrimonio

463 2745 759 2808 honeste
789 2754 954 2808 sunt
983 2746 1395 2808 collocatae.

588 2852 721 2914 119.
812 2852 1148 2931 Quidam,
1180 2852 1300 2932 qui
1340 2852 1578 2914 multis
1619 2851 1826 2913 annis
1855 2868 1898 2913 a
1937 2850 2381 2915 confessione
2419 2852 2928 2931 abstinuerant,

461 2959 1072 3022 exhortationibus
1103 2957 1400 3039 alicujus
1429 2976 1520 3020 ex
1557 2957 1820 3021 nostris
1851 2957 2118 3021 inducti
2157 2967 2351 3037 sunt,
2386 2968 2461 3021 ut
2491 2959 2562 3022 id
2601 2959 2786 3039 quod
2818 2961 2932 3023 de-

459 3066 718 3128 bebant
748 3073 1227 3145 praestarent,
1262 3073 1331 3128 et
1361 3083 1406 3127 a
1433 3063 1884 3144 gravissimis
1914 3063 2193 3127 animae
2221 3064 2556 3144 periculis
2585 3074 2749 3129 sunt
2780 3066 2931 3129 vin-

458 3173 694 3236 dicati.
732 3171 1136 3236 Concordia
1166 3173 1516 3253 quaedam
1534 3221 1548 3250 ‚
1575 3172 1649 3236 in
1669 3190 1811 3252 qua
1841 3173 2041 3235 multi
2062 3172 2332 3234 nobiles
2360 3171 2628 3235 frustra
2651 3173 2927 3237 labora·

460 3288 744 3358 verant,
777 3279 1104 3342 emollitis
1133 3278 1390 3341 animis
1428 3297 1706 3358 eorum,
1750 3279 1869 3360 qui
1908 3296 1950 3339 a
1989 3296 2066 3340 se
2102 3279 2568 3358 dissidebant,
2614 3280 2928 3345 studiose

459 3397 526 3447 et
555 3404 719 3449 cum
748 3403 874 3466 spe
905 3385 1071 3448 boni
1095 3393 1392 3448 eventus
1434 3386 1900 3448 tractabatur.
1936 3383 2168 3464 Multi,
2216 3385 2334 3465 qui
2370 3388 2619 3465 procul
2649 3404 2692 3449 a
2727 3404 2929 3467 paro·

458 3492 616 3554 chia
648 3493 771 3555 illa
802 3492 1192 3568 distabant,
1228 3510 1318 3555 ex
1345 3491 1722 3554 ‘nobilitate
1761 3491 2214 3571 bononiensi,
2259 3492 2376 3555 vel
2413 3493 2690 3555 consilii
2729 3493 2927 3573 spiri-

460 3599 677 3662 tualis
706 3600 826 3662 vel
853 3609 1465 3662 sacramentorum
1494 3598 1731 3677 gratia
1754 3598 1847 3661 ad
1872 3598 2269 3677 Collegium
2299 3608 2621 3662 nostrum
2645 3601 2931 3664 accede-

458 3707 629 3769 bant
660 3705 706 3768 ².

581 3811 716 3875 120.
806 3811 989 3875 Mira
1018 3812 1148 3874 fuit
1177 3811 1552 3875 conversio
1595 3810 1965 3891 cujusdam
1993 3812 2248 3874 nobilis
2287 3812 2771 3892 bononiensis,
2807 3816 2927 3895 qui

456 3929 646 3982 totos
677 3919 932 3999 viginti
971 3926 1132 3981 octo
1163 3936 1389 3981 annos
1420 3919 1685 3998 absque
1729 3918 2174 3982 confessione
2216 3920 2287 3982 in
2325 3920 2750 3983 militaribus
2788 3929 2924 3983 stu-

453 4026 588 4088 diis
605 4027 923 4102 vixerat3
949 4025 1010 4088 is
1031 4034 1292 4103 autem,
1321 4042 1480 4087 cum
1503 4025 1594 4087 ad
1609 4025 1952 4087 exercitia
1973 4025 2366 4106 spiritualia
2391 4027 2737 4090 adductus
2758 4026 2925 4090 fuis·

452 4144 592 4211 set;
626 4133 854 4195 vitam
882 4132 1343 4212 praeteritam
1385 4147 1628 4194 amare
1667 4131 1963 4210 deflenS,
2010 4151 2095 4194 ac
2134 4142 2590 4212 peccatorum
2633 4150 2926 4213 genera·

532 4416 548 4446 ¹
609 4414 885 4465 Polancus.
905 4425 971 4457 ex
990 4414 1384 4464 commissione,
1403 4413 1549 4457 Patri
1571 4414 1852 4458 Paschasio
1876 4414 2048 4468 Broet,
2065 4415 2128 4458 de
2149 4414 2344 4466 Joanne
2367 4416 2608 4469 Baptista
2627 4415 2919 4469 Mutinensi,

450 4493 506 4529 ut
526 4485 831 4530 litterarum
849 4486 1024 4540 potins
1044 4497 1198 4540 quam
1218 4485 1457 4539 pingendi
1477 4485 1645 4529 studio
1666 4493 1836 4538 vacet,
1863 4485 1917 4528 22
1935 4484 2127 4529 Martii.
2336 4541 2341 4548 Ι

527 4560 552 4591 ²
605 4559 885 4614 Polancus,
909 4571 977 4602 ex
996 4560 1398 4612 commissione,
1417 4558 1563 4603 Patri
1583 4558 1867 4602 Paschasio
1886 4558 2044 4601 Broet
2060 4590 2070 4610 ,
2093 4557 2155 4600 de
2176 4557 2397 4601 Domino
2415 4557 2661 4602 Leonello
2681 4559 2749 4602 de.
2769 4558 2926 4613 Carpi

447 4638 500 4674 et
523 4630 795 4686 Stephano
815 4628 1177 4685 Capumsacho
1196 4663 1206 4680 ,
1235 4630 1290 4674 25
1307 4629 1567 4682 januarii,
1590 4628 1651 4671 de
1673 4629 1851 4672 eodem
1872 4627 2161 4683 stephano.
2193 4629 2254 4672 de
2277 4628 2586 4683 vicelegato
2616 4629 2792 4681 Sauli,
2821 4630 2928 4684 eju-

449 4713 574 4755 sque
589 4709 796 4757 nepote,
819 4701 996 4746 Marco
1019 4701 1246 4744 Antonio
1268 4701 1432 4754 Sauli,
1450 4708 1501 4744 et
1523 4702 1584 4744 de
1605 4701 1823 4753 collegio
1839 4733 1851 4750 ,
1872 4700 1927 4742 30
1945 4701 2159 4754 Aprilis.
