3679 5414
679 442 788 501 365
1119 410 1122 411 ⁷
1602 440 1858 502 szox.
1898 440 2051 501 Soc,
2091 440 2233 514 JES.

680 588 824 664 bat;
850 602 1059 667 quem
1087 585 1393 648 fructum
1424 603 1586 649 cum
1615 586 1729 648 ille
1759 584 2031 649 Doctor
2058 583 2377 648 Pedraza
2406 584 2897 662 admiraretur,
2926 602 2969 646 a
2991 582 3140 665 Spi-

681 695 821 757 ritu
859 690 1124 756 Sancto
1166 694 1442 756 moveri
1482 693 1702 756 corda
1739 694 2007 757 civium
2045 691 2470 771 affirmabat,
2514 693 2635 773 qui
2673 702 2883 755 antea
2931 692 3141 755 nullis

680 800 1323 881 praedicationibus
1379 800 1637 863 adduci
1692 808 2102 880 potuerant,
2160 807 2239 862 ut
2294 807 2496 862 extra
2555 799 3141 879 quadragesimae

680 919 957 988 tempus
987 906 1508 970 confiterentur.
1541 906 1807 986 Magna
1846 907 2084 987 itaque
2112 923 2390 969 morum
2418 923 2504 968 ac
2534 907 2727 969 vitae
2755 906 2828 968 in
2857 906 3141 969 civitate

681 1032 807 1095 per
834 1014 972 1078 Dei
997 1014 1309 1094 gratiam
1338 1013 1531 1078 facta
1559 1023 1667 1077 est
1706 1014 2028 1077 mutatio.
2076 1012 2256 1077 Cum
2293 1022 2532 1077 autem
2558 1012 2986 1093 EpiscopuS,
3020 1014 3141 1076 im·

680 1122 988 1185 minente
1018 1121 1609 1202 quadragesimae
1638 1130 1990 1201 tempore,
2032 1121 2171 1184 alio
2209 1120 2490 1184 mittere
2525 1120 2658 1183 hos
2696 1119 2945 1183 Patres
2981 1115 3142 1183 con-

681 1230 1054 1305 stituisset,
1088 1229 1190 1291 eis
1219 1228 1310 1291 ad
1338 1247 1417 1292 se
1444 1229 1723 1291 vocatis
1753 1226 2184 1308 significavit
2213 1228 2568 1309 quoddam
2607 1244 2763 1290 esse
2810 1227 3143 1308 oppidum

680 1354 851 1400 suae
879 1335 1258 1415 dioecesis,
1289 1336 1478 1417 quod
1520 1352 1958 1417 magnopere
1995 1336 2313 1416 ipsorum
2349 1335 2674 1398 doctrina
2712 1344 2782 1398 et
2821 1336 3142 1415 exemplo

680 1444 1060 1523 indigeret,
1094 1444 1433 1524 quoniam
1461 1452 1612 1507 tam
1637 1443 1877 1507 clerici
1905 1460 2121 1524 quam
2147 1443 2313 1506 laici
2340 1443 2539 1506 multi
2568 1443 2640 1505 in
2667 1442 2984 1523 peccatis
3021 1459 3140 1523 pu·

679 1551 884 1615 blicis
912 1559 1391 1614 versarentur.

796 1656 936 1720 411.
1024 1656 1200 1721 Cum
1229 1657 1458 1721 nostri
1487 1674 1563 1721 se
1591 1666 1887 1738 paratos
1924 1657 2369 1731 obtulissent,
2412 1656 2684 1737 pedites
2727 1665 2796 1719 et
2835 1655 2986 1718 sine
3022 1672 3139 1736 pe·

677 1764 918 1842 cunia,
951 1765 1278 1844 quamvis
1307 1765 1500 1826 illam
1529 1772 1599 1826 et
1621 1762 1941 1843 J‘umenta
1970 1762 2369 1844 Episcopus
2407 1772 2731 1826 amanter
2771 1761 3136 1840 offerebat,

679 1889 842 1934 cum
870 1872 1122 1951 amplis
1151 1871 1608 1934 facultatibus
1637 1870 2124 1951 spiritualibus
2152 1871 2224 1933 in
2256 1870 2426 1933 illud
2473 1869 2809 1950 oppidum
2847 1867 3145 1949 profecti

680 1987 872 2056 sunt,
908 1977 1093 2060 quod
1122 1978 1510 2041 Castellum
1549 1976 1635 2041 de
1673 1977 1913 2041 David
1953 1978 2340 2057 dicebatur,
2387 1994 2606 2057 prope
2648 1976 3000 2040 Castellae
3039 1993 3140 2038 re·

678 2102 898 2165 gnum
928 2086 1162 2149 situm.
1197 2084 1505 2165 InJunxit
1535 2093 1772 2148 autem
1794 2094 1871 2149 ut
1902 2085 1974 2148 in
2003 2086 2233 2165 prima
2264 2085 2604 2147 concione
2633 2082 2709 2147 P.
2737 2083 3144 2164 Alphonsus

681 2192 741 2254 T
743 2192 968 2272 egliez
997 2209 1125 2255 suo
1155 2192 1437 2255 nomine
1467 2192 1796 2255 omnibus
1824 2200 1973 2255 tam
2002 2192 2505 2255 ecclesiasticis
2526 2208 2739 2270 quam
2768 2186 3143 2253 saeculari·

681 2300 813 2362 bus
841 2316 1112 2380 poenas
1142 2316 1386 2362 omnes
1427 2316 1511 2362 ac
1550 2294 2020 2378 punitionem,
2068 2315 2281 2378 quam
2320 2316 2448 2378 pro
2488 2297 2804 2379 peccatis
2841 2297 3143 2378 publicis

682 2406 1051 2486 promeriti
1078 2415 1311 2481 erant,
1346 2406 1608 2469 remitti
1637 2404 2094 2486 significaret,
2129 2404 2507 2467 dummodo
2536 2405 2609 2467 in
2639 2413 3000 2484 posterum
3039 2421 3141 2466 re·

684 2512 1122 2592 sipiscerent.
1163 2511 1477 2574 Fuerunt
1508 2528 1680 2591 ergo
1723 2512 1843 2574 illo
1882 2513 1957 2575 in
1995 2511 2253 2592 oppido
2286 2511 2485 2574 initio
2535 2528 2695 2574 cum
2735 2512 2987 2575 timore
3027 2527 3144 2573 ex·

683 2619 899 2698 cepti;
934 2618 1149 2698 aliqui
1179 2619 1365 2681 enim
1394 2636 1515 2681 eos
1542 2612 2034 2699 InquisitoreS,
2068 2619 2186 2681 alii
2226 2616 2770 2682 Commissarios
2810 2618 3140 2698 apostoli·

682 2742 809 2788 cos
839 2725 1213 2788 advenisse
1243 2734 1685 2806 sparserant;
1717 2726 1844 2788 sed
1873 2726 2335 2789 concionator
2373 2725 2661 2805 quidam
2704 2725 2971 2788 ordinis
3016 2725 3140 2788 mi·

679 2849 965 2910 norum,
999 2832 1113 2895 cui
1141 2830 1463 2896 Societas
1499 2841 1669 2896 nota
1699 2842 1885 2912 erat,
1920 2833 1994 2896 in
2023 2831 2329 2913 quadam
2360 2833 2700 2896 concione
2728 2831 2893 2895 ‘cum
2922 2833 3143 2896 multa

683 2939 755 3001 in
785 2938 1065 3018 laudem
1093 2937 1469 3002 Societatis
1498 2939 1820 3018 dixisset,
1848 2950 1917 3003 et
1946 2949 2023 3004 ut
2054 2957 2302 3003 eorum
2329 2939 2654 3002 doctrina
2684 2957 2760 3002 se
2784 2938 3023 3020 juvari
3054 2940 3142 3002 si·

683 3053 928 3109 nerent
973 3045 1573 3125 commendasset,
1615 3057 2033 3126 suggestum
2071 3047 2417 3110 ecclesiae
2456 3046 2840 3126 primariae
2877 3046 3144 3109 nostris

682 3153 995 3233 reliquit;
1027 3153 1147 3216 ubi
1175 3152 1251 3216 P.
1288 3152 1695 3234 Alphonsus
1725 3153 2135 3217 concionari
2164 3153 2415 3234 coepit.
2448 3153 2869 3216 Doctrinam
2897 3153 3144 3216 nihilo·

684 3260 917 3323 minus
955 3258 1417 3323 christianam
1453 3277 1495 3322 a
1532 3260 1832 3341 prandio
1872 3260 2193 3324 docebat.
2237 3259 2326 3324 Et
2367 3262 2569 3339 large
2608 3259 3145 3323 communicatis

683 3366 773 3427 ab
803 3361 1158 3446 Episcopo
1188 3364 1665 3445 facultatibuS,
1698 3375 1909 3447 prout
1939 3366 2274 3446 expedire
2298 3365 2683 3446 judicabat,
2719 3375 2952 3444 utenS,
2986 3366 3146 3429 aliis

687 3471 1174 3537 sacerdotibus
1199 3472 1524 3553 injunxit,
1544 3481 1621 3536 ut
1644 3474 1914 3536 nullum
1936 3473 2521 3536 concubinarium
2542 3472 2897 3553 publicum
2921 3472 3144 3536 absol-

686 3588 955 3658 vcrent,
991 3578 1114 3643 sed
1144 3578 1234 3642 ad
1265 3597 1340 3643 se
1370 3581 1753 3643 mitterent.
1788 3578 2016 3660 Hujus
2046 3588 2281 3643 autem
2302 3580 2572 3660 negotii
2601 3597 2846 3643 curam
2872 3578 2948 3642 P.
2979 3579 3145 3644 Cor·

686 3686 911 3749 nelius
934 3669 1326 3767 suscipiens
1348 3687 1723 3766 diligenter
1748 3686 2029 3749 curavit
2050 3695 2127 3750 ut
2149 3687 2430 3767 publica
2453 3697 2772 3767 peccata,
2802 3704 2982 3767 quae
3006 3704 3143 3750 ma·

684 3810 903 3873 gnam
932 3792 1332 3857 offendiculi
1361 3810 1656 3856 causam
1682 3793 1945 3875 populo
1976 3793 2430 3873 praebebant,
2458 3793 2545 3856 de
2575 3793 2804 3856 medio
2826 3794 3147 3856 tolleren-

687 3910 822 3963 tur.
851 3901 939 3964 Et
968 3900 1134 3979 quia
1160 3899 1569 3981 perdifficile
1599 3899 2021 3980 quibusdam
2050 3908 2225 3979 erat,
2252 3899 2312 3963 si
2343 3902 2416 3964 in
2446 3900 2694 3963 eodem
2724 3900 2982 3980 oppido
3004 3917 3147 3963 ma-

685 4015 964 4082 nerent,
1007 4025 1050 4070 a
1086 4007 1399 4088 peccatis
1442 4007 1824 4087 abstinere,
1879 4025 2002 4071 eos
2051 4025 2141 4071 ex
2180 4007 2438 4088 oppido
2493 4008 2796 4088 pecunia
2845 4006 3143 4088 adjutos,

688 4131 850 4177 cum
879 4131 1057 4194 opus
1085 4123 1239 4177 erat
1270 4115 1460 4192 (nam
1488 4130 1633 4177 non
1660 4113 1959 4178 deerant
1981 4115 2081 4195 pii
2110 4114 2270 4194 viri,
2298 4115 2417 4195 qui
2447 4114 2539 4178 ad
2568 4114 2660 4194 id,
2695 4113 2883 4196 quod
2910 4131 3147 4178 neces-

686 4220 957 4284 sarium
984 4230 1159 4299 erat,
1194 4220 1833 4300 subministrarent)
1867 4219 2284 4285 dimittebat.

807 4327 947 4391 412.
1033 4326 1112 4391 In
1141 4328 1253 4391 his
1289 4328 1503 4407 igitur
1542 4336 1612 4392 et
1650 4327 1723 4391 in
1760 4328 2130 4393 audiendis
2169 4327 2731 4392 confessionibus
2769 4329 3151 4391 multorum

688 4433 764 4496 P.
809 4433 1176 4497 Cornelius
1215 4432 1803 4514 quadragesimae
1855 4443 2132 4516 tempus
2171 4435 2638 4514 consumpsit;
2676 4437 2760 4497 'et
2799 4452 2961 4497 cum
2999 4434 3149 4497 dies

688 4558 830 4603 non
860 4539 1279 4617 sufficerent,
1313 4540 1575 4603 bonam
1604 4542 1842 4604 noctis
1872 4549 2149 4620 partem
2177 4541 2694 4621 poenitentibus
2724 4540 2877 4604 Deo
2907 4558 3146 4604 recon-

689 4646 1014 4710 ciliandis
1041 4647 1421 4727 tribuebat;
1457 4665 1499 4710 a
1526 4645 1837 4711 secunda
1877 4648 2065 4711 enim
2103 4649 2280 4712 hora
2319 4659 2479 4729 post
2518 4647 2826 4711 mediam
2864 4649 3144 4711 noctem
