3679 5414
1623 490 1751 550 ΑΝ.
1796 490 1930 549 1551
2895 488 3007 552 343
3076 582 3084 590 ἱ

533 637 761 701 travit
791 645 866 700 ut
895 638 1137 700 exules
1166 638 1482 717 quidam,
1518 639 1637 718 qui
1665 639 1738 701 in
1766 638 2054 702 exilium
2086 638 2282 701 missi
2305 638 2587 701 fuerant
2610 630 2797 719 quod
2823 639 3003 703 alios

533 745 635 808 ad
665 753 1027 808 certamen
1064 744 1573 824 incitaverant,
1614 743 2159 825 revocarentur3
2202 762 2364 808 cum
2403 745 2590 808 enim
2626 745 2801 808 satis
2838 763 3001 826 poe-

533 868 797 915 narum
839 850 1227 931 dedissent,
1269 869 1462 915 noxa
1499 850 1604 915 eis
1639 852 1904 915 remitti
1944 852 2199 915 debere
2227 852 2630 929 videbatur;
2672 869 2854 931 quae
2885 869 3002 914 res

540 959 800 1039 populo
830 967 1040 1037 grata
1071 957 1450 1022 admodum
1481 959 1763 1022 accidit.
1797 959 1985 1023 Inter
2024 958 2547 1022 confessionum
2574 956 2850 1021 fructus
2882 958 3002 1021 hic

527 1079 722 1128 unus
757 1064 918 1145 fuit,
971 1065 1163 1145 quod
1202 1066 1452 1129 mulier
1488 1066 1871 1146 quaedam,
1914 1083 2097 1145 quae
2143 1066 2343 1147 prius
2370 1065 2530 1129 viro
2562 1065 3004 1128 clandestine

539 1181 907 1253 nupserat,
942 1172 1196 1237 deinde
1224 1173 1427 1236 alteri
1452 1173 1525 1236 in
1546 1173 1702 1236 foro
1733 1174 2077 1237 ecclesiae
2101 1182 2343 1254 nupta,
2371 1190 2534 1236 cum
2557 1189 2641 1235 eo
2667 1172 3002 1236 undecim

538 1296 769 1342 annos
813 1281 885 1342 in
926 1280 1404 1344 concubinatu
1441 1289 1781 1361 tanquam
1821 1282 1896 1343 in
1939 1281 2390 1344 matrimonio
2421 1288 2804 1358 manserat,
2841 1296 3005 1343 cum

535 1387 985 1467 resipuisset,
1018 1404 1096 1451 re
1129 1405 1288 1451 cum
1313 1387 1879 1469 Archiepiscopo
1917 1374 2208 1467 collata,
2251 1397 2327 1450 ut
2365 1388 2586 1469 priori
2614 1387 2772 1451 viro
2802 1388 3004 1451 resti·

539 1501 858 1557 tueretur
887 1503 1217 1558 curatum
1245 1504 1352 1557 est
1385 1492 1428 1558 ¹.
2504 1491 2511 1500 '

660 1600 800 1663 365.
888 1600 1052 1682 Ipsa
1108 1600 1464 1665 dominica
1521 1600 2027 1666 Sanctissimae
2095 1601 2465 1665 Trinitatis
2527 1599 2850 1664 Marchio
2918 1600 3007 1665 de

537 1705 863 1787 Lombay
911 1708 984 1771 in
1032 1707 1306 1771 Ducem
1345 1718 1629 1772 creatus
1666 1718 1801 1788 est,
1847 1727 2009 1772 cum
2031 1707 2179 1789 J'am
2222 1709 2557 1772 ducatum
2587 1707 2664 1771 P.
2716 1708 3005 1771 Franci·

532 1830 705 1877 scus
728 1813 797 1876 ei
828 1815 1043 1877 libere
1074 1816 1592 1896 renunciasset3
1623 1825 1694 1879 et
1724 1815 2078 1879 dominica
2101 1816 2284 1879 infra
2308 1825 2637 1879 octavam
2662 1814 3004 1895 Corporis

539 1920 812 1985 Christi
841 1921 1008 1984 Dux
1046 1939 1279 1986 novus
1315 1924 1753 2004 processioni
1792 1924 2090 1987 solemni
2125 1923 2440 1987 interfuit
2479 1940 2640 1986 cum
2680 1923 2999 2003 frequen·

534 2028 814 2092 tissima
843 2030 1084 2111 populi
1123 2031 1597 2111 multitudine3
1640 2041 1709 2094 et
1749 2048 1913 2094 cum
1953 2032 2044 2095 ad
2081 2032 2455 2094 ecclesiam
2495 2038 2815 2093 nostram
2843 2048 2998 2111 pro·

530 2136 771 2198 cessio
800 2137 1144 2216 venisset,
1180 2138 1330 2218 ipse
1360 2137 1436 2202 P.
1470 2130 1825 2218 Baptista,
1861 2138 2153 2218 Rector,
2187 2136 2726 2201 Sanctissimum
2747 2136 2995 2217 Sacra-

535 2251 857 2306 mentum
888 2245 1282 2308 ostensorio
1333 2246 1685 2308 inclusum
1733 2245 1805 2307 in
1845 2246 2171 2309 manibus
2208 2244 2545 2322 tenend0,
2589 2244 2998 2307 concionari

534 2349 814 2429 debuit3
848 2351 1037 2431 quod
1065 2369 1228 2415 cum
1257 2354 1570 2415 maxima
1600 2354 1914 2416 omn'ium
1943 2352 2431 2416 aedificatione
2470 2361 2837 2433 peractum
2866 2361 2994 2415 est.

529 2454 848 2536 Quidam
885 2475 973 2520 ex
1011 2458 1417 2539 neophytiS,
1466 2460 1584 2540 qui
1628 2460 1720 2523 ad
1760 2473 2147 2523 saracenos
2176 2458 2658 2538 transfugerat
2694 2467 2765 2522 et
2802 2457 2995 2521 Chri-

527 2563 867 2626 stianam'
891 2558 1100 2627 fidem
1148 2563 1633 2645 abJuraverat,
1678 2567 1930 2629 ultimo
1977 2565 2321 2648 supplicio
2363 2565 2769 2629 afficiendus
2813 2574 2991 2629 erat:

533 2670 727 2734 bunc
782 2672 1008 2735 nostri
1063 2671 1181 2735 diu
1236 2680 1589 2753 noctuque
1645 2674 2067 2738 comitantes
2114 2673 2380 2737 frustra
2428 2673 2522 2737 ad
2568 2672 2991 2738 catholicam

537 2780 960 2859 religionem
988 2779 1338 2844 adducere
1368 2789 1762 2860 tentarunt,
1796 2782 2123 2862 quamvis
2145 2782 2450 2845 orationi
2478 2782 2846 2845 domestici
2867 2799 2997 2864 pro

526 2903 623 2948 eo
673 2886 1056 2966 instarent,
1111 2896 1181 2950 et
1228 2887 1302 2951 in
1351 2888 1822 2952 obstinatione
1874 2888 2114 2952 cordis
2156 2889 2263 2952 sui
2300 2889 2721 2970 supplicium
2770 2898 2994 2953 extre-

533 3009 728 3056 mum
777 3012 1029 3074 passus
1052 3002 1181 3070 est.
1236 2995 1398 3058 Duo
1450 3004 1689 3059 tamen
1741 2997 1863 3059 alii
1909 2995 2114 3077 huJ‘us
2157 2996 2443 3075 generis
2487 2996 2809 3060 homines
2850 2997 2989 3059 levi

521 3117 748 3180 opera
787 3110 858 3164 et
897 3097 1261 3181 diligentia
1303 3112 1707 3167 nostrorum
1758 3103 1851 3166 ad
1900 3102 2163 3168 Christi
2190 3103 2399 3167 fidem
2428 3104 2751 3166 revocati
2801 3113 2985 3181 sunt,

517 3207 648 3286 qui
689 3208 762 3270 in
800 3209 1199 3289 praeceptis
1246 3210 1537 3273 Domini
1584 3220 1650 3274 et
1692 3210 1851 3273 aliis
1889 3210 2073 3274 scitu
2108 3211 2532 3273 necessariis
2567 3211 2894 3274 instructi
2938 3231 2981 3274 a

522 3303 795 3378 nostris
823 3315 1107 3380 fuerunt
1131 3316 1175 3379 ¹.

644 3421 787 3498 366.
876 3421 1020 3486 Sub
1058 3423 1314 3487 festum
1363 3422 1608 3488 Sancti
1656 3423 1964 3506 Spiritus
2012 3425 2369 3506 profectus
2419 3433 2527 3488 est
2577 3425 2859 3489 Gandia
2911 3426 2986 3487 Ρ.

521 3527 846 3609 Baptista
889 3548 1051 3593 cum
1100 3532 1329 3610 soci0‚
1376 3532 1688 3595 Antonio
1733 3532 2118 3611 CordeseS,
2165 3533 2238 3596 in
2281 3532 2614 3613 oppidum
2658 3531 2984 3609 Deniam,

519 3635 642 3698 ubi
672 3637 931 3701 bonam
971 3637 1324 3702 redituum
1364 3655 1654 3702 suorum
1694 3647 1973 3720 partem
2013 3639 2415 3703 Gandiense
2450 3639 2840 3719 Collegium
2870 3641 2988 3703 ha·

519 3741 753 3822 bebat,
788 3752 859 3806 et
885 3761 1189 3824 aequum
1219 3745 1593 3809 videbatur
1622 3755 1698 3808 ut
1736 3746 2133 3826 spiritualia
2171 3746 2274 3809 eis
2313 3746 2743 3810 seminarent
2772 3764 2816 3809 a
2844 3747 2986 3826 qui·

519 3848 656 3911 bus
682 3852 1101 3930 temporalia
1131 3851 1508 3915 metebant.
1552 3851 1905 3916 Postridie
1942 3861 2319 3934 postquam
2357 3871 2441 3916 eo
2484 3864 2982 3933 pervenerunt,

516 3955 683 4020 licet
711 3957 861 4020 dies
884 3958 1107 4021 labori
1130 3958 1408 4022 dicatus
1430 3967 1640 4038 esset,
1674 3958 1863 4022 dedit
1895 3977 2185 4040 operam
2212 3958 2288 4022 P.
2322 3959 2644 4041 Baptista
2665 3969 2743 4024 ut
2763 3978 2979 4043 popu-

515 4063 627 4125 lus
656 4064 747 4127 ad
776 4065 1152 4129 ecclesiam
1179 4082 1309 4146 per
1334 4065 2163 4147 praeconem'vocaretur
2185 4066 2581 4148 ibidemque
2605 4069 2977 4133 conciona-

599 4303 616 4337 ¹
674 4305 953 4361 Polancus,
975 4317 1042 4349 ex
1071 4318 1219 4360 com„
1242 4306 1387 4351 Patri
1403 4307 1706 4352 Balthasari
1729 4307 1876 4362 Diaz,
1896 4313 1952 4351 ut
1976 4309 2179 4352 modum
2200 4308 2447 4353 adhibeat
2468 4310 2733 4364 inlabere,
2755 4316 2807 4354 et
2836 4310 2985 4365 Igna·

507 4375 643 4420 tium
653 4377 887 4432 iudicare
909 4389 1008 4420 non
1025 4383 1263 4432 oportere
1283 4387 1340 4422 ut
1360 4381 1657 4424 saeculares
1675 4381 1915 4425 hortetur
1935 4382 2275 4425 communiter
2289 4383 2355 4426 ad
2373 4382 2761 4427 Sanctissimum
2776 4383 2983 4428 Eucha-

510 4448 694 4492 ristiae
718 4447 1111 4494 Sacramentum
1131 4452 1247 4505 plus
1267 4462 1420 4505 quam
1441 4454 1599 4496 semel
1620 4453 1670 4496 in
1691 4453 2014 4497 hebdomada
2034 4453 2415 4508 suscipiendum
2430 4488 2440 4508 ‚
2465 4457 2485 4499 1
2508 4454 2645 4500 Maii.

593 4520 618 4551 ἱ
671 4520 906 4574 Ignatius
934 4520 1239 4566 comitissae
1264 4522 1325 4566 de
1346 4522 1554 4576 Lerma,
1576 4525 1636 4567 de
1659 4526 1812 4568 rebus
1832 4535 1864 4568 a
1885 4524 2028 4568 Duce
2050 4524 2283 4569 Gandiae
2304 4525 2498 4573 Romae
2519 4528 2683 4581 gestis
2703 4533 2756 4571 et
2776 4528 2828 4571 in
2848 4538 2983 4570 com-

507 4591 891 4636 mendationem
911 4594 1167 4638 sociorum
1187 4593 1421 4639 Gandiae
1442 4595 1760 4650 degentium.
1791 4598 1811 4640 1
1842 4596 2091 4650 januarii.
2126 4596 2331 4642 Similes
2364 4598 2545 4643 eadem
2574 4600 2654 4644 die
2688 4601 2829 4646 mlait
2848 4603 2981 4649 Mar·

502 4661 683 4706 ebioni
699 4670 752 4707 et
772 4663 1177 4709 marchionissae
1193 4661 1254 4709 d'e
1273 4667 1562 4712 Alcanices.
1579 4667 1813 4722 Ignatius
1827 4667 2110 4712 Marchioni
2128 4668 2189 4711 de
2206 4667 2455 4727 Lombay,
2473 4670 2534 4714 de
2552 4670 2614 4714 iis
2631 4684 2762 4726 quae
2779 4672 2976 4717 Romae

503 4735 971 4779 commendaverat
992 4735 1109 4781 Dux
1130 4737 1363 4783 candiae
1386 4751 1413 4783 e
1457 4739 1520 4783 de
1540 4739 1784 4794 collegiis
1805 4739 2038 4784 Romano
2054 4744 2105 4782 et
2124 4739 2426 4795 Gandiensi,
2450 4743 2469 4785 1
2496 4741 2783 4787 Februarii.
