3679 5414
680 432 788 491 390
1615 433 1869 507 Canon.
1913 433 2065 494 Soc.
2107 434 2248 508 JEs.

683 579 994 659 oportuit
1030 588 1317 642 nostros
1359 581 1505 643 suis
1553 581 1883 644 manibus
1919 580 2210 643 domurn
2247 581 2431 644 hanc
2483 592 2920 645 construere.
2975 584 3148 647 Inci-

681 685 969 766 piebant
997 686 1185 748 enim
1212 687 1577 766 gentilium
1607 686 1751 766 filii,
1785 705 1952 750 suos
1981 697 2314 766 parentes
2337 688 2726 751 deserendo
2749 689 2843 752 ad
2864 698 3154 753 nostros

682 793 951 873 venire,
987 802 1055 856 et
1083 794 1409 873 quamvis
1438 806 1772 874 parentes
1804 812 2141 875 separare
2173 795 2329 858 illos
2361 814 2402 858 a
2425 805 2828 858 nostrorum
2860 814 3149 860 consue-

684 901 924 963 tudine
955 901 1368 979 niterentur,
1402 918 1547 964 non
1578 902 1649 964 id
1673 901 1989 964 obtinere
2015 910 2365 982 poterant.
2394 901 2577 966 Puer
2599 903 2778 966 inter
2805 901 2983 967 alios
3006 904 3153 985 qui·

684 1007 848 1070 darn
890 1006 1051 1086 fuit,
1095 1009 1217 1087 qui
1253 1017 1480 1070 totum
1518 1007 1703 1071 diem
1747 1009 1899 1071 sine
1938 1008 2096 1071 cibo
2141 1018 2210 1071 et
2249 1010 2695 1089 vulneratus,
2738 1020 3014 1091 patrem
3050 1011 3152 1074 fu-

682 1113 974 1195 giendo,
1010 1115 1101 1177 ad
1130 1114 1317 1178 hanc
1348 1115 1635 1178 domum
1674 1133 1751 1179 se
1791 1116 2110 1179 contulit.
2164 1116 2493 1195 Quotidie
2533 1117 2783 1197 Missa,
2829 1118 3156 1181 omnibus

684 1222 795 1285 his
835 1222 1269 1302 canentibuS,
1314 1223 1836 1303 celebrabatur3
1882 1223 2230 1303 quaedam
2262 1226 2401 1287 alia
2433 1226 2549 1305 pia
2583 1225 2863 1288 cantica
2902 1243 3154 1289 verna-

684 1331 846 1392 cula
876 1330 1120 1410 lingua
1148 1330 1352 1410 pueri
1380 1330 1836 1393 brasilienses
1866 1328 2333 1410 docebantur,
2377 1340 2452 1394 ut
2492 1350 2619 1412 per
2658 1350 2886 1412 pagos
2927 1330 3153 1395 discu-

685 1436 977 1515 rrend0,
1026 1455 1111 1499 ea
1158 1446 1517 1500 canerent.
1560 1436 1648 1500 Et
1687 1438 1890 1500 brevi
1930 1437 2185 1501 domus
2223 1439 2432 1519 plena
2469 1438 2717 1502 fuisset
2754 1439 3156 1520 hujusmodi

687 1544 946 1625 pueriS,
977 1544 1038 1606 si
1061 1544 1260 1607 multi
1283 1545 2099 1625 sustentaripotuissent.
2119 1546 2313 1609 Intra
2335 1564 2605 1626 paucos
2619 1556 2854 1610 tamen
2877 1564 3160 1610 menses

688 1652 1070 1732 sperabant
1102 1650 1192 1714 ad
1225 1670 1346 1714 eos
1374 1652 1668 1715 alendos
1697 1652 2086 1715 subsidium
2117 1662 2193 1715 ut
2225 1654 2460 1732 plures
2490 1654 2816 1734 excipere
2840 1665 3150 1732 possent.

686 1759 929 1840 Aliqui
959 1760 1172 1821 etiam
1205 1777 1293 1821 ex
1323 1759 1561 1840 pueris
1589 1759 2004 1839 parentibus
2035 1759 2291 1839 orbati,
2327 1761 2443 1840 qui
2473 1761 2651 1822 bene
2676 1759 2824 1841 jam
2855 1761 3158 1824 instituti

687 1876 891 1929 erant
910 1864 1080 1947 ‚fper
1121 1867 1259 1929 alia
1299 1866 1654 1946 praesidia
1691 1867 2166 1930 lusitanorum
2208 1866 2298 1929 ad
2344 1867 2478 1930 hoc
2518 1868 2748 1948 ipsum
2791 1867 3155 1931 distribue—

687 1975 965 2036 bantur.
994 1972 1426 2054 Magnopere
1449 1974 1618 2054 pagi
1639 1974 1860 2036 vicini
1883 1974 2404 2036 brasiliensium
2428 1984 2712 2037 nostros
2735 1974 3154 2037 revereban-

687 2089 821 2159 tur,
856 2099 988 2143 nec
1020 2079 1388 2142 manifeste
1420 2080 1752 2160 carnibus
1782 2080 2111 2143 humanis
2135 2081 2333 2143 vesci
2356 2079 2731 2143 audebant.
2760 2081 2948 2143 Inter
2975 2080 3154 2143 chri-

688 2188 960 2250 stianos
991 2206 1117 2268 per
1146 2186 1284 2249 Dei
1312 2187 1622 2267 gratiam
1651 2186 1723 2249 in
1746 2186 1883 2249 hac
1907 2187 2080 2250 urbe
2105 2204 2370 2267 magna
2391 2197 2689 2268 peccata
2714 2189 2992 2251 sublata
3015 2187 3155 2251 fue-

687 2304 889 2373 runt;
922 2294 1121 2357 multi
1166 2312 1327 2356 cum
1377 2293 1728 2373 indigenis
1769 2294 2178 2356 mulieribus
2219 2294 2668 2357 matrimonio
2705 2293 2929 2374 juncti
2968 2305 3151 2375 sunt,

687 2403 874 2482 quod
904 2400 993 2463 ad
1031 2400 1241 2464 fidem
1279 2400 1706 2463 catholicam
1743 2409 1813 2463 et
1851 2401 2099 2463 urbem
2141 2402 2368 2481 ipsam
2417 2402 2819 2481 augendam
2860 2404 3156 2465 multum

689 2508 1118 2585 conferebat;
1154 2516 1225 2570 et
1254 2508 1511 2570 mirum
1540 2508 1612 2569 in
1634 2507 1920 2570 modum
1945 2525 2180 2570 mores
2203 2508 2571 2571 reformati
2593 2518 2778 2588 sunt,
2809 2526 2968 2571 cum
2991 2510 3158 2571 olim

688 2616 760 2678 in
788 2615 1099 2696 pessima
1127 2613 1473 2696 peccandi
1505 2614 2011 2677 consuetudine
2043 2615 2164 2677 diu
2187 2613 2607 2695 jacuissent;
2643 2616 3156 2679 Gubernatoris

686 2724 914 2786 virtus
936 2732 1003 2785 et
1024 2723 1253 2802 favor,
1281 2740 1487 2803 quem
1509 2723 1771 2786 nostris
1794 2724 2229 2804 praestabat,
2259 2725 2558 2787 multum
2581 2725 2672 2787 ad
2689 2724 2823 2786 hoc
2845 2724 3154 2787 confere-

686 2832 828 2893 bat.
865 2828 1073 2893 Servi
1101 2831 1442 2911 neophyti
1472 2831 1910 2911 spiritualem
1939 2831 2315 2894 utilitatem
2344 2848 2518 2912 prae
2552 2832 2853 2894 caeteris
2882 2832 3157 2912 experti

685 2947 868 3017 sunt,
904 2939 1023 3017 qui
1051 2938 1248 3018 prius
1277 2937 1612 3016 gentilico
1644 2954 1864 3017 more,
1899 2939 2063 3000 licet
2085 2938 2446 3018 baptizati,
2474 2938 2855 3017 vivebant,
2885 2948 2955 3001 et
2979 2939 3156 3001 chri·

685 3045 992 3108 stianam
1034 3043 1432 3107 doctrinam
1473 3053 1541 3107 et
1580 3061 1816 3107 mores
1855 3044 2333 3124 addiscenteS,
2367 3045 2547 3108 bene
2589 3062 2675 3107 ac
2719 3046 3037 3108 studiose
3080 3062 3157 3108 se

682 3169 931 3232 gerere
961 3160 1381 3232 coeperunt;
1415 3160 1484 3214 et
1511 3161 1587 3214 ut
1617 3169 1780 3215 cum
1820 3152 2099 3215 ancillis
2133 3152 2584 3216 matrimonia
2621 3152 3148 3231 contraherent,

682 3268 752 3322 et
781 3260 882 3322 sic
914 3259 1064 3321 sine
1093 3267 1392 3340 peccato
1422 3258 1770 3338 viverent,
1798 3268 2128 3321 curatum
2153 3267 2281 3321 est.
2311 3258 2640 3321 Nondum
2660 3259 3057 3339 Episcopus
3081 3259 3153 3321 in

684 3366 1058 3429 Brasiliam
1086 3374 1405 3444 venerat,
1442 3383 1578 3445 quo
1610 3363 2062 3441 adveniente,
2096 3365 2371 3428 fructus
2403 3364 2773 3444 augendus
2816 3383 2973 3428 esse
3003 3384 3153 3447 spe-

683 3473 1003 3536 rabatur.

804 3579 947 3644 452.
1008 3557 1114 3643 ‘In
1146 3580 1407 3660 oppido
1451 3579 1710 3642 Portus
1740 3578 1988 3643 Securi
2019 3578 2095 3642 P.
2131 3579 2559 3642 Franciscus
2581 3578 2800 3643 Perez
2824 3581 3154 3644 versaba-

687 3698 819 3768 tur,
857 3697 924 3751 et
955 3688 1050 3751 ibi
1090 3687 1570 3750 eremitorium
1614 3687 1872 3766 erexit,
1918 3686 2008 3750 ad
2048 3686 2237 3767 quod
2277 3704 2538 3767 magna
2580 3704 2742 3749 cum
2780 3687 3155 3750 devotione

686 3812 828 3858 non
865 3796 1093 3858 solum
1124 3793 1462 3876 oppidani
1490 3794 1615 3857 sed
1647 3803 1716 3856 et
1737 3793 2097 3874 peregrini
2121 3794 2593 3857 confluebant.
2624 3793 2980 3857 Constans
3003 3803 3157 3857 erat

684 3901 876 3966 fama
910 3903 1030 3966 illa
1061 3903 1130 3965 in
1160 3901 1535 3982 provincia
1567 3901 1758 3981 quod
1787 3910 1951 3981 post
1991 3901 2419 3964 erectionem
2452 3899 2797 3980 praedicti
2836 3882 3154 3963 eremito-

687 4009 773 4073 rii
800 4009 957 4072 fons
991 4010 1251 4072 ibidem
1282 4009 1632 4073 scaturire
1664 4017 2028 4088 coeperat,
2077 4025 2258 4087 quae
2300 4006 2678 4069 sanitatem
2719 4007 3150 4070 conferebat.

685 4115 760 4179 P.
794 4117 907 4179 ille
939 4116 1373 4180 Franciscus
1402 4115 1619 4180 Perez
1652 4133 1902 4179 servos
1932 4114 2483 4179 christianorum
2507 4114 3016 4177 catechismum
3038 4115 3153 4178 do-

689 4225 914 4303 cebat,
949 4232 1017 4286 et
1046 4223 1323 4286 vicinos
1367 4224 1740 4303 gentilium
1776 4239 2005 4303 pagos
2045 4221 2195 4302 ipse
2226 4219 2588 4299 visitabat,
2632 4239 2722 4283 ex
2752 4222 3004 4302 quibus
3037 4223 3156 4286 ali·

689 4348 869 4412 quos
907 4348 1166 4411 pueros
1206 4330 1299 4393 ad
1335 4330 1632 4394 Portum
1681 4329 2026 4393 Securum
2069 4327 2449 4408 adducenS,
2498 4328 2756 4391 ibidem
2800 4346 2922 4392 eos
2967 4330 3159 4393 insti-

691 4438 955 4502 tuebat.

813 4544 951 4607 453.
1040 4545 1120 4608 In
1148 4543 1366 4608 Portu
1393 4545 1699 4626 Spiritus
1728 4544 1971 4609 Sancti
2000 4544 2140 4606 duo
2173 4545 2291 4607 alii
2321 4563 2409 4607 ex
2439 4544 2704 4608 nostris
2735 4545 3022 4608 domum
3054 4546 3158 4608 iti·

692 4653 854 4716 dem
884 4661 1453 4734 construxerant,
1490 4652 1608 4716 ubi
1634 4670 1894 4733 pueros
1916 4653 2178 4715 multos
2199 4652 2498 4731 gentiles
2522 4654 2851 4734 excipere
2875 4663 2945 4717 et
2969 4653 3159 4717 alere
