3679 5414
665 441 771 500 414
1587 439 1839 500 Canos.
1884 440 2037 499 Soc.
2078 442 2219 513 jas.

664 588 1116 650 monasteriis
1144 596 1376 667 erant,
1421 588 1692 649 scelera
1729 589 1989 667 populo
2028 586 2474 666 aperiebant,
2520 585 2701 648 unde
2745 603 2954 649 ruere
2987 605 3133 650 ma-

662 710 807 772 gna
847 694 1277 757 existimatio
1316 694 1570 757 horum
1614 693 1978 757 hominum
2019 711 2104 756 ea
2147 694 2219 755 in
2262 693 2551 756 civitate
2595 694 3012 773 incipiebat3
3063 704 3133 758 et

663 818 824 863 cum
866 810 1101 863 essent
1146 811 1428 863 centum
1464 800 1868 880 hujusmodi
1911 801 2345 864 monasteria
2390 800 2462 863 in
2505 818 2590 862 ea
2630 800 2950 880 civitate,
2996 802 3130 864 aie-

665 907 833 969 bant
888 908 1228 987 neophyti
1282 908 1502 971 multa
1551 927 1641 971 ex
1691 908 1792 970 eis
1852 907 1943 970 ad
2000 907 2447 969 solitudinem
2497 924 2653 970 esse
2707 907 3132 987 redigenda,

662 1012 848 1093 quod
891 1014 1383 1094 eleemosynae
1422 1015 1513 1077 ad
1549 1014 2140 1078 sustentationem
2181 1014 2284 1077 eis
2312 1014 2659 1077 deessent.
2696 1013 2880 1077 Olim
2924 1015 3136 1078 bonzi

661 1128 729 1182 et
759 1121 1030 1183 bonzae
1061 1122 1529 1184 communiter
1558 1122 2040 1185 observabant
2061 1122 2368 1201 quinque
2390 1132 2802 1201 praecepta,
2836 1122 3130 1199 scilicet,

664 1228 1016 1291 abstinere
1057 1246 1099 1290 a
1140 1228 1647 1306 fornicatione,
1692 1229 1781 1292 ab
1823 1246 1949 1292 esu
1981 1230 2303 1291 carnium
2345 1237 2414 1291 et
2457 1229 2755 1309 piscium
2795 1229 3161 1291 omnium·‘

662 1352 796 1414 que
851 1353 1090 1397 rerum
1147 1353 1329 1415 quae
1379 1345 1680 1398 mortem
1730 1336 2125 1416 patiant-un
2178 1336 2268 1398 ab
2327 1334 2746 1413 occidend0‚
2803 1335 3129 1414 furandO,

663 1442 1063 1504 mentiendo
1096 1450 1163 1505 et
1192 1442 1441 1505 vinum
1469 1441 1769 1504 bibendo
1794 1460 1808 1520 ;
1844 1442 1969 1505 sed
1993 1440 2143 1521 jam
2169 1442 2350 1505 haec
2382 1460 2525 1505 non
2549 1442 3135 1521 observabantur;

662 1567 830 1611 nam
870 1549 1149 1629 publice
1188 1550 1357 1612 vino
1397 1549 1775 1612 utebantur
1826 1558 1893 1612 et
1945 1549 2258 1629 piscibus
2308 1558 2584 1612 secreto
2639 1549 3129 1626 vescebantur,

663 1655 1039 1718 veritatem
1069 1673 1235 1719 raro
1265 1657 1765 1736 loquebantur,
1800 1667 1870 1719 et
1899 1656 2229 1735 libidine,
2264 1656 2479 1718 etiam
2508 1664 2757 1718 contra
2779 1665 3136 1733 naturam,

663 1762 813 1824 sine
861 1764 1004 1824 ullo
1055 1764 1323 1843 pudore
1381 1764 1760 1826 utebantur
1816 1772 1886 1826 et
1943 1771 2314 1841 peccatum
2371 1780 2515 1825 non
2571 1780 2727 1825 esse
2779 1762 3130 1826 dicebant.

666 1868 865 1932 Unde
903 1877 972 1931 et
1009 1871 1308 1949 populus
1347 1870 1433 1933 de
1471 1870 1607 1932 illis
1649 1871 1831 1933 male
1883 1870 2252 1933 sentiebat.
2301 1868 2440 1932 Sed
2483 1880 2551 1932 et
2600 1870 2868 1932 bonzas
2912 1870 3133 1932 herba

663 1976 1012 2055 quaedam
1037 1976 1127 2038 ad
1150 1994 1291 2038 non
1323 1976 1863 2057 concipiendum
1887 1977 2003 2039 vel
2034 1977 2360 2039 abortum
2388 1975 2790 2039 faciendum
2814 1976 2915 2038 uti
2937 1975 3130 2038 fama

662 2091 840 2145 erat.
873 2083 1051 2146 Tam
1079 2084 1285 2145 bonzi
1326 2101 1537 2163 quarn
1575 2084 1877 2163 populus
1907 2081 2322 2162 japonensis
2362 2082 2453 2144 ad
2496 2083 2843 2145 orandum
2884 2084 3138 2161 granis

663 2197 953 2252 utuntur
1000 2207 1218 2269 supra
1257 2199 1543 2253 centum
1592 2199 1660 2252 et
1712 2190 2078 2268 octoginta
2115 2200 2184 2253 et
2224 2191 2298 2253 in
2338 2190 2636 2269 singulis
2676 2199 2914 2252 sectae
2955 2207 3125 2252 suae

663 2305 1026 2369 auctorem
1056 2297 1442 2359 nominant.
1489 2295 1738 2359 Ortum
1788 2297 2183 2375 intelligere
2226 2298 2449 2360 voluit
2491 2296 2799 2359 Fiachae
2836 2304 2903 2359 et
2937 2295 3135 2358 Ami-

663 2405 818 2484 dae,
853 2404 972 2485 qui
1003 2413 1079 2467 ut
1110 2404 1474 2484 praecipui
1502 2403 1637 2466 Dei
1666 2404 2089 2467 colebantur
2128 2405 2316 2485 apud
2332 2403 2792 2484 japonenses;
2835 2411 2903 2466 et
2939 2404 3139 2466 intel·

661 2512 831 2575 lexit
860 2530 1005 2575 non
1033 2512 1249 2574 fuisse
1279 2511 1659 2574 daemones
1690 2511 1813 2573 sed
1844 2511 2192 2590 figmenta
2223 2509 2609 2573 daemonis,

782 2618 922 2681 505.
1010 2618 1175 2681 Dux
1205 2618 1658 2698 Amanguchi
1688 2621 1982 2682 multum
2021 2618 2286 2681 nostris
2322 2618 2639 2693 favebat,
2675 2626 2742 2680 et
2773 2616 2922 2697 eJus
2952 2635 3135 2681 uxor

660 2726 891 2804 magis
921 2743 1132 2805 quam
1163 2727 1341 2807 ipse,
1378 2737 1447 2789 et
1479 2726 1726 2805 augeri
1745 2727 2165 2805 religionem
2191 2725 2463 2789 Christi
2487 2726 2860 2806 optabant,
2896 2742 3134 2804 quam·

662 2833 769 2894 vis
799 2851 1161 2913 nunquam
1199 2852 1358 2897 eam
1400 2833 1865 2911 admiserunt,
1910 2834 2075 2913 quia
2119 2833 2340 2895 multa
2381 2833 2816 2895 monasteria
2858 2830 2948 2894 ad
2990 2832 3134 2895 cul-

660 2948 808 3002 tum
861 2939 1161 3003 Amidae
1215 2950 1628 3019 erexerant,
1691 2950 1766 3002 ut
1806 2940 1880 3003 in
1922 2941 2060 3002 hac
2103 2940 2254 3002 vita
2308 2940 2477 3020 ipsis
2527 2938 3009 3018 benefaceret,
3064 2950 3133 3002 et

660 3056 821 3126 post
854 3047 1045 3112 illam
1079 3047 1170 3110 ad
1210 3048 1515 3126 quietern
1555 3064 1796 3110 secum
1837 3047 2245 3120 deduceret3
2292 3055 2360 3109 et
2397 3047 2729 3109 nolebant
2769 3057 2915 3109 tarn
2959 3047 3130 3109 mul·
3200 3073 3212 3086 ·

660 3163 772 3216 tos
815 3172 1040 3217 annos
1080 3154 1189 3217 sui
1228 3154 1545 3234 obsequii
1576 3164 1645 3216 et
1688 3153 1996 3216 fructum
2041 3162 2188 3216 tam
2227 3154 2607 3216 multarum
2647 3157 3130 3233 eleemosyna·

660 3280 819 3325 rum
856 3261 1172 3342 perdere.
1223 3261 1649 3325 Persuasum
1687 3262 1824 3325 illis
1865 3271 2020 3325 erat
2058 3279 2189 3341 pro
2226 3279 2366 3323 uno
2405 3260 2649 3324 decem
2691 3261 2823 3323 sibi
2864 3278 3020 3324 esse
3060 3263 3134 3324 in

660 3370 800 3432 alio
829 3371 1112 3432 saeculo
1142 3369 1626 3448 rependenda,
1660 3378 1730 3431 et
1759 3378 2014 3450 putant
2039 3369 2180 3432 alia
2206 3370 2276 3432 in
2299 3370 2447 3430 vita
2473 3369 2736 3447 cibum,
2773 3368 3128 3445 vestitum,

663 3478 805 3539 alia
850 3475 1251 3555 hujusmodi
1289 3495 1445 3542 esse
1484 3477 1917 3540 necessaria.
1966 3476 2085 3540 Sic
2131 3493 2255 3539 eos
2301 3476 2510 3538 bonzi
2561 3475 2908 3538 docebant
2948 3484 3017 3537 et
3061 3476 3134 3538 in

659 3583 805 3647 suis
834 3582 1490 3663 praedicationibus
1522 3584 1594 3646 in
1624 3583 1859 3647 Deum
1891 3592 1959 3647 et
1990 3584 2065 3645 in
2096 3593 2411 3661 nostros,
2458 3591 2534 3644 ut
2575 3580 2706 3645 Dei
2746 3582 3128 3660 ministrOS,

662 3690 1208 3766 invehebantur,
1263 3699 1332 3753 et
1382 3690 1589 3753 simul
1620 3699 1830 3770 atque
1882 3691 2378 3754 admitteretur
2409 3689 2810 3753 Christiana
2853 3690 3132 3769 religiO,

656 3796 1118 3877 japonensem
1155 3798 1521 3876 regionem
1558 3797 1981 3877 perituram;
2023 3797 2319 3877 proinde
2360 3805 2436 3859 ut
2478 3815 2520 3859 a
2557 3796 2819 3859 nostris
2859 3806 2927 3859 et
2972 3795 3129 3860 Deo
3161 3783 3166 3786 ’

662 3913 908 3967 nostro
936 3912 1293 3966 caverent.
1331 3903 1426 3966 At
1456 3913 1720 3984 quanto
1745 3904 2230 3967 vehementius
2262 3904 2332 3966 id
2361 3902 2890 3983 praedicabant,
2927 3912 3126 3967 tanto

661 4011 892 4088 magis
932 4010 1234 4090 populus
1273 4011 1363 4073 ad
1401 4010 1630 4074 Deum
1679 4019 1749 4072 et
1788 4010 1880 4073 ad
1928 4019 2211 4074 nostros
2262 4010 2734 4089 afficiebatur,
2780 4020 2848 4072 et
2899 4011 3134 4089 magis

662 4117 945 4196 nostriS,
980 4135 1140 4179 cum
1170 4118 1271 4180 eis
1301 4118 1787 4197 loquebantur,
1823 4117 2191 4195 credebat,
2238 4127 2305 4180 et
2345 4120 2582 4196 plures
2624 4117 2990 4179 christiani
3020 4116 3130 4179 fie-

660 4225 860 4303 bant3
902 4241 1067 4286 nam
1108 4241 1199 4286 ex
1236 4224 1505 4287 invidia
1543 4225 1812 4286 bonzos
1862 4224 1964 4286 sic
2013 4225 2204 4303 loqui
2247 4223 2918 4304 interpretabantur.
2962 4223 3133 4286 Dili-

659 4341 910 4411 genter
940 4331 1401 4410 investigavit
1431 4330 1508 4393 P.
1541 4330 1970 4393 Franciscus
2017 4348 2108 4392 an
2147 4333 2455 4411 aliquam
2495 4331 2662 4393 olim
2695 4329 3131 4410 J‘aponenses

660 4438 919 4502 Christi
949 4439 1274 4501 notitiam
1302 4438 1746 4517 habuissent,
1781 4447 1851 4500 et
1874 4436 2078 4516 juxta
2117 4439 2386 4517 scripta
2432 4439 2747 4518 ipsorum
2786 4447 2856 4501 et
2891 4438 3135 4518 populi

660 4546 1082 4608 sententiam
1111 4547 1374 4609 nullam
1402 4545 1620 4608 fuisse
1651 4546 1942 4608 invenit.
1979 4544 2515 4624 Changoximae
2545 4545 2830 4626 quidem
2860 4546 3134 4608 invenit

662 4651 814 4731 ejus
849 4653 1045 4715 urbis
1084 4653 1444 4717 dominum
1487 4654 1668 4716 inter
1711 4653 2020 4732 insignia
2064 4668 2193 4715 sua
2238 4669 2521 4715 crucem
2565 4653 2799 4715 albam
2844 4653 3128 4732 habere;
