3679 5414
691 448 804 510 428
1617 447 1871 508 Canon.
1914 445 2065 506 Soc.
2107 444 2247 518 JES.

691 601 1186 674 tempestatem
1212 610 1354 655 non
1383 592 1897 672 derelinqueret
1935 609 2115 672 quae
2155 589 2246 654 ad
2275 589 2409 654 Dei
2446 591 2788 654 honorem
2825 588 3150 652 iacienda

664 701 1048 778 censebat)
1078 701 1210 763 iter
1241 716 1628 779 aggressus
1658 708 1784 762 est.
1820 700 1908 763 Et
1931 698 2122 762 dedit
2150 698 2248 761 illi
2271 697 2622 761 Dominus
2651 697 2875 776 vireS,
2913 713 3149 777 quam-

694 808 805 870 vis
835 807 1011 870 duas
1060 816 1129 870 et
1158 815 1304 870 tres
1333 807 1548 869 horas
1582 815 1743 869 ante
1775 806 1965 869 diem
1994 806 2429 885 surgendum
2459 814 2673 883 esset,
2708 812 2786 867 ut
2817 805 2890 867 in
2919 803 3149 866 eundo

692 923 764 977 et
792 913 1151 977 redeundo
1181 914 1433 977 melius
1463 930 1677 993 quam
1706 911 1898 975 domi
1926 912 2199 976 solebat
2228 911 2538 975 haberet.
2575 911 2662 974 Et
2692 910 2880 991 quod
2919 908 3009 972 ad
3038 928 3151 973 ne·

690 1022 967 1101 gotium
995 1021 1457 1101 praecipuum
1488 1021 1762 1101 attinet,
1797 1020 2074 1082 duobus
2103 1018 2346 1082 diebus
2377 1035 2539 1081 cum
2567 1016 2877 1097 dimidio,
2906 1018 3156 1098 quibus

695 1128 922 1192 Alviti
973 1128 1254 1207 mansit,
1298 1127 1367 1190 id
1411 1127 1559 1192 fere
1602 1145 1807 1191 omne
1849 1127 2149 1190 obtinuit
2187 1126 2375 1207 quod
2415 1127 2773 1207 cupiebat3
2831 1125 3156 1205 quamvis

692 1252 858 1299 cum
886 1235 1186 1298 Romam
1215 1234 1524 1298 Domina
1556 1234 1864 1298 Ducissa
1890 1220 2141 1314 postea
2170 1234 2510 1313 venisset,
2546 1243 2615 1296 et
2644 1233 2764 1296 alii
2802 1250 2957 1295 sese
2992 1232 3156 1295 huic

693 1340 1123 1406 concordiae
1153 1342 1652 1421 immiscenteS,
1687 1342 1827 1403 alia
1864 1341 2142 1404 ratione
2172 1357 2385 1421 quam
2424 1357 2510 1402 ea
2540 1349 2792 1419 coepta
2835 1349 2989 1403 erat
3027 1356 3160 1402 suo

698 1450 1046 1512 arbitratu
1071 1448 1457 1529 procedere
1487 1449 1782 1524 vellent,
1816 1465 1968 1511 rem
1997 1464 2177 1527 pene
2211 1445 2359 1527 jam
2401 1465 2444 1510 a
2473 1445 2548 1509 P.
2603 1445 2880 1526 Ignatio
2930 1447 3156 1510 confe-

694 1565 908 1635 ctam,
945 1555 1279 1619 infectam
1310 1555 1650 1619 fecerunt.

817 1662 917 1725 23.
1005 1662 1130 1725 Illo
1158 1680 1333 1725 vero
1367 1663 1628 1742 exiguo
1666 1671 2007 1742 tempore,
2052 1679 2192 1741 quo
2223 1661 2447 1725 Alviti
2474 1660 2624 1739 fuit,
2671 1667 2953 1741 praeter
2992 1659 3157 1723 mul-

701 1779 932 1833 torum
966 1769 1448 1833 confessiones
1479 1788 1521 1832 a
1551 1768 1923 1832 sacerdote
1953 1768 2175 1849 ipsius
2207 1766 2223 1798 ¹
2268 1786 2428 1831 cum
2466 1766 2698 1830 fructu
2736 1784 2884 1830 non
2923 1766 3162 1846 poeni-

703 1878 914 1941 tendo
947 1877 1249 1955 auditaS‚
1294 1877 1575 1940 curavit
1603 1875 1679 1939 P.
1713 1877 2061 1955 IgnatiuS,
2106 1875 2528 1938 auctoritate
2570 1873 2916 1936 Ducissae
2954 1874 3161 1935 inter·

705 1984 1051 2064 posita,ut
1079 1984 1380 2063 populus
1404 1984 1518 2045 ille
1550 1982 1639 2046 ad
1666 1982 2183 2046 confessionem
2207 1981 2507 2059 singulis
2530 1980 2889 2042 mensibus
2906 1979 3159 2042 facien-

706 2091 869 2154 dam
910 2090 1402 2167 adduceretur,
1447 2098 1547 2169 et,
1591 2107 1751 2153 cum
1789 2089 1998 2169 primi
2037 2106 2126 2151 ex
2165 2088 2570 2151 domesticis
2612 2086 2960 2150 Ducissae
3003 2104 3161 2149 con-

700 2192 1137 2262 cionatorem
1186 2197 1406 2277 ipsius
1459 2196 1698 2276 oppidi
1744 2195 1895 2276 ejus
1948 2196 2231 2258 nomine
2282 2196 2572 2258 allocuti
2626 2203 2863 2257 essent
2922 2203 2991 2256 et
3042 2210 3164 2257 eos

706 2306 955 2384 etiam,
990 2305 1110 2385 qui
1138 2303 1641 2384 parochiarum
1680 2319 1925 2365 curam
1956 2303 2330 2381 habebant,
2374 2310 2452 2365 ut
2482 2302 2643 2364 huic
2691 2308 3164 2364 sacramento·

666 2444 673 2449 ·
706 2429 865 2476 rum
896 2411 1351 2491 frequentiori
1382 2411 1540 2473 usui
1562 2411 1955 2484 studerent,
1991 2408 2319 2472 effectum
2348 2410 2562 2471 etiam
2595 2417 2702 2471 est
2730 2417 2808 2471 ut
2837 2408 3054 2488 aliqui
3077 2425 3168 2471 ex

610 2530 615 2535 ·
702 2518 1128 2599 primoribus
1158 2516 1307 2596 ejns
1339 2501 1577 2597 oppidi
1607 2534 1759 2580 rem
1796 2516 2243 2595 inchoarent,
2276 2525 2385 2595 ut,
2420 2514 3014 2596 quemadmodum
3045 2514 3167 2578 alii

705 2624 1238 2705 praedicatione
1262 2625 1375 2686 vel
1399 2623 1915 2699 exhortatione,
1933 2623 2034 2686 sic
2060 2624 2194 2703 ipsi
2219 2624 2541 2703 exemplo
2568 2624 2745 2685 alios
2756 2622 3162 2685 invitarent.

710 2731 1198 2812 Significatum
1230 2732 1442 2795 etiam
1483 2732 1618 2794 illis
1648 2741 1756 2794 est
1793 2731 2174 2795 Dominam
2211 2730 2591 2796 Ducissam
2628 2731 3168 2794 observaturam

702 2857 861 2903 esse
906 2839 1279 2919 diligenter
1308 2839 1597 2919 quinam
1637 2839 2219 2904 consuetudinem
2260 2838 2467 2901 istam
2510 2847 2835 2901 sanctam
2872 2837 3169 2917 singulis

702 2948 1065 3011 mensibus
1096 2945 1477 3010 confitendi
1506 2955 1575 3009 et
1604 2945 2178 3009 communicandi
2206 2946 2615 3009 retinerent.

824 3054 923 3117 24.
1013 3053 1181 3116 Inde
1211 3052 1665 3134 Cyperanum
1694 3071 1772 3116 se
1802 3054 2119 3132 contulit,
2155 3053 2344 3133 quod
2368 3052 2702 3134 oppidum
2732 3063 2838 3117 est
2868 3054 2940 3115 in
2962 3051 3167 3116 confi-

705 3162 912 3224 nibus
974 3162 1211 3240 regni,
1267 3161 1392 3223 sed
1438 3160 1531 3222 ad
1569 3160 1967 3223 Ecclesiam
2015 3161 2353 3240 pertinet,
2402 3160 2522 3222 ubi
2570 3169 2724 3223 erat
2775 3159 3171 3223 Cardinalis

707 3267 1124 3346 Burgensis3
1160 3285 1321 3330 curn
1348 3284 1509 3346 qu0,
1545 3267 1710 3330 licet
1738 3275 2014 3329 tantum
2043 3275 2326 3330 noctem
2347 3284 2564 3329 unam
2593 3268 2932 3346 exegerit,
2967 3283 3167 3329 cura·

672 3376 813 3437 -vit
842 3385 918 3438 ut
947 3374 1157 3455 idern,
1192 3374 1381 3454 quod
1409 3374 1657 3451 Alviti,
1692 3374 2243 3436 constitueretur
2272 3374 2359 3437 de
2397 3373 2840 3436 confessione
2882 3382 2950 3436 et
2987 3390 3170 3436 com·

708 3482 1039 3545 munione
1069 3482 1369 3561 singulis
1398 3479 1755 3543 mensibus
1798 3479 2336 3561 frequentanda.
2382 3478 2596 3560 Cujus
2633 3480 2737 3542 rei
2784 3481 3168 3559 exsecutiO,

711 3587 1111 3651 Cardinalis
1142 3587 1564 3651 auctoritate
1594 3586 2035 3667 interposita,
2061 3587 2309 3649 relicta
2332 3597 2438 3650 est
2459 3586 2877 3650 Sebastiano
2900 3587 3170 3665 Romei,

708 3695 914 3760 fratri
954 3706 1241 3773 nostr0,
1288 3694 1428 3773 qui,
1463 3693 1778 3757 nondum
1817 3690 2186 3766 sacerdos,
2242 3693 2694 3773 Cyperanum
2750 3694 2839 3757 ad
2898 3703 3174 3773 tempus

712 3803 971 3865 missus
1012 3810 1188 3878 erat,
1231 3810 1529 3880 urgente
1567 3801 1816 3864 eodem
1856 3785 2250 3880 Cardinali,
2285 3809 2354 3863 et
2396 3801 2713 3863 scholam
2757 3801 2884 3880 ibi,
2927 3801 2999 3862 in
3037 3817 3176 3879 qua

714 3909 914 3987 pueri
945 3908 1280 3988 oppidani
1311 3909 1606 3986 litteraS,
1652 3907 1878 3970 bonos
1907 3923 2144 3970 mores
2174 3916 2243 3969 et
2281 3907 2740 3969 christianam
2780 3908 3175 3971 doctrinam

713 4015 1185 4094 addiscerent,
1242 4015 1666 4094 instituerat,
1722 4023 1793 4077 et
1838 4013 1996 4077 aliis
2047 4014 2331 4093 pietatis
2369 4014 2700 4093 operibus
2750 4031 2909 4077 cum
2946 4014 3176 4077 fructu

714 4121 1113 4185 animarum
1142 4129 1556 4185 vacaverat.
1592 4111 1713 4184 Ille
1743 4137 1921 4200 ergo
1955 4132 2024 4183 et
2047 4121 2573 4201 praedicatione
2596 4130 2665 4184 et
2686 4122 3177 4184 exhortatione

715 4227 1039 4292 homines
1069 4229 1161 4292 ad
1190 4228 1708 4292 confessionem
1733 4228 2057 4291 crebram
2075 4227 2426 4290 adducere
2450 4236 2747 4291 conatus
2769 4238 2897 4308 est,
2924 4237 2993 4291 et
3016 4237 3178 4291 ante

715 4336 1019 4399 reditum
1054 4337 1123 4399 in
1150 4336 1413 4400 Urbem
1439 4335 1837 4415 aliquorum
1862 4334 2344 4397 consessiones
2368 4344 2530 4398 sunt
2552 4334 2868 4413 auditae;
2902 4345 2991 4413 et,
3021 4351 3179 4398 cum

716 4452 994 4523 tempus
1022 4461 1166 4506 non
1198 4442 1633 4521 permitteret
1663 4450 1738 4504 ut
1769 4442 2132 4521 sacerdOS,
2166 4442 2287 4521 qui
2315 4442 2392 4505 P.
2419 4442 2772 4521 Ignatium
2802 4443 3184 4506 comitaba-

798 4686 815 4719 ¹
877 4684 987 4730 Hoc
1008 4693 1088 4730 est
1110 4698 1142 4730 a
1161 4686 1459 4739 sacerdote,
1483 4686 1566 4740 qui
1589 4684 1849 4740 Ignatium
1865 4685 2231 4730 comitabatur.
