3679 5414
631 464 749 528 '780
1552 466 1810 528 eunom.
1850 465 2004 527 Soc.
2045 468 2184 541 Jsss.

633 614 1152 677 multitudinem
1182 611 1578 677 caederent.
1612 613 1966 678 Fecerunt
1994 613 2093 677 illi
2132 611 2319 694 quod
2363 621 2713 694 tyrannus
2756 611 3071 691 praescri

632 728 905 800 pserat,
952 728 1043 797 et,
1079 720 1170 783 ad
1200 721 1538 801 templum
1565 719 1955 799 venienteS,
1988 719 2086 782 ibi
2111 714 2556 783 Ludovi'cum
2585 718 2880 782 Mendez
2909 719 3102 782 inve·

630 827 859 905 niunt,
893 827 1009 907 qui
1040 827 1111 890 in
1142 821 1461 891 oratione
1489 826 1747 891 ibidem
1774 827 2312 907 perseverabat,
2345 835 2415 890 et
2453 826 2936 890 desideratam
2973 842 3101 907 per

632 935 1054 1016 martyrium
1081 943 1380 998 mortem
1408 934 1741 998 credibile
1770 944 1879 998 est
1908 935 2142 1016 ipsum
2168 944 2337 999 tunc
2364 941 2843 1016 exspectasse.
2877 934 3100 998 Facta

626 1042 848 1122 ‘igitur
877 1051 1117 1122 strage
1147 1042 1449 1105 aliorum
1478 1042 1550 1105 in
1576 1042 1836 1123 oppido
1867 1053 1936 1106 et
1968 1042 2058 1109 ad
2089 1044 2428 1123 templum
2458 1042 2948 1122 devenienteS,
2982 1042 3101 1105 ubi

632 1165 966 1213 numerus
1016 1165 1317 1230 magnus
1366 1149 1730 1213 hominum
1778 1159 2259 1231 congregatus
2315 1161 2497 1230 erat,
2554 1150 2882 1215 incendio
2929 1149 3100 1213 illud

628 1251 1003 1319 absumere
1033 1273 1118 1318 ac
1141 1255 1375 1319 delere
1405 1256 1842 1336 cogitabant,
1871 1266 1940 1320 et
1970 1256 2063 1320 ad
2091 1257 2160 1321 id
2191 1258 2560 1322 machinas
2588 1258 2839 1338 igneas
2862 1257 3099 1321 admo-

632 1362 917 1426 vebant.
951 1362 1151 1426 Tunc
1179 1381 1431 1427 servus
1460 1363 1597 1427 Dei
1624 1363 2057 1444 Ludovicus,
2093 1366 2184 1429 ad
2213 1366 2456 1447 templi
2485 1366 2917 1429 vestibulum
2945 1381 3100 1427 ver·

633 1485 755 1533 sus
783 1487 1073 1534 mauros
1102 1486 1562 1551 progressuS,
1612 1489 1734 1535 eos
1774 1472 2265 1536 obtestabatur
2306 1491 2396 1537 ne
2433 1473 2506 1538 in
2536 1472 2755 1537 caede
2784 1482 2933 1536 tam
2976 1473 3098 1534 im·

634 1578 826 1641 mani
853 1577 1181 1642 facienda
1220 1578 1845 1659 progrederentur,
1888 1596 2021 1643 nec
2064 1582 2402 1661 templum
2441 1581 2925 1656 incenderent,
2968 1596 3101 1642 nec

632 1683 709 1746 in
736 1684 933 1749 viros
964 1685 1281 1748 insontes
1309 1686 1696 1749 saevirent.
1739 1685 1930 1750 Dum
1969 1688 2147 1750 haec
2187 1687 2485 1767 diceret,
2531 1686 2822 1768 quidam
2859 1704 2949 1750 ex
2996 1703 3104 1749 sa-

634 1792 918 1855 racenis
963 1791 1241 1855 hostilis
1285 1794 1641 1856 exercitus
1682 1792 1830 1872 eJus
1874 1792 2199 1875 jugulum
2243 1805 2507 1874 magno
2545 1783 2691 1858 ictu
2731 1793 3102 1874 percussit,

638 1915 780 1979 quo
824 1907 1117 1979 accepto
1158 1901 1489 1971 vulnere,
1535 1900 1608 1963 in
1650 1910 1916 1963 terram
1957 1902 2336 1981 prolapsus
2378 1910 2485 1964 est
2507 1951 2521 1979 ,
2573 1910 2672 1980 et,
2729 1911 3110 1981 antequam

628 2006 1054 2086 exspiraret,
1090 2007 1481 2070 secundum
1510 2008 1770 2070 vulnus
1798 2007 1872 2070 in
1901 2007 2216 2071 foemore
2244 2006 2543 2088 accepit,
2580 2017 2649 2072 et
2679 2007 2965 2071 demum
2994 2006 3110 2069 ab·

630 2112 900 2177 scisum
928 2111 1081 2191 ejus
1110 2122 1324 2194 caput
1356 2130 1598 2177 secum
1630 2114 2030 2178 detulerunt
2058 2132 2073 2192 ς
2106 2123 2206 2190 et,
2248 2116 2499 2197 paucis
2538 2115 2795 2179 occisis
2839 2132 2925 2177 ac
2962 2112 3112 2176 vul·

632 2221 903 2284 neratis
934 2220 1127 2299 aliis,
1161 2229 1637 2284 recesserunt.
1670 2218 1787 2284 Sic
1817 2222 2152 2301 egregius
2182 2223 2297 2300 ille
2328 2221 2592 2287 Christi
2620 2222 2857 2301 miles,
2904 2221 3022 2301 qui
3065 2237 3111 2282 a

637 2326 716 2392 P.
748 2326 1137 2391 Francisco
1168 2326 1462 2408 Xavier,
1496 2345 1658 2392 cum
1689 2329 1826 2392 hoc
1858 2346 2045 2392 anno
2076 2329 2360 2393 ineunte
2390 2330 2463 2392 in
2489 2329 2764 2393 Indiam
2802 2326 3104 2406 veniret,

634 2433 711 2497 in
738 2434 1168 2498 maritimam
1196 2434 1390 2497 illam
1422 2452 1623 2498 oram
1655 2434 2093 2499 Commurini
2123 2437 2384 2500 missus
2413 2436 2676 2513 fuerat,
2708 2435 2910 2499 brevi
2940 2443 3110 2497 tem-

638 2555 834 2621 pore,
867 2540 939 2604 id
968 2549 1096 2619 est,
1133 2541 1416 2604 circiter
1446 2542 1654 2605 unius
1686 2543 1853 2605 anni
1876 2592 1890 2621 ‚
1924 2559 2264 2605 coronam
2295 2543 2429 2607 sibi
2457 2551 2872 2623 perpetuam
2899 2540 3108 2604 fabri·

630 2648 862 2729 cavit,
896 2657 965 2712 et
996 2649 1067 2712 in
1097 2649 1256 2713 aliis
1285 2649 1626 2713 fratribus
1656 2657 1998 2730 magnum
2030 2658 2098 2714 et
2129 2651 2387 2715 ardens
2416 2650 2725 2715 studium
2765 2649 2915 2731 eJ‘us
2960 2648 3106 2713 imi-

638 2756 835 2819 tandi
864 2756 1166 2837 reliquit.

757 2862 895 2926 758.
985 2861 1190 2927 Alius
1218 2866 1434 2928 etiam
1463 2865 1722 2928 missus
1753 2873 1892 2943 est,
1927 2865 2047 2945 qui
2078 2862 2285 2945 hujus
2323 2867 2560 2929 locum
2598 2865 2891 2945 implere
2934 2864 3106 2926 nite·

634 2979 854 3047 retur,
909 2970 1264 3034 Antonius
1316 2970 1732 3035 Fernandez
1784 2972 2091 3035 nomine.
2149 2971 2328 3035 Cum
2377 2980 2614 3035 autem
2664 2971 2725 3034 is
2776 2971 3114 3049 abreptus

634 3087 1009 3142 ventorum
1040 3079 1112 3140 vi
1142 3087 1212 3141 et
1241 3078 1315 3141 in
1358 3079 1751 3142 Baticalam
1781 3077 2056 3142 delatus
2086 3088 2303 3157 esset,
2338 3079 2530 3142 omni
2573 3086 2835 3142 conatu
2878 3076 3114 3157 gentis

632 3184 822 3248 illius
850 3186 1391 3249 conversionem
1410 3181 1746 3265 'tentavit3
1782 3186 1930 3263 sed,
1960 3203 2122 3249 cum
2152 3186 2542 3249 rationibus
2572 3185 2894 3249 homines
2924 3192 3110 3247 tene·

633 3291 782 3355 bris
810 3308 1133 3355 errorum
1161 3302 1586 3356 excaecatos
1615 3292 1881 3356 frustra
1913 3293 2393 3371 convinceret,
2429 3291 2761 3356 dixerunt
2791 3292 2857 3355 ei
2888 3290 3113 3354 riden-

635 3407 745 3462 tes
773 3399 1057 3463 barbari
1088 3408 1166 3464 ut
1186 3448 1200 3476 ,
1236 3400 1518 3464 omissis
1549 3401 2023 3479 argumentis,
2057 3400 2392 3475 cadaver,
2428 3399 2617 3480 quod
2645 3407 2812 3461 tunc
2848 3408 3113 3478 tempo·

636 3504 739 3569 ris
767 3506 865 3569 ibi
885 3506 1199 3587 jacebat,
1235 3508 1575 3571 invitam
1612 3516 2025 3585 revocaret3
2073 3515 2225 3570 tum
2272 3505 2555 3569 demum
2599 3524 2675 3569 se
2717 3504 3115 3569 credituros

631 3626 797 3675 esse
822 3612 1126 3693 ChristO,
1160 3615 1223 3678 si
1251 3614 1673 3677 miraculum
1706 3613 2076 3676 vidissent.
2112 3613 2313 3676 Tunc
2343 3612 2565 3675 frater
2593 3611 2739 3675 ille:
2772 3610 3114 3692 promitti-

637 3726 738 3799 te,
772 3719 1026 3801 inquit,
1060 3720 1410 3801 Reginam
1439 3730 1760 3785 vestram
1799 3729 1868 3783 et
1912 3737 2047 3783 vos
2090 3719 2182 3783 ad
2226 3718 2437 3783 fidem
2478 3727 2919 3796 accessuro‘5‚
2952 3719 3013 3782 si
3041 3717 3114 3780 id

638 3824 987 3890 Dominus
1014 3844 1144 3907 per
1171 3845 1283 3890 me
1312 3827 1581 3890 fecerit.
1619 3825 1999 3905 Accipiunt
2028 3827 2127 3890 illi
2158 3826 2641 3889 conditionem
2670 3834 2740 3889 et
2769 3826 3113 3905 palatium

634 3928 956 4012 Reginae
987 3937 1141 4010 (nec
1172 3934 1359 3997 enim
1388 3934 1540 3998 Rex
1577 3934 1891 4011 vivebat)
1922 3934 2206 3997 adeunt.
2241 3931 2685 4013 Sequebatur
2715 3932 2939 3996 frater
2969 3932 3105 4005 ille,

634 4039 919 4103 sublato
970 4041 1323 4104 cadavere
1374 4041 1446 4104 in
1500 4041 1872 4118 humerOS,
1930 4056 2191 4120 magno
2245 4040 2481 4109 animo
2527 4049 2597 4104 et
2655 4038 2879 4103 fidens
2933 4037 3113 4115 Deo;

635 4145 842 4226 qu'us
891 4148 1109 4211 animi
1163 4148 1641 4211 constantiam
1692 4156 1905 4227 atque
1946 4146 2279 4210 fiduciam
2322 4146 2623 4225 gentiles
2665 4144 2989 4210 videntes
3029 4162 3115 4207 ac

638 4262 1030 4335 stupenteS,
1064 4255 1394 4318 dixerunt
1426 4273 1502 4318 se
1534 4256 1719 4318 nolle
1746 4263 1962 4335 pacto
1991 4263 2207 4332 stare3
2242 4263 2311 4317 et
2342 4254 2441 4317 ita
2473 4270 2635 4318 cum
2664 4253 2915 4317 merito
2944 4269 3116 4316 suae

640 4359 804 4424 fidei
831 4370 900 4425 et
939 4362 1220 4425 illorum
1262 4360 1676 4426 confusione
1718 4362 1935 4426 cessit
1975 4370 2045 4425 et
2085 4361 2177 4424 ad
2215 4360 2647 4424 destinatum
2690 4361 2927 4423 locum
2965 4375 3114 4439 per·

645 4470 855 4533 rexit.

761 4575 902 4639 759.
987 4575 1125 4641 Sed
1163 4577 1256 4640 ad
1292 4576 1368 4640 P.
1413 4576 1879 4639 Franciscum
1916 4574 2188 4638 Xavier
2229 4573 2623 4653 redeunde,
2666 4574 2817 4638 suis
2865 4572 3118 4637 litteris

638 4693 788 4747 tam
818 4683 907 4748 ad
936 4684 1013 4750 P.
1047 4685 1400 4765 Ignatium
1431 4698 1643 4765 quam
1674 4683 1764 4746 ad
1803 4682 1880 4745 P.
1924 4680 2284 4746 Simonem
2327 4678 2397 4744 id
2438 4681 2623 4744 serio
2671 4680 3116 4744 commenda·
