3679 5414
693 462 803 519 312
1614 458 1870 519 Canon.
1911 458 2066 518 Soc,
2106 459 2246 533 Jas.

678 623 842 670 nem
864 622 1035 669 suae
1057 623 1309 669 manus
1335 612 1411 667 ut
1441 621 1654 684 super
1676 605 1871 668 illam
1893 604 1965 667 in
1994 604 2156 667 alba
2180 603 2430 667 charta
2454 604 2794 666 scriberet
2818 603 3154 684 quidquid

682 712 822 793 ipsi
851 710 1302 776 scribendum
1331 711 1694 774 videretur
1722 710 1814 774 ad
1843 711 2060 773 animi
2099 710 2209 774 sui
2238 710 2797 774 consolationem
2827 728 2912 773 ac
2950 710 3150 773 satis·

681 819 1101 897 factionem;
1144 817 1332 898 quod
1370 817 1552 881 mira
1587 818 1859 881 laetitia
1895 816 1973 880 P.
2015 817 2480 882 Franciscum
2520 817 2776 880 affecit.
2819 815 3151 880 Manebat

681 935 917 989 autem
970 926 1043 989 in
1093 925 1503 989 eremitorio
1547 922 1696 1005 jam
1735 924 1957 1005 dict0,
2000 925 2119 988 ubi
2149 925 2240 989 ad
2269 924 2495 988 instar
2523 924 3152 1004 Hierosolymitani

680 1033 1036 1114 sepulchri
1096 1048 1258 1096 cum
1309 1033 1661 1096 mensuris
1710 1032 1976 1095 eisdem
2031 1048 2207 1112 quas
2261 1030 2778 1111 Hierosolymis
2833 1031 3147 1109 haberet,

679 1143 913 1204 locum
944 1140 1077 1203 sibi
1105 1140 1424 1220 paravit;
1459 1156 1638 1220 quae
1667 1157 1785 1202 res
1812 1139 1905 1203 ad
1939 1139 2180 1220 populi
2209 1117 2663 1203 devotionem
2699 1135 3152 1201 excitandam

681 1266 824 1311 non
865 1265 1118 1328 parum
1148 1246 1407 1310 effecit.
3219 1229 3222 1234 ’

799 1352 941 1419 293.
1028 1356 1132 1418 Eo
1161 1355 1487 1435 pervenit
1526 1371 1758 1418 novus
1790 1353 2114 1418 Gandiae
2150 1354 2347 1434 Dux,
2383 1353 2712 1432 CaroluS,
2748 1351 2898 1433 ejus
2939 1352 3149 1430 filius,

681 1461 890 1524 simul
919 1478 1082 1524 cum
1112 1461 1384 1524 Comite
1415 1460 1500 1524 de
1527 1460 1968 1540 Rivagorza,
2001 1461 2270 1525 sororis
2310 1460 2389 1524 P.
2422 1460 2789 1524 Francisci
2826 1459 3000 1538 filio,
3033 1460 3152 1538 qui

682 1576 752 1630 et
774 1567 1295 1631 confessionem
1316 1578 1774 1649 peccatorum
1793 1568 2050 1631 ibidem
2080 1568 2403 1631 fecerunt
2442 1577 2511 1630 et
2550 1566 2637 1630 de
2678 1583 2896 1629 manu
2919 1565 3151 1629 Patris

681 1674 1048 1739 Francisci
1087 1674 1623 1739 Sanctissimam
1663 1675 2186 1738 Eucharistiam
2232 1683 2603 1755 ceperunt3
2652 1683 2721 1736 et
2753 1690 2916 1737 cum
2942 1672 3153 1736 Pater

681 1781 1108 1845 Franciscus
1150 1783 1236 1845 de
1276 1782 1684 1861 quingentis
1709 1783 1846 1845 illis
1879 1782 2137 1858 aureiS,
2178 1799 2476 1845 romano
2510 1781 2827 1860 Collegio
2857 1780 3154 1860 promis-

682 1888 801 1969 siS,
828 1889 1045 1952 filium
1068 1890 1565 1969 alloqueretur,
1594 1907 1669 1952 se
1691 1889 2223 1953 satisfacturum
2244 1889 2511 1969 recepit
2533 1897 2602 1952 et
2625 1898 2702 1951 ut
2726 1888 2829 1951 sic
2854 1887 3154 1951 Romam

682 1996 1025 2060 scriberet
1054 1996 1255 2076 dixit;
1288 1996 1614 2076 quamvis
1645 2014 1787 2059 non
1817 1997 1917 2060 ita
1939 2005 2187 2076 postea
2218 1996 2428 2059 fuerit
2449 2003 2829 2059 exsecutus
2849 1994 3035 2058 forte
3064 1996 3156 2058 ob

682 2103 919 2183 aliqua
949 2104 1486 2184 impedimenta,
1514 2104 1696 2166 sicut
1722 2112 1789 2166 et
1813 2103 2166 2166 Dominus
2194 2102 2536 2185 Joannes,
2569 2102 2688 2183 qui
2712 2101 3154 2167 tantumdem

682 2211 1128 2290 promiserat,
1156 2211 1228 2272 id
1257 2211 1597 2291 temporis
1620 2211 2197 2290 impedimentum
2220 2209 2577 2291 quoddam
2602 2210 2931 2286 ostendit3
2965 2208 3152 2289 quod

684 2318 1257 2398 impedimentum
1290 2319 1405 2380 vel
1436 2317 1575 2379 alia
1604 2326 1949 2398 perpetua
1978 2317 2283 2381 fuerunt.
2322 2317 2691 2380 Venerunt
2720 2316 2937 2380 etiam
2967 2314 3149 2379 Mar·

683 2423 843 2487 chio
872 2424 959 2488 de
990 2424 1420 2503 Alcagnices
1449 2433 1517 2488 et
1548 2423 1800 2487 Comes
1830 2425 1918 2487 de
1946 2424 2235 2503 Lerma,
2265 2441 2488 2504 gener
2518 2423 2594 2487 P.
2627 2423 3024 2503 Francisci,
3061 2424 3152 2485 ad

682 2549 841 2594 eum
871 2531 1345 2612 salutandum;
1376 2532 1696 2595 nonnulli
1717 2533 1933 2595 etiam
1962 2532 2276 2612 religiosi
2300 2530 2544 2596 Sancti
2567 2531 3006 2611 Hieronymi,
3033 2532 3153 2612 qui

680 2639 996 2717 peractis
1047 2638 1404 2701 exercitiis
1453 2638 1935 2720 spiritualibus
1977 2638 2338 2702 redierunt
2381 2639 2472 2702 ad
2510 2655 2662 2701 sua.
2707 2637 2886 2701 Cum
2914 2645 3152 2701 autem

682 2744 995 2808 ferveret
1032 2745 1108 2809 P.
1152 2745 1583 2810 Franciscus
1622 2746 1972 2810 desiderio
2011 2748 2374 2826 proximos
2415 2744 2744 2827 Juvandi,
2789 2745 3151 2809 constituit

681 2851 1056 2915 dominicis
1086 2852 1333 2916 diebus
1363 2871 1530 2916 suos
1559 2852 1878 2917 dividere
1921 2854 2177 2934 socios,
2221 2863 2296 2916 ut
2335 2853 2449 2916 hic
2489 2853 2563 2916 in
2591 2871 2732 2916 uno
2764 2853 2878 2915 ille
2909 2853 2981 2917 in
3011 2852 3151 2915 alio

677 2959 939 3039 populo
981 2960 1546 3023 confessionibus
1586 2969 1655 3023 et
1701 2961 2218 3041 praedicationi
2268 2960 2520 3024 darent
2570 2977 2884 3039 operam,
2930 2968 2997 3025 et
3047 2959 3150 3022 sic

678 3065 965 3129 demum
994 3084 1139 3129 non
1177 3067 1332 3129 sine
1380 3066 1614 3130 fructu
1665 3066 1756 3130 ad
1794 3067 2273 3131 eremitorium
2307 3066 2653 3130 redibant.
2688 3066 2804 3130 Ad
2831 3065 3151 3145 frequen-

678 3174 854 3237 tiam
886 3184 1498 3237 sacramentorum
1520 3175 2023 3237 assuescebant
2055 3174 2337 3253 aliquae
2358 3192 2531 3254 prae
2554 3173 2855 3236 caeteris
2882 3173 3155 3237 nobiles
3197 3160 3204 3165 ⁹

676 3280 1053 3359 foeminae,
1097 3282 1277 3344 inter
1322 3299 1505 3362 quas
1540 3281 1670 3346 fuit
1712 3281 2020 3344 Domina
2062 3281 2148 3345 de
2177 3282 2451 3361 Loyola
2491 3289 2559 3344 et
2588 3279 2674 3344 de
2707 3280 2978 3344 Ceraus
3010 3278 3051 3359 ¹,
3083 3289 3154 3343 et

677 3388 858 3450 aliae
888 3389 1289 3467 complures
1317 3388 1390 3450 in
1421 3388 1680 3468 oppido
1712 3389 1797 3452 de
1829 3387 2131 3468 Ognate,
2159 3389 2414 3469 quibus
2443 3388 2522 3451 P.
2565 3388 2872 3451 Michael
2909 3386 3155 3450 Ochoa

676 3495 749 3558 in
798 3495 934 3557 hoc
986 3494 1376 3558 ministerio
1419 3503 1567 3559 tam
1620 3495 2086 3559 confessionis
2136 3513 2348 3576 quam
2394 3495 2914 3559 communionis
2952 3510 3156 3556 suam

677 3619 968 3681 operam
999 3601 1335 3665 navabat.

793 3708 934 3771 294.
1022 3707 1161 3773 Sed
1207 3709 1393 3772 idem
1431 3708 1666 3787 Pater,
1709 3709 1946 3788 gratia
1986 3711 2384 3795 sanitatum,
2412 3711 2485 3772 in
2528 3710 2666 3773 illis
2692 3709 2901 3789 locis,
2944 3719 3151 3772 aucta

570 3844 575 3849 ·
676 3815 856 3879 forte
886 3825 1176 3896 propter
1207 3814 1415 3878 fidem
1446 3816 1725 3879 illorum
1752 3817 2205 3897 populorum,
2240 3817 2550 3880 fructum
2577 3817 2870 3879 uberem
2901 3816 3154 3879 refere·

676 3924 819 4003 bat,
872 3922 1057 3987 unde
1107 3933 1177 3986 et
1220 3923 1515 4003 ipsemet
1566 3924 1845 3986 scribit:
1902 3925 2092 3987 caeci
2135 3924 2509 4000 videbant,
2553 3923 2802 3986 claudi
2842 3923 3156 3988 ambula-

678 4031 872 4108 bant,
902 4040 1064 4108 etc.;
1098 4048 1230 4093 nec
1254 4032 1485 4093 solum
1513 4031 1631 4111 qui
1661 4030 1973 4095 febribus
2002 4033 2445 4112 laborabant,
2473 4032 2592 4111 qui
2622 4032 2755 4094 hoc
2782 4048 2973 4093 anno
3005 4031 3152 4112 plu·

677 4138 841 4200 rimi
882 4137 1033 4218 ejus
1085 4155 1302 4218 opera
1351 4138 1628 4201 liberati
1674 4148 1869 4216 sunt,
1904 4139 2029 4202 sed
2065 4156 2210 4202 non
2249 4138 2461 4219 pauci
2505 4139 2741 4217 etiam,
2785 4138 2904 4218 qui
2933 4130 3154 4218 pedes

680 4244 967 4307 inutiles
998 4244 1089 4308 ad
1134 4262 1339 4307 suum
1369 4244 1675 4308 officium
1705 4246 2086 4324 habebant,
2119 4263 2162 4308 a
2202 4244 2357 4308 Deo
2391 4263 2515 4325 per
2557 4244 2888 4308 eumdem>
2923 4245 3157 4308 sanati

683 4350 989 4432 fuerunt,
1044 4352 1227 4416 inter
1271 4369 1447 4432 quos
1495 4351 1778 4416 fuerunt
1826 4354 1948 4434 qui
1996 4355 2291 4418 multum
2340 4353 2685 4434 pecuniae
2730 4353 2818 4416 in
2843 4352 3158 4416 medicos

683 4468 1193 4539 erogaverant,
1227 4476 1413 4522 nunc
1455 4468 1691 4523 autem
1721 4478 1851 4540 per
1888 4462 2109 4524 solam
2143 4460 2659 4524 confessionem
2696 4469 3152 4540 peccatorum

769 4698 784 4729 ¹
846 4698 1069 4743 Zarauz?
