3679 5414
1597 478 1725 539 Au.
1769 479 1904 537 1551
2865 479 2977 540 361

508 627 949 707 leprosorum
976 642 1222 688 curam
1251 625 1607 705 suscipere
1639 625 1888 705 voluit,
1923 634 1992 688 et
2023 624 2210 705 quod
2239 625 2585 706 reliquum
2616 635 2772 688 erat
2801 633 2977 690 tem-

508 733 729 814 poris,
762 732 1240 813 spiritualibus
1268 732 1638 814 colloquiis
1674 741 1743 795 et
1772 734 2155 795 multorum
2196 731 2754 796 confessionibus
2791 741 2860 796 et
2904 734 2981 796 in

511 840 994 921 spiritualibus
1017 840 1374 903 exercitiis
1396 840 1759 904 tradendis
1781 840 2269 919 consumebat,
2294 840 2642 920 quosdam
2665 842 2851 903 enim
2874 841 2978 905 vi·

509 966 630 1011 ros
659 944 1037 1028 primarios
1065 964 1192 1026 per
1221 964 1306 1009 ea
1337 945 1760 1026 adjuvandO,
1796 947 1887 1010 ad
1919 948 2098 1009 alios
2126 964 2270 1009 non
2298 964 2568 1027 paucos
2601 947 2981 1011 utilitatem

513 1054 950 1135 spiritualem
1002 1052 1557 1117 redundaturam
1606 1055 1964 1134 sperabat.
2011 1053 2447 1133 Quibusdam
2484 1054 2699 1118 etiam
2739 1056 2976 1118 simul-

513 1162 775 1225 tatibus
807 1160 1311 1240 componendis
1340 1179 1630 1241 operam
1663 1161 1913 1240 dabat;=
1936 1161 2123 1224 unde
2167 1162 2396 1224 solum
2438 1162 2670 1224 noctis
2701 1170 2987 1242 tempus

513 1269 747 1332 studio
778 1269 1203 1331 concionum
1231 1276 1300 1330 et
1343 1268 1743 1330 orationum
1782 1268 2095 1331 dandum
2131 1277 2307 1331 erat.
2349 1268 2437 1332 Et
2475 1285 2638 1331 cum
2680 1277 2977 1348 tantum,

515 1376 701 1457 quod
730 1394 819 1439 ex
847 1376 1246 1438 mendicato
1277 1375 1671 1455 accepisset
1701 1376 2035 1455 ostiatim,
2071 1375 2491 1454 comederet,
2525 1376 2701 1439 satis
2732 1376 2988 1440 debilis

514 1494 583 1547 et
612 1484 1029 1546 macilentus
1060 1481 1353 1546 effectus
1382 1491 1510 1545 est.
1546 1481 1966 1563 Hujusmodi
2011 1492 2245 1545 autem
2282 1492 2700 1563 paupertaS,
2744 1499 2985 1563 quam·

515 1591 627 1653 vis
655 1591 728 1653 in
756 1590 910 1669 ipso
940 1590 1150 1653 valde
1178 1589 1540 1652 laudanda
1570 1599 1677 1652 est
1705 1598 1997 1669 propter
2020 1599 2345 1653 sanctum
2375 1590 2594 1670 ipsius
2618 1589 2973 1669 affectum,

516 1715 660 1760 non
710 1697 950 1778 utique
1000 1696 1343 1759 imitanda
1392 1696 1658 1759 nostris
1708 1695 2080 1759 videbatur
2132 1714 2264 1760 nec
2315 1697 2451 1777 ipsi
2499 1698 2714 1760 etiam
2770 1698 2990 1761 conti-

516 1805 822 1883 nuanda.
854 1802 1024 1884 Ejus
1055 1812 1291 1867 autem
1320 1804 1557 1866 socius
1582 1803 1653 1866 in
1677 1805 1993 1883 aegrotis
2017 1804 2416 1882 visitandiS,
2438 1803 2863 1884 juramentis
2882 1822 2990 1867 re·

516 1911 1035 1993 prehendendis
1067 1919 1135 1974 et
1164 1911 1458 1991 pacibus
1488 1910 1953 1974 conciliandis
1986 1911 2496 1993 occupabatur.

636 2017 776 2082 403.
863 2017 939 2080 Ρ.
1000 2018 1417 2082 Emmanuel
1469 2018 1692 2097 Leyte
1750 2035 1915 2080 cum
1971 2017 2358 2081 Francisco
2425 2017 2824 2097 Figueredo
2899 2016 2991 2081 ad

518 2125 1020 2205 Episcopatum
1052 2124 1412 2187 Guardiae
1441 2125 1722 2204 missuS,
1752 2125 1823 2187 in
1848 2142 1932 2188 ea
1955 2124 2128 2188 urbe
2153 2125 2421 2204 aliquot
2445 2124 2831 2188 conciones
2854 2125 2993 2188 sin-

518 2233 705 2311 gulis
732 2231 1194 2296 hebdomadis
1223 2231 1471 2294 habuit
1502 2249 1663 2295 cum
1694 2232 2099 2295 auditorum
2129 2229 2611 2294 satisfactione
2643 2242 2714 2295 et
2755 2232 2996 2295 fructu

521 2339 854 2402 maximO.
914 2338 1309 2418 Quemdam
1344 2338 1728 2419 Abbatem‚
1772 2339 2352 2402 concubinarium
2394 2339 2784 2421 publicum,
2832 2355 2997 2402 cum

520 2462 784 2525 magna
813 2446 1178 2526 diligentia
1209 2464 1252 2507 a
1281 2454 1576 2527 peccato
1609 2464 1921 2510 avocare
1951 2454 2251 2509 conatus
2281 2455 2410 2525 est,
2443 2446 2561 2526 qui
2585 2456 2823 2509 tamen
2851 2464 2998 2508 non

521 2554 748 2617 solum
779 2553 850 2616 in
881 2570 1103 2616 coeno
1134 2571 1262 2616 suo
1288 2553 1527 2633 jacere
1558 2554 1807 2633 voluit,
1843 2553 1968 2616 sed
1998 2562 2299 2617 mortem
2320 2554 2634 2617 minatus
2663 2561 2790 2632 est,
2820 2553 2880 2616 si
2904 2553 2993 2617 ad

521 2678 596 2724 sc
619 2660 901 2725 rediret.
928 2660 1178 2724 Melius
1205 2661 1552 2725 successit
1577 2659 1765 2742 quod
1790 2678 1953 2725 cum
1975 2661 2131 2725 viro
2151 2659 2458 2741 quodam
2470 2660 2818 2725 honorato
2842 2669 2996 2725 ten-

521 2768 734 2846 tavit;
768 2768 886 2848 qui
916 2785 1078 2832 cum
1107 2768 1322 2831 alium
1352 2768 1678 2832 occidere
1710 2777 2016 2848 curaret,
2052 2786 2095 2831 a
2126 2786 2263 2849 quo
2295 2769 2673 2849 colaphum
2702 2785 2990 2849 accepe-

522 2883 672 2952 rat,
706 2874 1030 2937 hortatus
1059 2884 1166 2938 est
1205 2875 1441 2938 multis
1480 2875 1834 2938 hominem
1883 2884 1958 2938 ut
2000 2876 2186 2939 hanc
2223 2893 2488 2939 noxam
2532 2875 2993 2953 condonaret;

524 2981 640 3045 cui
667 2998 830 3044 cum
860 2981 1171 3046 offensus
1202 2982 1665 3063 responderet
1704 2982 1775 3045 id
1814 2983 1970 3045 fieri
2009 3000 2151 3045 non
2181 3000 2412 3062 posse,
2447 2982 2572 3046 sed
2602 2983 2997 3046 vindictam

528 3105 684 3151 esse
712 3089 1215 3167 necessariam,
1251 3089 1488 3153 subdit
1519 3090 1967 3153 Emmanuel:
2004 3089 2246 3169 inflige
2276 3089 2468 3169 mihi,
2502 3090 2746 3169 inquit,
2798 3097 2994 3169 quot·

525 3205 692 3276 quot
722 3196 1060 3276 colaphos
1095 3196 1401 3259 volueris
1430 3206 1500 3259 et
1528 3214 1727 3259 sume
1756 3194 2169 3274 vindictam,
2199 3214 2410 3276 quam
2434 3196 2770 3274 volueriS,
2800 3195 2992 3258 dum·

524 3303 733 3366 modo
767 3303 890 3366 alii
920 3303 1300 3366 condones,
1348 3304 1480 3367 His
1517 3304 1760 3367 verbis
1798 3312 2077 3367 tantum
2116 3304 2375 3366 virium
2417 3301 2764 3366 Dominus
2805 3301 3003 3365 dedit

525 3418 601 3471 ut
642 3409 755 3472 ille
797 3410 1251 3474 vehementer
1289 3419 1684 3474 commotus
1733 3411 1974 3473 multis
2025 3427 2187 3472 cum
2234 3411 2574 3490 lacrymis
2625 3409 2883 3472 dixerit
2920 3426 2998 3472 se

526 3533 808 3595 omnem
856 3534 1120 3580 noxam
1169 3503 1577 3580 condonare
1626 3525 1920 3597 propter
1957 3517 2096 3580 Dei
2145 3533 2492 3592 amorem;
2546 3526 2615 3579 et
2663 3517 2763 3578 ita
2816 3516 3003 3579 inter

529 3622 721 3702 ipsos
750 3641 893 3703 pax
925 3624 1302 3687 conciliata
1330 3623 1482 3687 fuit.
1511 3623 1714 3687 Alios
1744 3624 1980 3703 etiam,
2009 3623 2129 3703 qui
2156 3630 2446 3703 propter
2475 3623 2816 3686 inflictum
2843 3622 2994 3686 vul-

531 3746 665 3793 nus
705 3730 1069 3794 discordes
1113 3739 1353 3810 erant,
1408 3729 1788 3795 obtinendo
1829 3732 1918 3794 ab
1955 3749 2073 3810 e0,
2117 3731 2237 3810 qui
2278 3732 2691 3794 vulneratus
2739 3730 2995 3810 fuerat,

527 3837 835 3916 veniam,
863 3856 1115 3918 pacem
1146 3838 1327 3900 inter
1350 3855 1474 3901 eos
1498 3838 1917 3918 composuit,
1946 3837 2456 3918 quinquaginta
2487 3854 2741 3900 aureos
2762 3835 2854 3899 ad
2877 3855 2995 3900 ex·

528 3960 787 4023 pensas
817 3946 1189 4008 vulnerato
1221 3945 1404 4007 solvi
1437 3943 1721 4025 jubens;
1764 3945 1889 4008 sed
1930 3944 2023 4023 is,
2066 3944 2187 4025 qui
2225 3953 2513 4024 propter
2552 3942 2783 4008 Deum
2824 3943 3000 4025 inju-

529 4049 709 4112 riam
738 4052 1162 4130 remittebat,
1190 4051 1409 4114 libere
1440 4060 1510 4113 et
1537 4050 1690 4114 sine
1719 4052 1862 4113 ulla
1892 4051 2193 4132 pecunia
2224 4051 2583 4115 remittere
2611 4052 2857 4114 voluit.
2884 4049 2999 4114 Ad

531 4156 868 4236 oppidum
891 4157 1241 4221 Covilhan
1264 4157 1451 4221 idem
1471 4168 1835 4237 evocatuS,
1865 4157 2111 4221 decem
2135 4158 2287 4221 dies
2309 4157 2383 4221 in
2410 4157 2815 4239 hujusmodi
2836 4157 3003 4220 cha·

531 4263 761 4327 ritatis
783 4264 1261 4328 functionibus
1293 4264 1648 4346 expendit,
1679 4274 1747 4328 et
1777 4281 1939 4328 cum
1969 4265 2041 4328 in
2069 4265 2403 4346 hospitali
2432 4265 2834 4344 diverteret,
2862 4265 3003 4345 pri·

530 4387 765 4434 mores
811 4372 1050 4452 oppidi
1091 4372 1323 4452 ipsum
1371 4372 1694 4435 adierunt
1744 4388 2010 4451 magna
2048 4372 2319 4435 laetitia
2360 4380 2649 4453 propter
2688 4369 2842 4450 ejus
2880 4370 3000 4434 ad-

531 4487 821 4541 ventum
852 4478 1113 4542 affecti.
1158 4478 1477 4559 Singulis
1515 4480 1760 4543 diebus
1805 4480 2268 4543 concionatus
2306 4488 2414 4542 est
2450 4496 2612 4543 cum
2648 4478 3000 4558 frequenti

531 4585 914 4649 admodum
940 4586 1158 4649 totius
1185 4587 1424 4667 populi
1454 4587 1838 4665 auditori0,
1876 4586 2268 4651 discordias
2308 4587 2566 4649 multas
2607 4594 2677 4649 et
2717 4586 3002 4666 quidem

532 4691 806 4772 aliquas
836 4692 1283 4773 perdifficiles
1312 4694 1739 4775 composuit,
1774 4702 1844 4757 et
1872 4703 1952 4757 ut
1980 4694 2255 4774 publice
2285 4692 2359 4756 in
2389 4694 2693 4757 ecclesia
2717 4693 3004 4757 veniam
