3679 5414
683 439 797 498 386
1621 437 1878 498 Canon.
1921 437 2073 497 Soc.
2113 437 2255 511 Jsss.

683 585 979 648 ulterius
1009 585 1099 647 ad
1129 594 1412 665 portum
1441 586 1851 664 quemdam,
1885 585 2005 664 qui
2045 584 2300 647 dicitur
2343 583 2770 648 Sanctorum
2813 585 3146 663 omnium,

684 693 1049 771 progressi
1079 701 1264 771 sunt,
1297 692 1415 754 ubi
1445 709 1708 773 magna
1739 709 1900 754 cum
1930 692 2196 754 laetitia
2226 692 2503 772 excepti
2534 689 2819 754 fuerunt
2859 701 2928 755 et
2972 675 3151 755 alius

684 809 988 879 vestem,
1025 800 1206 861 alius
1242 799 1574 862 baculum
1615 798 1690 861 P.
1725 798 2082 862 Leonardi
2122 815 2384 878 magna
2418 797 2581 860 cum
2618 799 2998 861 devotione
3038 801 3148 863 de·

681 906 1156 970 osculabatur.
1192 905 1671 969 Concionatus
1701 906 1798 969 ibi
1825 915 1963 985 est,
1998 914 2067 968 et
2094 923 2185 968 ex
2214 907 2372 968 loco
2400 904 2645 969 Sancti
2681 905 3040 970 Vincentii
3081 915 3148 970 et

680 1014 822 1077 alio
845 1012 1362 1077 SanctiAmari
1392 1013 1593 1076 multi
1622 1011 1930 1075 audituri
1958 1021 2306 1075 venerunt
2337 1020 2406 1075 et
2434 1029 2697 1091 magno
2728 1030 2888 1075 cum
2917 1012 3148 1076 fructu

683 1130 752 1184 et
801 1121 1287 1184 consolatione
1337 1129 1804 1185 recesserunt.
1859 1119 2131 1183 Deinde
2189 1119 2278 1182 ad
2338 1120 2570 1200 ipsum
2623 1121 2858 1183 locum
2906 1118 3149 1183 Sancti

677 1228 1041 1292 Vincentii
1069 1246 1145 1291 se
1177 1227 1504 1306 contulit,
1539 1236 1608 1290 et
1636 1227 2101 1291 concionibus
2130 1235 2198 1289 et
2228 1226 2617 1289 christiana
2662 1227 2984 1290 doctrina
3027 1227 3146 1289 do·

675 1336 906 1399 cenda
936 1345 1004 1398 et
1027 1334 1587 1398 confessionibus
1609 1352 1739 1415 pro
1765 1352 1962 1397 more
1985 1334 2316 1413 vacabat,
2346 1343 2414 1396 et
2444 1333 2690 1397 diebus
2713 1335 2945 1414 lunae,
2970 1352 3146 1397 mer-

681 1443 859 1506 curii
888 1461 974 1505 ac
999 1442 1285 1506 veneris
1326 1459 1749 1521 campanam
1792 1441 1884 1504 ad
1925 1441 2524 1504 commendandas
2564 1440 2962 1522 purgatorii
3002 1442 3145 1505 ani·

676 1567 836 1613 mas
865 1549 1215 1630 pulsabat.
1244 1548 1422 1612 Cum
1454 1565 1627 1629 ergo
1655 1548 1728 1611 in
1757 1548 2204 1627 gravissimis
2225 1548 2539 1629 peccatis·
2569 1557 2714 1611 tam
2743 1549 2908 1611 laici
2936 1566 3147 1629 quam

679 1657 1088 1720 sacerdotes
1130 1656 1498 1719 excaecati
1525 1665 2007 1734 versarentur,
2041 1655 2498 1735 commoveri,
2533 1655 2668 1719 Dei
2700 1656 2934 1735 gratia
2962 1656 3033 1720 id
3057 1655 3147 1719 ef·
3212 1676 3215 1679 ·

677 1763 991 1843 ficiente,
1027 1773 1096 1827 et
1124 1764 1350 1828 vitam
1377 1773 1783 1827 anteactam
1819 1763 2157 1827 detestari
2194 1773 2263 1826 et
2292 1764 2708 1827 erubescere
2739 1774 3141 1845 coeperunt.

679 1871 824 1935 Alii
869 1871 1324 1935 brasilienses
1353 1871 1790 1934 concubinas
1820 1871 2170 1934 ducebant
2213 1872 2286 1935 in
2328 1888 2623 1949 uxoreS,
2659 1872 2777 1934 alii
2816 1890 2905 1934 ex
2936 1868 3146 1934 domo

671 1976 1076 2058 ejiciebant,
1109 1979 1230 2042 alii
1259 1978 1554 2042 maritos
1577 1995 1820 2041 earum
1847 1978 2303 2058 quaerebant,
2339 1978 2456 2040 alii
2484 1987 2680 2041 caste
2709 1977 2954 2040 vivere
2984 1995 3146 2040 cum

670 2087 825 2149 suis
858 2086 1197 2149 uxoribus
1227 2086 1786 2165 constituebant3
1818 2094 2023 2148 erant
2051 2086 2169 2165 qui
2198 2085 2493 2165 triginta
2520 2086 2635 2147 vel
2674 2084 3143 2165 quadraginta

669 2194 845 2256 anni
873 2193 1178 2256 confessi
1208 2210 1570 2273 nunquam
1598 2192 1907 2256 fuerant.

794 2299 935 2363 445.
1025 2299 1202 2363 Cum
1259 2309 1496 2362 autem
1552 2299 2015 2362 intellexisset
2064 2316 2220 2361 esse
2269 2298 2342 2361 in
2391 2296 2930 2361 mediterraneis
2970 2298 3145 2360 locis

671 2407 859 2470 inter
887 2406 1340 2470 brasilienses
1363 2407 1637 2487 aliquos
1660 2406 2091 2470 christianos
2112 2423 2422 2487 sparsos,
2452 2406 2572 2486 qui
2593 2405 2925 2468 brasilico
2949 2423 3141 2468 more

667 2514 1041 2593 vivebant,
1075 2512 1495 2594 quibusdam
1524 2512 2029 2593 interpretibus
2072 2512 2487 2593 assumptiS,
2532 2513 2650 2593 qui
2695 2522 2943 2592 postea
2989 2511 3142 2575 Deo

666 2622 946 2684 servire
976 2620 1525 2699 constituerunt,
1571 2621 1660 2683 ad
1707 2621 1823 2682 illa
1870 2620 2028 2683 loca
2070 2620 2509 2684 se'contulit'.
2559 2619 2864 2683 Obvium
2907 2629 3143 2682 autem

672 2727 918 2792 habuit
948 2729 1321 2807 quemdam
1346 2726 1680 2807 juvenem
1724 2744 1889 2790 cum
1933 2728 2186 2790 litteris
2231 2728 2323 2791 ad
2363 2745 2438 2790 se
2477 2728 2910 2806 venientem,
2959 2743 3141 2807 quae

667 2837 1082 2916 exspectari
1109 2836 1198 2898 ab
1231 2836 1367 2897 illis
1389 2835 1799 2898 christianis
1827 2834 1980 2916 ejus
2009 2835 2393 2898 adventum
2423 2835 2891 2898 testabantur.
2918 2833 3142 2898 Redu-

664 2959 834 3005 cere
857 2943 1284 3006 christianos
1309 2944 1464 3006 illos
1493 2942 1583 3005 ad
1615 2944 1917 3023 populos
1946 2943 2339 3006 maritimos
2363 2941 2916 3005 christianorum
2945 2959 3140 3004 cura·

667 3050 806 3129 vit;
838 3051 987 3130 sed,
1015 3067 1175 3113 cum
1205 3050 1277 3114 id
1306 3067 1449 3113 non
1482 3049 1958 3128 admitterent,
1993 3049 2127 3112 hoc
2159 3050 2410 3112 saltem
2442 3049 2761 3127 obtinuit,
2788 3058 2865 3111 ut
2896 3066 3141 3112 omnes

665 3156 744 3220 in
791 3175 1009 3221 unum
1055 3158 1288 3220 locum
1347 3166 1993 3236 congregarentur,
2036 3165 2104 3220 et
2153 3157 2637 3244 eremitorium
2684 3154 3133 3235 conficerent,

669 3272 739 3327 et
767 3264 1210 3327 sacerdotem
1239 3264 1543 3344 aliquem
1572 3273 2030 3343 quaererent,
2069 3265 2187 3344 qui
2210 3263 2470 3327 Missae
2500 3263 2933 3327 sacrificium
2966 3264 3137 3326 cele·

660 3372 928 3434 braret.
964 3371 1259 3434 Audivit
1304 3372 1519 3433 etiam
1558 3351 2027 3451 quorumdam
2056 3389 2147 3434 ex
2178 3372 2286 3434 his
2316 3371 2802 3435 confessiones
2846 3389 2930 3434 ac
2968 3368 3137 3434 San-

659 3477 1023 3541 ctissimae
1047 3477 1537 3540 Eucharistiae
1563 3476 2101 3540 Sacramentum
2124 3477 2580 3541 ministravit.
2608 3478 2775 3541 Inde
2799 3479 2889 3541 ad
2913 3493 3139 3558 pagos

665 3583 998 3647 indorum
1027 3583 1371 3647 videndos
1399 3585 1762 3665 progressi
1807 3593 2004 3663 sunt,
2053 3584 2173 3664 qui
2214 3584 2374 3647 vias
2422 3585 2793 3663 diligenter
2841 3584 3135 3647 adorna·

668 3691 872 3769 bant,
920 3708 1043 3771 per
1075 3708 1250 3770 quas
1281 3700 1436 3754 erat
1466 3691 1917 3753 transiturus.
1955 3689 2090 3769 Qui
2118 3690 2387 3770 primas
2415 3691 2698 3753 tenebat
2732 3691 2914 3753 inter
2957 3690 3133 3768 illos,

670 3796 955 3860 obviam
979 3797 1174 3859 venit
1213 3806 1282 3860 et
1328 3798 1613 3860 domum
1642 3813 1845 3859 suam
1877 3796 2190 3874 deduxit,
2225 3813 2405 3875 quae
2441 3797 2684 3859 statim
2713 3795 3137 3868 brasiliensi-

619 3915 626 3924 ·
669 3904 799 3966 bus
838 3905 1047 3982 plena
1088 3903 1251 3983 suit,
1305 3913 1374 3966 et
1417 3903 1646 3982 multi,
1704 3921 1881 3983 quos
1924 3921 2068 3965 non
2119 3904 2466 3984 capiebat,
2523 3902 2697 3965 foris
2742 3913 2964 3983 erant,
3019 3903 3137 3984 qui

669 4009 746 4072 P.
789 4009 1237 4072 Leonardum
1275 4009 1518 4073 videre
1559 4009 1856 4072 sollicite
1900 4009 2267 4072 curabant.
2315 4009 2800 4073 Concionatus
2848 4019 2955 4072 est
2999 4011 3138 4073 illis

658 4116 1047 4196 aliquoties
1077 4126 1144 4179 et
1176 4117 1266 4179 ad
1296 4133 1413 4194 ea,
1446 4133 1628 4195 quae
1657 4115 1820 4178 fidei
1853 4124 2047 4195 sunt,
2083 4116 2458 4197 disposuit;
2496 4126 2564 4179 et
2598 4117 2766 4197 quia
2798 4134 3015 4197 aegre
3043 4117 3132 4180 fe·
3178 4117 3185 4124 ’

669 4224 920 4287 rebant
950 4224 1369 4303 discessum,
1404 4240 1612 4303 quem
1641 4221 1957 4286 futurum
1984 4224 2185 4287 brevi
2226 4224 2746 4303 intelligebant,
2791 4242 2916 4305 spe
2959 4224 3134 4287 redi·

655 4341 782 4395 tus
810 4333 921 4395 sui
950 4348 1073 4394 eos
1102 4340 1209 4394 est
1247 4332 1674 4394 consolatus,
1721 4329 2262 4411 Aliquos.etiam
2309 4331 2736 4395 christianos
2778 4331 2959 4394 inter
3004 4329 3135 4392 hos

665 4438 957 4516 invenit,
987 4455 1162 4519 quos
1192 4437 1282 4500 ad
1309 4435 1529 4501 Stum.
1557 4435 2018 4501 Vincentium
2047 4455 2288 4501 secum
2319 4436 2629 4501 deduxit.
2657 4438 2871 4502 Brevi
2897 4447 3133 4500 tamen

665 4562 888 4625 usque
920 4546 1009 4608 ad
1041 4545 1382 4608 ducentas
1413 4546 1652 4607 leucas
1688 4545 1985 4608 ulterius
2013 4544 2350 4625 progredi
2394 4545 2779 4625 statuebat,
2830 4555 3133 4625 quatuor

658 4652 1088 4732 *interpretes
1129 4668 1368 4715 secum
1411 4651 1847 4715 deducendO.
1892 4652 2178 4715 Interim
2222 4669 2385 4714 cum
2425 4653 2736 4715 maximo
2774 4652 3017 4715 labore
3061 4659 3131 4715 et
