3679 5414
1658 493 1785 550 AN.
1832 493 1972 551 1552
2945 495 3064 554 653

572 639 885 719 aliquam
916 637 1205 700 viduam
1233 638 1607 700 honestam
1638 655 1862 718 prope
1886 637 2279 718 Collegium
2303 639 2562 718 degere
2595 640 2942 719 cupiebat,
2975 651 3049 705 ut

572 745 672 808 illi
702 744 1109 824 inserviret3
1144 754 1214 808 et
1245 745 1345 808 ita
1375 763 1464 808 ex
1493 745 1700 808 bonis
1729 745 2159 826 patrimonii,
2194 747 2286 810 ad
2317 746 2549 826 ipsum
2580 745 2656 808 P.
2698 746 3046 829 Hierony·

573 870 764 916 mum
795 861 864 915 et
894 869 1213 916 sororem
1249 852 1767 932 provenientiS,
1801 852 2198 932 Collegium
2228 852 2512 917 fundari
2551 872 2763 934 posse
2813 856 3047 919 crede·

571 961 811 1038 batur;
846 977 1013 1023 nam
1049 968 1333 1039 praeter
1364 960 1602 1023 dotem
1630 960 1892 1039 prioris
1930 961 2198 1041 uxoris,
2244 977 2424 1041 quae
2468 970 2617 1023 tota
2659 960 2751 1024 ad
2804 960 3052 1027 Hiero·

572 1085 866 1148 nymum
917 1075 993 1129 ut
1044 1067 1329 1129 unicum
1380 1065 1597 1129 filium
1635 1067 1988 1145 veniebat,
2041 1068 2217 1130 satis
2258 1076 2413 1130 erat
2454 1066 2656 1131 dives
2695 1068 3049 1133 Dominus

574 1173 827 1237 Petrus
856 1172 1301 1249 Domenech,
1338 1172 1758 1253 Hieronymi
1786 1182 1856 1237 et
1891 1172 2286 1253 Angelicae
2320 1184 2546 1254 pater.
2580 1173 2719 1239 Sed
2750 1192 2911 1238 cum
2941 1194 3048 1239 re-

574 1281 835 1344 cedens
863 1281 1024 1344 inde
1055 1279 1130 1343 P.
1167 1280 1648 1361 Hieronymus
1678 1279 2191 1360 professionem
2215 1282 2596 1360 emisisset,
2631 1291 2708 1345 ut
2737 1300 2867 1346 suo
2890 1284 3047 1346 loco

573 1387 956 1466 videbitur,
991 1395 1059 1450 et
1105 1385 1357 1450 deinde
1401 1397 1604 1466 pater
1648 1384 1799 1465 ejus
1844 1387 2164 1465 obiisset,
2211 1405 2355 1451 non
2401 1390 2632 1451 solum
2673 1400 3053 1468 paternam

575 1513 662 1557 ac
691 1504 1091 1558 maternam
1118 1494 1245 1557 sed
1274 1494 1489 1557 etiam
1519 1494 1764 1557 uxoris
1807 1494 2096 1573 prioris,
2144 1493 2346 1573 cujus
2378 1497 2629 1559 unicus
2672 1505 2824 1559 erat
2867 1496 3050 1560 filius

576 1601 651 1665 P.
713 1602 1223 1682 HieronymuS,
1282 1601 1518 1664 dotem
1560 1600 1693 1664 sibi
1744 1602 2089 1681 applicari
2132 1601 2639 1682 contendebat;
2693 1613 2762 1666 et
2810 1604 3049 1683 nupsit
3138 1601 3143 1604 ⁴

575 1708 858 1772 cuidam
896 1708 1053 1771 viro
1093 1716 1192 1787 et,
1240 1725 1325 1770 eo
1375 1707 1737 1787 defuncto,
1785 1709 2021 1787 alteri,
2069 1717 2138 1771 et
2182 1710 2500 1773 exercuit
2547 1710 2788 1773 litibus
2830 1710 3055 1774 Colle·-

575 1816 772 1895 gium
801 1814 1294 1892 Valentinum,
1328 1814 1517 1893 quod
1545 1815 1828 1894 petebat
1859 1817 2113 1877 saltem
2142 1816 2379 1879 dotem
2421 1817 2613 1879 illam
2652 1827 3050 1881 maternam

577 1921 651 1985 P.
688 1921 1134 2002 Hieronymi;
1169 1929 1239 1984 et
1269 1921 1553 2001 quidem
1582 1938 1709 2001 per
1738 1923 1998 1984 multos
2036 1939 2264 1985 annos
2307 1941 2449 1986 non
2478 1924 2706 2004 potuit
2735 1941 2866 1986 nec
2895 1924 3050 1987 sine

574 2029 944 2092 sententiis
975 2029 1459 2108 compluribus
1490 2028 1619 2091 dos
1649 2027 1769 2090 illa
1799 2030 2231 2108 extorqueri.

691 2135 833 2198 533.
922 2135 1337 2215 Complures
1365 2152 1455 2197 ex
1485 2136 1620 2198 hac
1651 2135 1801 2197 vita
1828 2135 2362 2214 proficiscentes
2404 2146 2811 2199 nostrorum
2849 2138 3048 2200 auxi-

574 2243 669 2306 lio
699 2244 951 2307 melius
981 2243 1274 2306 animati
1304 2251 1373 2305 et
1404 2240 1623 2320 adjuti
1652 2241 2154 2306 discesserunt.
2198 2243 2548 2324 Tempore
2591 2244 3048 2324 quadragesi-

572 2367 734 2413 mae
776 2349 1304 2431 pomeridianae
1348 2349 1727 2413 conciones
1769 2349 2017 2412 diebus
2056 2349 2255 2413 festis
2299 2351 2605 2414 omissae
2655 2360 2849 2430 sunt,
2898 2361 3047 2415 tum

573 2456 762 2538 quod
819 2455 1224 2520 abundabat
1279 2456 1612 2520 Valentia
1669 2457 2292 2520 concionatoribus
2355 2475 2440 2520 eo
2491 2466 2831 2538 tempore,
2898 2467 3048 2523 tum

573 2564 764 2644 quod
806 2563 1370 2627 confessionibus
1413 2562 1733 2644 plurimis
1776 2560 1847 2624 id
1889 2563 2228 2643 temporis
2273 2572 2427 2627 erat
2472 2565 3042 2643 impendendum.

695 2671 838 2735 534.
925 2670 1207 2735 Accidit
1248 2687 1332 2734 eo
1385 2678 1703 2752 tempore
1733 2686 1999 2751 magna
2048 2668 2399 2752 quaedam
2449 2673 2926 2753 perturbati0,
2976 2683 3047 2739 et

573 2779 856 2859 quidem
886 2779 1223 2859 quamdiu
1263 2777 1339 2840 P.
1382 2776 1854 2840 Provincialis
1896 2777 2135 2855 Araoz
2176 2779 2556 2843 Valentiae
2598 2782 3052 2861 versabatur;

572 2895 643 2950 et
673 2887 809 2948 hoc
848 2884 977 2975 fuit
1006 2884 1194 2965 quod
1222 2902 1453 2948 novus
1481 2884 1648 2948 Dux
1677 2884 2001 2947 Gandiae
2043 2895 2479 2965 provocatus
2524 2887 2780 2951 litteris
2819 2888 3043 2968 quus·

572 2993 737 3056 dam
767 2992 1022 3073 nobilis
1051 2992 1221 3067 viri,
1257 2991 1544 3056 Domini
1568 2991 1917 3072 Gasparis
1941 2992 2328 3073 CentellaS,
2355 2994 2428 3056 in
2454 2994 2575 3057 via
2597 2995 2881 3074 publica
2903 2994 3047 3058 Va-

570 3100 829 3164 lentiae
859 3098 1160 3163 fustibus
1189 3117 1349 3162 eum
1379 3098 1580 3162 caedi
1603 3098 1845 3179 J'ussit;
1888 3118 2068 3180 quae
2096 3116 2213 3163 res
2251 3100 2350 3163 illi
2383 3101 2661 3165 civitati
2699 3103 3046 3182 pernobili

566 3224 1003 3287 magnopere
1059 3205 1413 3286 displicuit
1470 3214 1539 3269 et
1592 3205 1941 3268 factiones
1998 3213 2147 3269 tum
2204 3207 2483 3271 animae
2553 3219 2700 3271 tum
2759 3210 3044 3289 corpori

568 3315 884 3378 omnium
912 3314 1099 3376 illius
1125 3313 1438 3376 familiae
1467 3313 1731 3392 Borgia
1773 3313 2182 3376 minitantes
2212 3324 2283 3377 et
2313 3314 2892 3378 adversariorum
2923 3336 3043 3380 no·

568 3423 811 3485 bilium
848 3430 1142 3484 exortae
1181 3431 1384 3500 sunt,
1426 3430 1494 3483 et
1533 3437 1648 3482 res
1687 3437 1772 3483 eo
1825 3430 2037 3483 aucta
2088 3420 2219 3483 fuit
2269 3431 2345 3485 ut
2398 3422 2775 3502 quemdam
2826 3424 3044 3487 etiam

560 3529 896 3610 Juvenem
933 3528 1241 3592 nobilem
1277 3528 1591 3591 occisum
1622 3526 1841 3591 fuisse
1880 3527 2083 3591 Duce
2115 3537 2407 3591 auctore
2443 3529 2532 3592 ob
2561 3531 2758 3593 leves
2787 3548 3045 3594 causas

565 3637 894 3700 ferretur.
929 3636 1017 3699 Et
1047 3645 1336 3716 propter
1363 3651 1716 3714 expensas
1758 3634 2259 3714 gravissimaS,
2295 3653 2477 3715 quae
2507 3636 2668 3699 inde
2698 3654 3039 3702 consecu—

565 3754 681 3808 tae
709 3753 904 3823 sunt,
939 3760 1081 3807 non
1111 3744 1339 3806 solum
1369 3741 1795 3822 quingentos
1837 3742 1997 3804 illos
2027 3758 2314 3822 aureOS,
2350 3760 2527 3823 quos
2557 3742 2875 3823 Collegio
2905 3743 3038 3808 Ro·

565 3869 780 3914 mano
808 3850 1263 3932 promiserat,
1297 3866 1440 3912 non
1469 3849 1682 3911 solvit
1704 3847 1901 3927 DuX,
1935 3848 2060 3913 sed
2090 3849 2306 3913 etiam
2343 3867 2473 3913 suo
2504 3850 2821 3930 Collegio
2853 3852 3039 3915 Gan·

566 3959 822 4038 diensi,
857 3956 1044 4037 quod
1075 3958 1138 4019 ei
1169 3956 1489 4035 debebat,
1524 3956 1726 4019 tarde
1756 3955 1939 4018 solvi
1975 3958 2274 4019 curabat
2305 3955 2345 4019 ¹.

643 4239 661 4271 ¹
720 4236 955 4291 Ignatius
975 4234 1120 4277 Patri
1142 4233 1369 4277 Antonio
1392 4233 1454 4275 de
1476 4232 1677 4286 Araoz,
1707 4240 1763 4275 ut
1798 4243 1973 4276 coram
1996 4232 2367 4286 Hispaniarum
2399 4232 2635 4289 Principe
2667 4245 2877 4278 causam
2907 4240 3036 4289 agat

564 4309 684 4353 novi
706 4309 863 4352 Ducis
887 4307 1120 4350 Gandiae
1138 4338 1149 4359 ,
1184 4304 1358 4349 Caroli
1390 4304 1608 4358 Borgia,
1641 4306 1660 4347 1
1699 4302 2036 4358 Septembris.
2073 4303 2260 4348 Missae
2294 4306 2455 4349 etiam
2489 4313 2607 4349 sunt
2643 4306 2853 4349 litterae
2868 4339 2879 4360 ,
2912 4318 3046 4360 quas

564 4380 770 4434 Ignatio
799 4385 1013 4423 curante
1043 4378 1252 4431 scripsit
1284 4376 1551 4420 Pontificis
1572 4375 1901 4420 Secretarius
1936 4376 2001 4420 nd
2038 4374 2296 4427 Legatum
2330 4376 2581 4432 Poggium
2615 4383 2671 4420 ut
2701 4377 2745 4420 is
2779 4377 3041 4422 Pontificis

564 4451 766 4495 nomine
787 4457 839 4494 et
860 4448 1175 4493 auctoritate
1198 4448 1261 4491 de
1281 4449 1382 4491 hac
1410 4458 1539 4502 pace
1569 4448 1919 4501 componenda
1948 4448 2085 4501 apud
2116 4446 2488 4501 Hispaniarum
2518 4448 2809 4503 Principem
2838 4456 3036 4503 ageret.

564 4523 792 4579 Injunxit
812 4522 971 4565 etiam
990 4520 1241 4574 Ignatius,
1263 4525 1318 4562 et
1338 4519 1543 4573 quidem
1565 4521 1620 4562 in
1640 4520 1846 4562 virtute
1862 4519 2216 4569 obedientiae,
2238 4518 2385 4564 Patri
2406 4519 2686 4563 Francisco
2706 4520 2768 4564 de
2790 4519 2961 4574 Borja,
2981 4527 3040 4565 ut

568 4597 620 4640 in
637 4596 733 4639 hoc
757 4594 848 4638 filii
868 4592 947 4636 sui
967 4584 1232 4647 negotium
1252 4592 1430 4635 sedulo
1452 4591 1785 4644 incumberet;
1808 4601 1926 4634 eum
1947 4597 2117 4636 tamen
2141 4591 2259 4634 aliis
2280 4589 2473 4636 litteris
2492 4592 2686 4635 monuit
2705 4591 2818 4635 ideo
2839 4591 2973 4635 hanc
2992 4593 3045 4639 ei

562 4666 925 4712 obedientiam
948 4663 1101 4711 mitti.
1119 4663 1187 4706 1.⁰
1203 4674 1303 4717 quo
1320 4663 1460 4706 licite
1477 4668 1530 4706 et
1546 4663 1655 4706 sine
1672 4664 1916 4717 scrupulo
1937 4663 2042 4705 tale
2057 4663 2320 4718 negotium
2337 4665 2599 4718 suscipere
2615 4664 2813 4715 valeat,
2828 4669 2881 4707 et
2894 4664 2967 4707 2⁰
2982 4670 3039 4708 ut

565 4738 836 4784 occludere
853 4746 1030 4780 eorum
1047 4746 1139 4779 ora
1156 4734 1336 4789 possit,
1355 4736 1440 4789 qui
1462 4735 1920 4778 obmurmurabant
1940 4734 2180 4779 fortassis
2200 4746 2315 4779 cum
2339 4747 2455 4779 eum
2486 4737 2714 4781 familiae
2738 4746 2866 4780 sune
2887 4747 3047 4792 nego-
