3679 5414
1594 466 1720 523 Ax.
1784 465 1924 523 1552
2082 473 2085 478 ⁴
2885 463 2985 522 591

515 630 683 676 cum
714 613 1052 692 chirurgo
1083 611 1169 675 de
1199 613 1312 676 die
1355 622 1827 688 convenerat;
1870 628 2009 690 quo
2051 611 2352 690 insignis
2390 611 2571 673 alius
2610 609 2988 690 chirurgus

518 737 659 783 non
690 729 857 783 tunc
886 730 1341 800 exspectatus
1372 737 1535 783 cum
1571 719 1888 781 venisset
1925 728 1995 781 et
2035 719 2357 781 exactius
2397 719 2722 783 morbum
2760 719 2988 798 inspe-

519 828 762 906 xisset,
797 828 1120 894 herniam
1150 845 1294 890 non
1323 845 1502 902 esse,
1531 844 1615 890 ac
1638 825 1936 907 proinde
1966 843 2109 888 non
2140 825 2394 889 debere
2424 824 2661 904 incidi,
2697 826 2822 888 sed
2851 826 2991 888 alia

519 935 793 997 ratione
846 934 1279 997 inflationem
1330 935 1522 997 illam
1572 933 1810 996 curari
1849 933 2233 996 constituit.
2278 931 2415 996 Sed
2453 933 2690 996 multis
2726 933 2992 996 frustra

520 1041 809 1104 tentatis
837 1041 1205 1120 remediis,
1242 1039 1328 1103 de
1358 1041 1794 1104 medicorum
1825 1040 2090 1102 auxilio
2120 1058 2372 1120 parum
2402 1058 2730 1120 speranS,
2765 1040 2993 1103 Lova-

518 1149 715 1210 nium
745 1148 978 1225 rediit,
1014 1147 1254 1210 divino
1286 1164 1362 1209 se
1394 1147 1661 1210 auxilio
1693 1147 2175 1224 committens;
2208 1155 2278 1209 et
2305 1148 2667 1210 convaluit
2699 1146 2876 1210 adeo
2919 1158 2993 1210 ut

524 1263 904 1318 testaretur
948 1255 1098 1335 ipse
1128 1255 1320 1317 nullo
1360 1255 1574 1317 totius
1612 1255 1804 1317 vitae
1845 1271 2015 1316 suae
2053 1262 2369 1334 tempore
2409 1271 2615 1317 usum
2654 1271 2811 1317 esse
2852 1271 2992 1317 me-

520 1363 695 1426 liore
752 1362 1158 1425 valetudine
1209 1379 1423 1442 quam
1474 1362 1563 1424 ab
1615 1362 1734 1425 illo
1788 1362 1902 1424 die
1953 1380 2091 1443 quo
2138 1357 2589 1441 chirurgum,
2645 1362 2986 1440 medicOS,

517 1487 938 1549 omnemque
965 1486 1212 1531 eorum
1239 1486 1533 1550 operam
1562 1468 1917 1532 facessere
1950 1468 2179 1549 jussit.
2224 1468 2372 1532 Nec
2402 1468 2582 1531 duos
2612 1470 2768 1532 illos
2797 1487 2988 1532 men-

516 1594 665 1654 seS,
701 1577 953 1657 quibus
981 1577 1213 1639 haesit
1242 1576 1433 1639 domi
1463 1585 1860 1654 maternae,
1894 1576 2048 1638 sine
2079 1577 2318 1655 aliquo
2357 1576 2592 1639 fructu
2636 1575 2992 1656 spirituali

515 1683 896 1762 transegit;
940 1700 1109 1746 nam
1147 1692 1215 1745 et
1255 1690 1485 1745 mater
1522 1692 1593 1745 et
1624 1683 1744 1745 alii
1775 1683 2125 1761 sanguine
2158 1680 2516 1761 conjuncti
2545 1683 2848 1761 singulis
2879 1682 2991 1745 he-

516 1789 884 1852 bdomadis
936 1789 1255 1852 confiteri
1294 1798 1362 1851 et
1407 1789 1932 1853 communicare
1985 1797 2404 1868 coeperunt,
2458 1798 2527 1851 et
2580 1788 2994 1853 avidissime

527 1885 792 1978 aliquid
820 1897 987 1960 boni
1016 1898 1105 1960 ab
1137 1915 1220 1959 eo
1252 1897 1496 1959 audire
1529 1897 1943 1976 cupiebant;
1978 1895 2129 1976 eJus
2159 1896 2373 1959 etiam
2402 1914 2607 1959 soror
2634 1897 2835 1959 flexis
2878 1914 2992 1976 ge-

521 2004 729 2066 nibus
760 2005 1046 2084 saepius
1076 2004 1364 2083 rogavit
1395 2012 1469 2065 ut
1499 2002 1584 2065 de
1610 2003 1937 2066 omnibus
1961 2003 2109 2066 suis
2135 2003 2337 2066 bonis
2360 2012 2506 2066 tam
2526 2003 2742 2066 libere
2766 2004 2995 2084 dispo·

455 2103 465 2113 ’
518 2122 720 2173 neret
751 2120 963 2191 atque
992 2111 1057 2174 si
1096 2110 1385 2191 propria
1425 2120 1690 2188 essent;
1726 2122 1829 2188 et,
1866 2128 2028 2174 cum
2068 2110 2529 2173 intellexisset
2569 2111 2809 2174 utilem
2843 2110 2995 2174 fore

517 2218 781 2280 nostris
827 2219 1227 2298 theologiae
1269 2218 1605 2281 studiosis
1644 2219 1704 2281 si
1743 2218 2005 2296 singuli
2049 2234 2297 2280 sacros
2335 2216 2685 2281 Doctores
2725 2219 2815 2281 ad
2853 2237 2995 2282 ma·

520 2342 685 2387 num
717 2325 1082 2403 haberent,
1118 2324 1369 2387 eadem
1400 2326 1658 2388 obnixe
1690 2334 1758 2387 et
1787 2325 2143 2387 humiliter
2172 2325 2375 2405 petiit
2414 2326 2553 2387 sibi
2590 2325 2885 2388 concedi
2921 2332 2997 2388 ut

520 2432 758 2496 omnia
815 2433 1269 2513 antiquorum
1331 2433 1759 2512 scriptorum
1817 2433 2179 2495 volumina
2232 2432 2568 2495 fratribus
2624 2431 2997 2496 Societatis

521 2557 941 2619 comparare
992 2548 1268 2619 posset;
1314 2539 1501 2619 quod
1539 2557 1700 2602 cum
1752 2540 2203 2617 obtinuisset,
2237 2540 2618 2603 liberaliter
2650 2540 2991 2621 implevit.

518 2646 749 2710 Mater
799 2655 1067 2724 autem,
1124 2663 1304 2727 quae
1359 2646 1447 2709 ad
1502 2646 2084 2710 sustentationem
2130 2646 2430 2710 fratrum
2478 2647 2993 2711 lovaniensium

520 2753 817 2833 singulis
868 2754 1073 2816 annis
1124 2755 1508 2834 praecipua
1552 2754 1869 2816 subsidia
1919 2754 2240 2817 mittebat
2281 2763 2349 2816 et
2394 2756 2870 2834 pulcherrima
2911 2773 2996 2817 ac

520 2854 844 2940 preciosa
895 2868 1316 2924 ornamenta
1368 2859 1796 2937 donaverat,
1855 2868 2279 2923 testamento
2334 2862 2575 2941 legare
2619 2863 2759 2924 alia
2811 2863 2997 2926 bona

521 2967 1009 3045 constituerat;
1044 2984 1175 3029 nec
1207 2968 1360 3030 sola
1392 2967 1513 3029 illa
1543 2986 1631 3057 ex
1665 2968 2217 3046 consanguineis
2241 2968 2312 3030 id
2336 2969 2615 3046 agebat.
2646 2968 2733 3030 Et
2757 2978 2995 3031 tamen

520 3091 564 3136 a
594 3074 1002 3138 domesticis
1030 3074 1425 3137 cavendum
1457 3074 1669 3136 etiam
1700 3074 1837 3153 piis
1869 3083 2229 3153 tamquam
2262 3093 2304 3137 a
2334 3091 2609 3137 veneno
2633 3074 2708 3137 P.
2739 3074 2992 3138 Adria·

522 3199 654 3245 nus
684 3182 1120 3259 existimanS,
1156 3198 1320 3243 cum
1351 3182 1654 3260 primum
1687 3181 1939 3260 potuit,
1967 3179 2406 3259 Lovanium,
2442 3190 2517 3243 ut
2547 3181 2886 3259 diximus,
2922 3198 2998 3244 se

520 3289 789 3368 recepit
825 3288 863 3351 ¹.

641 3395 779 3457 408.
869 3395 1203 3458 Redierat
1228 3393 1376 3474 jam
1401 3395 1800 3457 Lovanium
1825 3404 2187 3474 postrema
2210 3393 2416 3473 hujus
2440 3394 2607 3456 anni
2629 3404 2833 3474 parte
2857 3394 2996 3457 Do-

523 3504 755 3565 minus
782 3501 1110 3565 Roardus
1139 3502 1198 3564 T
1202 3519 1373 3582 aper
1412 3501 1726 3564 decanus
1765 3516 1832 3563 et
1872 3502 2341 3564 cancellarius
2382 3518 2542 3564 cum
2584 3502 2741 3563 aliis
2782 3502 2997 3564 sociis

523 3619 681 3689 post
713 3609 1105 3674 Concilium
1136 3609 1195 3671 T
1198 3608 1454 3671 ridenti
1484 3608 1924 3685 dissolutum;
1951 3608 2071 3686 qui
2101 3608 2344 3670 statim
2366 3616 2652 3671 nostros
2677 3608 2767 3670 ad
2792 3625 2997 3688 pran-

521 3717 716 3780 dium
745 3716 1196 3796 colloquendi
1227 3715 1463 3794 gratia
1494 3714 1827 3793 invitans,
1866 3715 2209 3793 optimum
2239 3731 2445 3777 suum
2477 3714 2789 3777 animum
2822 3731 2995 3793 erga

525 3834 807 3886 nostros
835 3823 1112 3902 aperire
1143 3822 1398 3902 coepit,
1432 3821 1628 3898 nihil,
1665 3821 2011 3900 inquienS,
2047 3839 2121 3884 se
2154 3822 2579 3883 omissurum
2611 3822 2681 3884 in
2711 3840 2848 3901 quo
2880 3840 2999 3885 no·

523 3931 692 3993 stris
705 3929 1044 4010 prodesse
1065 3938 1329 4008 posset,
1358 3937 1426 3990 et
1449 3937 1525 3990 ut
1548 3928 1873 3990 eamdem
1893 3928 2120 3990 nostri
2143 3928 2541 3991 libertatem
2557 3929 2745 4009 apud
2769 3929 2999 4007 ipsum

527 4037 900 4116 haberent,
935 4052 1148 4116 quam
1195 4037 1344 4116 ipse
1392 4036 1463 4097 in
1507 4035 1826 4097 Concilio
1869 4052 2030 4098 cum
2075 4034 2402 4098 Patribus
2440 4036 2698 4098 nostris
2734 4036 3004 4118 Jacobo

527 4141 815 4222 Laynez
859 4152 927 4205 et
966 4140 1337 4223 Alphonso
1378 4140 1789 4205 Salmerone
1839 4141 2221 4220 habuerat,
2266 4160 2426 4206 cum
2468 4143 2717 4223 quibus
2755 4152 3004 4222 egerat

529 4248 1108 4327 familiarissime,
1144 4258 1211 4311 et
1243 4265 1574 4329 quorum,
1610 4265 1694 4311 ac
1738 4248 1945 4312 simul
1987 4248 2061 4325 P.
2108 4249 2399 4329 Ignatii,
2447 4251 2517 4312 in
2558 4267 2632 4313 se
2673 4249 3005 4314 charitati

528 4356 775 4418 sedulo
818 4372 896 4418 se
946 4354 1511 4418 commendabat.
1554 4354 1874 4419 Similem
1917 4355 2249 4420 affectum
2300 4356 2572 4421 Doctor
2613 4357 3001 4436 Tiletanus,

613 4561 630 4593 ¹
688 4560 965 4615 Polaticus,
988 4573 1053 4604 ex
1069 4573 1219 4614 com„
1242 4561 1389 4606 Patri
1412 4562 1640 4605 Adriano
1662 4561 2058 4616 Adriaenssens,
2083 4563 2150 4606 ab
2170 4562 2375 4617 Ignatio
2397 4565 2444 4606 el
2467 4575 2763 4609 concessum
2786 4570 2841 4608 ut
2865 4563 3002 4617 apud

528 4645 649 4678 suos
671 4634 984 4677 valetudinis
1010 4634 1270 4678 curandae
1294 4640 1346 4676 et
1367 4634 1588 4678 aliorum
1616 4634 1943 4687 negotiorum
1962 4634 2139 4688 gratia
2155 4666 2166 4685 ,
2187 4635 2428 4688 quamdiu
2458 4646 2668 4679 necesse
2692 4637 2807 4689 erit,
2831 4646 3004 4678 verse·

533 4715 634 4757 tum
652 4707 756 4760 ubi,
777 4705 821 4749 si
844 4706 1214 4749 confessarium
1238 4717 1339 4749 non
1359 4706 1567 4757 habeat,
1590 4706 1675 4760 qui
1697 4706 1758 4749 de
1782 4704 2044 4749 Societate
2066 4706 2151 4759 sit,
2175 4707 2263 4749 alii
2282 4706 2607 4761 confiteatur,
2627 4708 2681 4751 25
2696 4707 2951 4750 Octobris.
