3679 5414
729 420 809 478 32
1645 419 1898 479 CHRox.
1942 419 2092 477 Sue.
2138 419 2278 492 Jsss.

855 564 956 628 58.
1044 565 1290 629 Studia
1319 567 1598 629 interim
1628 576 1875 629 nostra
1905 583 2125 646 usque
2149 565 2238 627 ad
2269 575 2544 645 tempus
2565 565 3020 627 vacationum
3054 565 3202 626 dili—

713 676 988 753 genter
1018 673 1429 735 continuata
1472 682 1663 753 sunt;
1711 673 1835 735 sed
1866 691 2026 735 cum
2067 673 2374 735 instante
2408 670 2555 751 jam
2596 681 2955 750 autumn0,
3000 671 3197 733 scho-

737 780 969 842 lastici
999 779 1644 843 animadverterent
1675 779 2178 843 Universitatis
2217 779 2581 858 negotium
2611 778 2896 856 differri,
2941 778 3061 857 qui
3090 796 3195 840 su-

737 887 1088 966 periorem
1117 904 1403 949 cursum
1433 886 1919 966 philosophiae
1951 887 2330 949 audiebant
2362 886 2489 948 sub
2520 886 2864 964 magistro
2902 885 3195 961 Isidor0,

737 995 809 1056 in
839 993 1090 1072 logicis
1120 1003 1189 1055 et
1227 994 1542 1074 physicis
1572 994 1870 1071 versati,
1917 993 2291 1055 Patavium
2320 992 2467 1055 fere
2507 1009 2750 1054 omnes
2780 1010 2855 1055 se
2894 992 3202 1054 contule-

739 1109 933 1177 runt;
967 1109 1035 1161 et
1067 1101 1166 1163 ita
1194 1117 1336 1162 non
1364 1110 1472 1163 est
1505 1100 1738 1162 visum
1759 1099 2094 1179 expedire
2115 1109 2193 1162 ut
2224 1100 2297 1161 in
2325 1098 2717 1162 studiorum
2741 1098 3201 1161 renovatione

737 1225 967 1270 novus
1010 1225 1262 1269 cursus
1307 1207 1785 1282 inchoaretur,
1838 1206 1964 1268 sed
2004 1224 2211 1286 quem
2252 1206 2716 1269 inchoaverat
2754 1204 2828 1267 P.
2874 1203 3201 1267 Andreas

739 1314 793 1376 F
797 1314 1030 1377 rusius
1061 1315 1201 1395 (qui
1231 1313 1304 1376 in
1333 1314 1615 1376 Italiam
1645 1314 1732 1375 ab
1764 1313 2164 1376 obedientia
2193 1313 2686 1391 revocabatur,
2715 1321 2791 1375 ut
2820 1329 2988 1374 mox
3017 1310 3194 1374 dice-

737 1421 872 1499 tur)
904 1430 980 1483 ut
1009 1420 1353 1500 Magister
1382 1419 1692 1482 Isidorus
1734 1429 2301 1499 prosequeretur,
2350 1428 2418 1482 et
2460 1421 2519 1481 si
2559 1418 2965 1481 scholastici
3004 1419 3196 1480 ades—

735 1539 922 1602 sent,
956 1527 1350 1589 theoricam
1377 1529 1822 1606 planetarum
1854 1526 1969 1588 vel
1998 1526 2262 1605 aliquid
2291 1544 2379 1588 ex
2405 1525 2793 1605 astrologia
2816 1524 2890 1587 P.
2927 1524 3207 1587 Natalis

737 1636 1209 1714 praelegeret,
1244 1643 1313 1695 et
1343 1633 1555 1695 aliam
1580 1633 1955 1695 lectionem
1981 1632 2066 1695 de
2097 1633 2597 1695 contractibus,
2627 1631 2716 1694 Et
2742 1632 2843 1693 sic
2861 1632 3201 1694 lectiones

739 1740 1028 1803 Octobri
1058 1757 1330 1818 mense,
1364 1740 1760 1819 praemissa
1792 1739 2111 1802 oratione
2142 1740 2466 1819 magistri
2502 1739 2867 1802 Benedicti
2904 1747 2973 1800 et
3000 1756 3194 1818 prae-

738 1847 1052 1910 sentibus
1077 1846 1358 1927 juratis,
1397 1846 1770 1909 inchoatae
1801 1857 1985 1909 sunt.
2019 1845 2477 1927 Judicaverat
2507 1845 2787 1925 quidem
2817 1844 2890 1907 P.
2926 1844 3199 1908 Natalis

738 1954 869 2016 sibi
905 1953 1203 2016 Romam
1234 1953 1658 2016 veniendum
1688 1971 1844 2015 esse
1866 1961 1942 2015 ut
1965 1970 2124 2015 cum
2149 1952 2223 2015 P.
2251 1951 2527 2031 Ignatio
2552 1953 2638 2015 de
2669 1954 2878 2015 rebus
2902 1952 3197 2015 Univer-

735 2062 962 2124 sitatis
991 2061 1366 2139 conferret,
1400 2070 1472 2123 et
1502 2060 1571 2123 id
1601 2060 1880 2140 quidem
1911 2060 2002 2122 ad
2030 2060 2105 2121 P.
2134 2058 2481 2137 Ignatium
2505 2061 2862 2136 retulerat;
2890 2059 3015 2121 sed
3038 2077 3197 2121 cum

735 2169 955 2247 ipsius
987 2167 1401 2248 prudentiae
1439 2185 1554 2229 res
1594 2174 1740 2229 tota
1782 2166 2025 2228 relicta
2067 2175 2280 2243 esset,
2329 2184 2472 2228 non
2512 2166 2944 2228 existimavit
2983 2183 3194 2246 opera

736 2276 922 2337 eain
952 2292 1131 2354 quae
1171 2273 1618 2336 incumbebat
1657 2273 1887 2335 deseri
1924 2290 2153 2353 posse.
2196 2272 2376 2335 Nam
2425 2283 2708 2353 praeter
2753 2272 3198 2352 gubernatio-

736 2398 897 2443 nem
927 2380 1222 2457 Collegii
1249 2372 1317 2441 et
1347 2379 1597 2441 domus
1627 2379 2061 2458 probationis
2085 2396 2353 2457 curam,
2381 2390 2448 2443 et
2473 2379 2783 2442 omnium
2808 2379 3198 2441 studiorum

736 2504 917 2567 quae
945 2487 1018 2549 in
1047 2486 1347 2549 diversis
1378 2486 1719 2549 classibus
1749 2487 2260 2565 tractabantur,
2309 2487 2485 2549 duas
2523 2487 2977 2567 praelegebat
3017 2486 3194 2549 ordi-

736 2594 976 2656 narias
1004 2594 1365 2671 lectiones,
1399 2604 1466 2655 et
1497 2593 1740 2655 diebus
1771 2594 2051 2655 veneris
2082 2594 2540 2657 christianam
2565 2594 2960 2656 doctrinam
2984 2595 3196 2673 expli·

737 2703 965 2766 cabat.
1020 2702 1248 2765 Festis
1295 2702 1508 2765 etiam
1559 2700 1803 2764 diebus
1847 2720 2007 2764 cum
2045 2700 2120 2764 P.
2174 2701 2462 2766 Andrea
2512 2702 2571 2765 F
2574 2703 2767 2766 rusio
2819 2702 2890 2764 in
2939 2705 3200 2784 templo

735 2819 978 2894 nostro
1010 2810 1596 2888 concionabatur3
1630 2827 1760 2871 nec
1790 2809 2070 2872 interim
2100 2810 2172 2872 in
2201 2810 2592 2872 cathedrali
2612 2810 2921 2893 ,ecclesia
2965 2811 3200 2873 lectio-

735 2934 862 2979 nes
917 2916 1437 2997 pomeridianas
1487 2916 1861 2978 dominicis
1910 2917 2153 2979 diebus
2204 2917 2603 2995 omittebat;
2644 2917 3203 2979 confessionibus

735 3024 948 3086 etiam
976 3023 1354 3103 aliquando
1385 3022 1692 3085 vacabat
1720 3032 1797 3085 ut
1828 3024 2139 3086 externis
2170 3023 2366 3086 fieret
2399 3024 2608 3102 satis;
2651 3024 2792 3085 alia
2835 3024 3047 3086 etiam
3085 3025 3199 3104 pia

733 3131 1016 3210 negotia
1049 3131 1111 3192 ei
1141 3129 1513 3192 tractanda
1554 3131 1959 3192 necessario
1999 3130 2442 3208 videbantur,
2490 3140 2566 3210 ut
2606 3131 2791 3209 quod
2828 3131 3006 3192 bene
3047 3148 3198 3192 coe-

732 3246 929 3317 ptum
958 3245 1111 3300 erat
1139 3255 1221 3299 ea
1253 3236 1322 3298 in
1348 3236 1656 3314 civitate,
1685 3253 1848 3298 cum
1870 3237 2054 3298 bono
2077 3236 2295 3316 ipsius
2326 3237 2541 3299 odore
2568 3246 2971 3316 augeretur;
3000 3247 3068 3301 et
3099 3238 3199 3299 sic

733 3362 977 3406 omnes
997 3353 1282 3405 nostrae
1306 3343 1709 3421 spirituales
1732 3343 2277 3405 exercitationes
2301 3361 2461 3406 cum
2484 3345 2942 3423 consequenti
2966 3344 3197 3408 fructu

731 3451 963 3528 potius
992 3459 1244 3512 auctae
1274 3459 1459 3528 sunt,
1494 3467 1707 3529 quam
1737 3451 1877 3511 ulla
1910 3450 1981 3511 in
2008 3460 2211 3530 parte
2243 3449 2674 3513 imminutae.

850 3555 951 3617 59.
1039 3555 1371 3618 Militibus
1401 3557 1614 3618 etiam
1645 3556 1884 3618 utilem
1917 3574 2205 3636 operam
2246 3556 2317 3618 in
2356 3557 2814 3619 concionibus
2856 3555 3199 3636 Magister

731 3662 1039 3724 Isidorus
1069 3662 1139 3723 in
1170 3664 1459 3725 castello
1490 3662 1969 3741 impendebat,
2004 3663 2191 3741 quod
2220 3662 2699 3725 confessiones
2739 3663 2831 3726 ad
2870 3680 3047 3742 quas
3084 3682 3197 3726 ac-

733 3769 1074 3831 cedebant
1104 3777 1173 3831 et
1203 3768 1531 3848 conjugia
1563 3786 1726 3831 cum
1757 3768 2166 3831 concubinis
2210 3769 2355 3831 suis
2400 3769 2573 3832 inita
2611 3770 3075 3832 testabantur.
3118 3769 3193 3832 In

733 3876 1004 3938 triremi
1033 3876 1268 3953 etiam,
1301 3893 1481 3955 quae
1512 3877 1661 3938 sola
1694 3875 1787 3937 ibi
1814 3875 2058 3938 relicta
2091 3886 2264 3954 erat,
2298 3875 2518 3937 vincti
2540 3876 2846 3955 remiges
2871 3895 2912 3938 a
2936 3877 3198 3939 nostris
3298 3883 3303 3886 “

733 3981 950 4062 adjuti
993 4000 1117 4063 per
1146 3992 1670 4045 sacramentum
1713 3982 2187 4062 poenitentiae
2225 3999 2391 4045 suas
2430 3984 2903 4046 conscientias
2942 4002 3191 4064 expur-

731 4098 1011 4168 garunt.
1046 4089 1148 4152 Ne
1178 4098 1415 4152 tamen
1447 4089 1783 4151 lectiones
1814 4067 2326 4166 omitterentur,
2355 4108 2445 4152 ex
2484 4091 2923 4170 praescripto
2956 4091 3195 4153 visita—

731 4198 908 4258 toris
938 4196 1011 4258 P.
1047 4195 1294 4277 Jacobi
1323 4197 1607 4275 Laynez
1639 4196 1709 4258 in
1740 4195 2283 4276 quadragesima
2314 4214 2456 4258 non
2487 4197 2795 4277 quotidie
2818 4198 2944 4260 sed
2975 4198 3188 4261 domi·

729 4303 908 4366 nicis
945 4312 1014 4366 et
1044 4303 1242 4365 festis
1275 4310 1548 4365 tantum
1581 4303 1825 4365 diebus
1848 4312 1956 4366 est
1979 4303 2495 4382 praedicatum,
2529 4304 2743 4367 immo
2774 4314 2842 4368 et
2872 4314 3189 4384 tempore

731 4409 1207 4489 carnis-privii
1235 4418 1557 4472 curatum
1580 4419 1709 4488 est,
1735 4419 1813 4472 ut
1843 4409 2356 4489 dissolutioneS,
2385 4428 2565 4490 quae
2588 4420 2755 4474 tunc
2785 4412 3008 4475 inusu
3037 4428 3197 4474 esse

732 4519 979 4595 solent,
1013 4535 1158 4579 non
1201 4516 1619 4597 impedirent
1658 4517 2032 4596 quominus
2071 4517 2270 4580 multi
2309 4517 2401 4580 ad
2439 4527 2887 4581 sacramenta
2928 4518 3194 4582 confes-

732 4624 951 4686 sionis
981 4632 1049 4686 et
1078 4623 1590 4685 communionis
1622 4624 2039 4686 accederent
2072 4633 2141 4685 et
2166 4624 2623 4687 concionibus
2662 4625 3064 4705 frequenter
3094 4626 3192 4687 in-
