3679 5414
686 460 798 521 388
1622 459 1875 519 Cimon.
1918 459 2075 520 Soc.
2116 461 2260 534 Jsss.

688 624 915 687 pagos
984 606 1197 669 etiarn
1271 606 1478 669 simul
1565 624 1729 669 cum
1803 606 2071 670 nostris
2141 606 2674 686 discurrebant,
2751 625 2932 688 quae
2999 608 3163 673 fidei

689 723 851 777 sunt
889 713 1044 776 aliis
1094 713 1590 794 praedicandO,
1645 723 1714 777 et
1755 713 1842 777 de
1884 715 2032 777 suis
2077 714 2281 777 malis
2319 715 2633 778 moribus
2677 715 3152 780 admonendo,

688 820 1102 884 Invidebant
1130 821 1240 884 his
1267 821 1647 902 neophytis
1675 822 1795 885 alii
1830 822 2163 901 gentiles,
2215 840 2376 885 cum
2418 840 2541 885 eos
2586 841 2629 885 a
2668 823 3162 903 gubernatore

687 940 753 993 et
783 932 941 994 aliis
970 930 1324 1012 primariis
1367 929 1690 992 lusitanis
1729 928 2070 992 honorari
2113 929 2471 1008 viderent3
2505 937 2605 1008 et,
2653 930 2712 992 si
2761 932 2986 993 nostri
3033 949 3150 994 vo·

684 1038 976 1101 luissent
1006 1038 1436 1118 baptismum
1465 1038 1566 1100 eis
1596 1035 1954 1116 conferre,
1986 1037 2467 1117 suscepissent
2498 1036 2822 1115 libenter;
2873 1055 3018 1101 non
3054 1049 3155 1101 ta·

685 1164 845 1208 men
892 1146 996 1208 eis
1046 1144 1572 1221 conferebatur,
1627 1143 1853 1207 donec
1903 1145 2235 1206 voluntas
2286 1144 2504 1223 bona,
2549 1153 2616 1206 et
2663 1146 3034 1224 contriti0,
3084 1156 3153 1208 et

683 1253 846 1315 boni
878 1271 1113 1316 mores
1141 1252 1212 1315 in
1244 1253 1348 1315 eis
1377 1262 1857 1314 cernerentur.
1903 1250 2085 1330 Quia
2114 1268 2289 1313 vero
2322 1251 2539 1330 aliqui
2569 1269 2658 1313 ex
2699 1252 2948 1332 paucis
2991 1269 3157 1333 ope·-

685 1359 893 1423 rariis
916 1360 1180 1423 nostris
1208 1360 1391 1421 male
1421 1358 1786 1438 valebant,
1829 1367 2181 1438 quartana
2230 1366 2299 1421 et
2340 1358 2499 1420 aliis
2529 1358 2795 1421 morbis
2825 1359 3146 1423 laboran-

684 1476 811 1543 teS,
866 1475 934 1529 et
975 1465 1052 1529 P.
1094 1463 1427 1546 Nobrega
1464 1483 1625 1528 curn
1666 1465 2077 1529 christianis
2118 1474 2271 1528 erat
2312 1475 2734 1545 occupatuS,
2777 1483 2864 1528 eo
2918 1467 3159 1530 minus

684 1574 824 1635 late
852 1574 1035 1636 inter
1063 1574 1365 1652 gentiles
1395 1573 1664 1636 fructus
1689 1572 2079 1653 spiritualis
2108 1573 2421 1652 patebat.

804 1680 943 1743 448.
1032 1679 1166 1743 Vir
1205 1679 1493 1762 quidam
1529 1680 1910 1760 primarius
1955 1680 2134 1742 inter
2173 1680 2478 1759 gentiles
2518 1697 2676 1742 cum
2718 1680 3159 1761 baptismum⁴

685 1796 976 1868 peteret,
1009 1805 1154 1850 non
1184 1796 1290 1850 est
1319 1786 1411 1850 ad
1442 1787 1636 1849 illum
1666 1785 2056 1861 admissus,
2107 1803 2191 1848 eo
2223 1785 2410 1866 quod
2441 1786 2618 1849 duas
2646 1804 2909 1849 uxores
2941 1787 3155 1850 habem

685 1904 825 1973 ret,
869 1895 1195 1975 quamvis
1239 1895 1530 1957 alterius
1570 1902 1843 1956 tantum
1885 1893 2396 1956 consuetudine
2435 1902 2773 1971 uteretur;
2818 1895 2944 1957 sed
2983 1912 3147 1974 qua·

683 2001 845 2064 dam
875 2002 1020 2081 die,
1056 2019 1320 2082 magna
1350 2019 1512 2064 cum
1552 2000 2004 2063 festinatione
2049 2009 2117 2063 et
2161 2001 2475 2063 efficacia
2515 2019 2675 2064 cum
2716 2002 3148 2082 baptismum

681 2118 982 2188 peteret,
1019 2128 1061 2171 a
1089 2107 1164 2170 P.
1200 2107 1528 2171 Navarro
1559 2116 1664 2170 est
1694 2107 2126 2188 baptizatus;
2175 2117 2337 2187 post
2379 2125 2508 2171 sex
2549 2110 2665 2171 vel
2695 2120 2966 2188 septem
2996 2110 3145 2173 dies

680 2217 752 2278 in
804 2216 1318 2296 aegritudinem
1367 2213 1639 2294 incidit,
1687 2222 1756 2277 et
1798 2232 1959 2277 cum
1990 2215 2195 2277 morti
2227 2216 2541 2279 vicinum
2573 2233 2648 2279 se
2693 2216 2997 2295 videret,
3033 2235 3144 2280 ac·

680 2324 968 2387 cersivit
997 2322 1072 2386 P.
1106 2323 1545 2402 Navarrum,
1581 2331 1657 2385 ut
1693 2323 1871 2386 bene
1903 2322 2253 2385 moriendi
2297 2324 2583 2386 modum
2625 2341 2784 2386 eum
2828 2323 3136 2402 doceret,

681 2432 1044 2511 eidemque
1094 2431 1436 2493 morituro
1487 2430 1883 2509 assisteren
1938 2439 2006 2493 et
2056 2447 2317 2493 nornen
2366 2430 2535 2512 Jesu
2575 2449 2659 2493 ac
2699 2431 2960 2494 Beatae
2996 2431 3113 2495 Ma

681 2539 828 2601 r-iae
859 2538 1127 2602 tamdiu
1158 2556 1320 2601 cum
1346 2538 1496 2618 ipso
1525 2536 1602 2600 P.
1637 2537 1964 2600 Navarro
1989 2537 2375 2617 invocavit,
2411 2538 2633 2601 donec
2663 2556 2915 2601 vocem
2946 2539 3139 2602 amit-

680 2654 890 2725 teret,
923 2654 991 2709 et
1022 2662 1182 2709 cum
1213 2655 1484 2709 vestem
1514 2643 1894 2727 quamdam
1936 2645 2262 2724 haberet,
2297 2645 2483 2725 quod
2512 2662 2753 2709 rarum
2784 2656 2891 2710 est
2922 2646 3139 2710 brasi-

678 2753 1043 2830 liensibus,
1078 2753 1196 2833 qui
1226 2753 1396 2816 nudi
1439 2753 1801 2832 incedunt,
1837 2739 2219 2833 antequam
2250 2771 2504 2816 vocem
2555 2753 2942 2832 amitteret,
2978 2771 3142 2817 eam

676 2861 875 2941 petiit
906 2869 973 2923 et
1003 2861 1259 2938 induit,
1293 2870 1360 2923 et
1391 2877 1549 2923 cum
1590 2878 1673 2923 ea
1717 2877 1792 2922 se
1835 2861 2118 2940 sepeliri
2161 2860 2230 2923 in
2276 2861 2433 2923 loco
2472 2878 2680 2924 sacro
2722 2879 2917 2924 more
2962 2861 3141 2925 chri-

676 2968 1067 3030 stianorum
1098 2968 1342 3041 voluit,
1378 2975 1445 3030 et
1497 2965 1797 3030 reddidit
1837 2966 1992 3030 Deo
2038 2967 2395 3047 spiritum,
2441 2968 2606 3031 dum
2646 2968 2722 3031 P.
2768 2968 3143 3031 Navarrus

676 3091 803 3154 pro
834 3092 917 3137 eo
947 3074 1237 3137 Missam
1269 3074 1680 3136 celebraret.
1725 3072 1868 3136 Sub
1914 3083 2213 3136 mortem
2244 3082 2477 3137 autem
2509 3073 2687 3137 dixit
2718 3075 2998 3138 cuidam
3030 3092 3136 3137 so·

674 3181 853 3244 rori:
888 3181 1111 3259 videS,
1147 3182 1494 3260 soror?,et
1525 3198 1686 3244 cum
1714 3180 1888 3243 nihil
1919 3199 1994 3244 se
2036 3181 2280 3243 videre
2323 3180 2622 3260 diceret,
2658 3181 2964 3245 subdidit
2995 3183 3139 3245 ille:

672 3288 902 3368 vide0,
936 3305 1140 3351 soror
1183 3306 1378 3367 mea,
1413 3287 1599 3368 quod
1629 3305 1910 3350 vermes
1942 3289 2015 3351 in
2044 3297 2235 3350 terra
2263 3298 2550 3367 gratum
2590 3289 2944 3352 habebunt
2982 3307 3132 3352 cor·

670 3414 802 3476 pus
840 3413 1104 3471 meum,
1149 3393 1270 3458 sed
1314 3394 1387 3457 in
1426 3394 1622 3458 coelo
1674 3412 1834 3457 cum
1883 3394 2155 3457 laetitia
2202 3412 2315 3457 me
2364 3395 2857 3475 excipiendum
2896 3396 3138 3472 video;

669 3505 852 3583 vale,
884 3520 1050 3565 narn
1074 3521 1158 3565 eo
1189 3501 1631 3582 proficiscor;
1666 3510 1733 3563 et
1773 3501 2322 3580 sicexspiravit.
2358 3500 2785 3582 Sparserunt
2816 3503 3141 3582 ipsorum

668 3611 987 3690 sortilegi
1018 3610 1204 3691 quod
1232 3608 1626 3689 baptismus
1655 3625 1816 3671 eum
1846 3609 2241 3688 occiderat,
2284 3626 2416 3671 nec
2449 3609 2935 3688 intelligebant
2973 3627 3128 3689 gra-

667 3720 838 3782 tiam
868 3718 931 3780 ei
963 3736 1005 3780 a
1034 3716 1340 3780 Domino
1370 3714 1635 3778 factam
1661 3724 1738 3777 ut
1769 3733 1811 3777 a
1842 3715 2179 3794 periculis
2208 3724 2662 3796 peccatorum
2696 3734 2854 3779 eum
2886 3716 3133 3779 libera·

665 3834 793 3889 ret.
841 3824 976 3887 Hic
1018 3841 1160 3886 non
1211 3841 1252 3885 a
1302 3824 1460 3902 lege
1508 3822 1815 3885 naturali
1867 3821 2350 3902 observanda,
2396 3840 2556 3885 curn
2589 3822 2820 3886 adhuc
2850 3823 3139 3902 gentilis

665 3940 872 4008 esset,
907 3931 1178 3994 alienus
1208 3938 1392 4008 erat;
1427 3929 1615 4010 quod
1658 3929 1730 3992 in
1767 3929 2017 4009 paucis
2059 3928 2502 3992 cernebatur.
2553 3928 2910 3993 Successit
2954 3930 3018 3993 ei
3059 3929 3137 3992 in.

663 4039 969 4119 primatu
999 4037 1110 4100 sui
1129 4036 1367 4118 populi
1389 4035 1633 4114 frater,
1668 4035 1949 4099 nomine
1971 4034 2236 4113 Simon,
2271 4036 2390 4115 qui
2414 4045 2559 4099 tarn
2590 4036 2947 4100 studiosus
2977 4045 3131 4100 erat

663 4163 824 4209 cum
852 4162 1076 4208 uxore
1105 4153 1174 4208 et
1202 4143 1385 4221 filiis,
1418 4152 1496 4205 ut
1524 4142 1728 4205 malis
1756 4141 2167 4205 christianis
2190 4142 2261 4204 in
2291 4144 2689 4223 exemplum
2715 4161 2875 4206 eum
2903 4143 3137 4207 nostri

662 4252 1113 4317 adducerent.
1175 4249 1471 4329 Quando
1518 4249 1987 4329 aegrotabant
2031 4250 2145 4311 vel
2194 4249 2407 4312 morti
2444 4249 2660 4312 vicini
2701 4259 2905 4313 erant
2949 4250 3128 4313 chri·

660 4359 892 4438 stiani,
938 4367 1220 4421 nostros
1263 4356 1678 4432 evocabant,
1725 4365 1801 4418 ut
1842 4373 1972 4436 pro
2017 4355 2190 4435 ipsis
2233 4365 2520 4418 orarent
2561 4366 2630 4419 et
2667 4357 3136 4420 morientibus

660 4468 1011 4531 adessent.
1058 4463 1494 4542 Quibusdam
1545 4472 1781 4526 autern
1830 4460 2261 4543 persuadere
2310 4462 2713 4527 nitebantur
2763 4464 2882 4545 qui
2933 4465 3128 4545 prius

659 4575 846 4656 apud
888 4591 1014 4636 eos
1051 4581 1127 4636 ut
1177 4571 1406 4635 sancti
1455 4570 1949 4634 auctoritatem
1998 4570 2385 4647 habebant,
2430 4571 2617 4651 quod
2657 4571 3128 4653 aegrotabant

656 4700 744 4754 ex
776 4681 1003 4754 hamis
1031 4680 1147 4742 vel
1184 4677 1390 4741 cultis
1419 4695 1595 4757 quos
1623 4676 1977 4740 habebant
2000 4676 2071 4739 in
2100 4694 2419 4758 corpore,
2448 4696 2538 4741 ex
2569 4678 2819 4759 quibus
2844 4679 3126 4741 dolores
