3679 5414
733 454 843 513 266
1644 451 1900 513 Canon.
1942 450 2095 511 SoC.
2135 452 2274 526 Jas,

852 596 995 660 211.
1081 595 1198 660 Ad
1226 597 1733 660 monasterium
1760 612 1937 675 ergo
1968 596 2139 659 illud
2166 596 2589 677 perveniens
2617 614 2780 660 cum
2809 595 3198 678 Cardinali,

734 722 877 767 non
906 705 971 767 ei
998 706 1227 767 solum
1256 705 1380 767 sed
1408 712 1478 767 et
1506 704 1667 767 aliis
1692 704 2033 766 exercitia
2061 704 2451 784 proposuit,
2484 721 2666 784 quae
2695 720 2858 767 cum
2884 704 3196 768 maximo

735 811 1083 891 spirituali
1122 811 1360 874 fructu
1399 819 1851 891 peregerunt.
1893 810 2028 873 Die
2078 811 2413 874 mercurii
2461 820 2621 891 post
2659 809 2938 875 Pascha
2976 812 3197 875 voluit

736 917 1135 981 Cardinalis
1163 935 1405 982 secum
1433 918 1781 981 deducere
1810 917 1888 980 P.
1917 917 2312 997 Claudium,
2338 935 2502 982 cum
2531 919 2880 982 Baronem
2910 919 2997 982 de
3026 919 3198 982 Tru·

734 1024 999 1104 chsesffi
1032 1034 1306 1106 patrem
1335 1043 1563 1104 suum,
1597 1026 1908 1090 invisere
1931 1027 2164 1105 vellet,
2189 1027 2312 1107 qui
2332 1025 2634 1089 duorum
2654 1025 2928 1090 dierum
2950 1026 3197 1090 itinere

735 1132 1073 1196 ditionem
1121 1151 1325 1197 suam
1362 1143 1433 1196 et
1483 1134 1992 1198 habitationem
2042 1134 2380 1211 habebat;
2431 1142 2503 1205 et
2553 1142 2629 1196 ut
2678 1132 3076 1197 Cardinalis
3124 1135 3198 1197 in

734 1240 1165 1304 monasterio
1203 1242 1657 1321 otobergensi
1691 1240 1705 1272 ¹
1737 1242 1810 1304 in
1853 1241 2344 1305 concionando
2373 1250 2442 1304 et
2471 1250 2921 1304 sacramento
2951 1241 3195 1304 confir·

734 1346 1067 1411 mationis
1088 1348 1553 1412 ministrando
1575 1366 1651 1411 se
1673 1358 2116 1426 exercuerat,
2143 1349 2244 1411 ita
2271 1347 2342 1411 in
2372 1349 2636 1411 ditione
2657 1349 2948 1412 illustris
2974 1348 3198 1428 patris

735 1455 846 1517 sui
883 1455 1121 1518 multis
1158 1456 1295 1535 piis
1332 1455 1662 1535 operibus
1701 1473 1992 1536 operam
2030 1455 2221 1519 dedit
2257 1465 2326 1519 et
2364 1457 2690 1536 exemplo
2727 1473 2855 1519 suo
2893 1472 3200 1535 magnae

734 1561 1209 1625 aedificationi
1244 1561 1398 1625 fuit.
1443 1561 1910 1626 Consecravit
1947 1563 2163 1625 etiam
2192 1564 2692 1643 perpulchrum
2731 1564 3069 1642 templum
3105 1563 3202 1625 ab

734 1666 885 1747 ejus
913 1667 1131 1731 fratre
1161 1686 1204 1731 a
1247 1668 1723 1732 fundamentis
1761 1679 2106 1749 erectum,
2152 1679 2221 1732 et
2259 1686 2420 1733 cum
2460 1669 2766 1750 quinque
2803 1670 3017 1734 horas
3052 1687 3202 1733 ma-

732 1791 876 1853 gno
896 1777 1157 1856 populo
1178 1787 1550 1856 praesente
1572 1795 1657 1840 eo
1680 1777 1752 1840 in
1775 1775 2003 1840 officio
2033 1777 2508 1856 impendisset,
2543 1795 2825 1858 semper
2852 1777 3204 1840 Dominus

738 1880 1186 1963 GuilielmuS,
1228 1882 1378 1963 ejus
1415 1884 1636 1948 frater
1677 1895 1746 1948 et
1774 1885 2108 1948 fundator
2137 1885 2409 1964 templi,
2444 1884 2976 1963 diligentissime
3006 1885 3072 1947 ei
3100 1885 3198 1946 in·

737 1990 1062 2070 servivit,
1095 2000 1172 2054 ut
1202 2008 1345 2054 non
1374 1992 1524 2055 sine
1554 1993 1893 2073 lacrymis
1929 1992 2330 2055 devotionis
2374 2000 2749 2071 utrumque
2792 1991 3086 2055 fratrem
3127 1992 3200 2054 in

736 2097 1218 2161 ecclesiastico
1257 2099 1375 2162 illo
1425 2099 1814 2163 ministerio
1860 2109 2284 2180 occupatum
2333 2100 2633 2179 populus
2681 2098 2985 2178 videret,
3037 2116 3198 2161 cum

737 2222 987 2269 eorum
1014 2207 1417 2270 reverentia
1460 2206 1621 2270 fidei
1650 2208 1967 2288 ipsorum
1996 2207 2474 2271 testimonium
2503 2207 2899 2286 praeberet.
2933 2206 3196 2270 Confir-

733 2313 958 2375 mavit
979 2315 1194 2376 etiam
1215 2314 1614 2378 Cardinalis
1637 2331 1976 2394 magnum
1996 2315 2361 2377 hominum
2386 2331 2777 2378 numerum.
2805 2313 2976 2394 Ejus
2995 2323 3204 2394 pater

734 2421 1100 2499 octoginta
1130 2431 1200 2484 et
1239 2439 1455 2485 unum
1494 2439 1721 2485 annos
1756 2431 1968 2485 natus
2008 2431 2192 2501 erat;
2239 2430 2307 2485 et
2343 2439 2487 2484 non
2524 2422 2758 2486 minus
2796 2422 3088 2484 illustris
3126 2423 3198 2484 in

733 2527 994 2604 pietate
1026 2545 1239 2608 quam
1269 2530 1342 2591 in
1370 2529 1717 2608 sanguine
1747 2539 1897 2593 tota
1926 2548 2012 2593 ea
2038 2529 2307 2592 familia
2337 2529 2733 2592 videbatur.

851 2633 993 2698 212.
1081 2635 1248 2699 Inde
1293 2635 1369 2699 P.
1419 2636 1790 2700 Claudium
1827 2654 1955 2719 per
1996 2636 2402 2700 Danubium
2440 2637 2824 2715 Viennam,
2866 2636 3207 2718 adjuncto

733 2742 867 2822 ipsi
912 2742 1218 2806 Domino
1262 2744 1592 2808 Petronio
1633 2745 1896 2808 Zanelo
1938 2745 2224 2823 comite,
2266 2746 2475 2808 misit.
2519 2746 2807 2808 Interim
2848 2745 3202 2808 Dominus

731 2848 1081 2913 Martinus
1112 2850 1335 2914 Olave
1365 2853 1988 2916 commendaverat
2017 2853 2082 2915 ei
2118 2851 2450 2931 juvenem
2495 2853 2870 2933 quemdam
2911 2853 3200 2915 natione

729 2973 1091 3037 graecum,
1136 2976 1635 3039 corcyrensem
1664 2961 1955 3040 scilicet,
1997 2960 2173 3023 utin
2212 2957 2641 3022 Societatem
2679 2960 3188 3037 admitteretur,

732 3064 849 3144 qui
878 3064 1193 3129 honestis
1245 3067 1656 3146 parentibus
1696 3076 1908 3130 natus
1948 3076 2016 3130 et
2054 3084 2196 3130 non
2246 3067 2642 3130 ineruditus
2682 3077 2869 3145 erat3
2912 3076 2980 3130 et
3032 3084 3192 3130 cum

730 3170 805 3234 P.
838 3172 1191 3251 Ignatium
1219 3173 1555 3237 Claudius
1586 3175 2015 3253 consuleret,
2049 3175 2122 3237 in
2151 3172 2576 3237 Societatem
2615 3175 2967 3238 admissus
2996 3171 3191 3253 juve·

728 3279 841 3341 nis
869 3278 1170 3342 Romam
1197 3281 1425 3359 venit;
1459 3281 1609 3361 ipse
1633 3291 1869 3345 autem
1890 3280 2019 3344 Dr.
2053 3281 2277 3344 Olave
2305 3294 2380 3343 ut
2402 3292 2826 3361 procurator
2854 3281 3190 3353 Cardina-

729 3387 816 3448 lis
847 3384 1250 3465 Augustani
1280 3388 1488 3450 simul
1519 3405 1680 3450 cum
1710 3387 2164 3467 suffraganeo
2204 3388 2296 3451 ad
2337 3388 2729 3452 Concilium
2768 3388 3026 3452 missus
3056 3396 3188 3450 est.

846 3493 987 3556 213.
1076 3492 1482 3574 Antequam
1510 3494 1865 3559 Viennam
1894 3513 1970 3557 se
2009 3494 2433 3573 conferrent,
2467 3495 2544 3558 P.
2578 3495 2913 3559 Claudius
2939 3495 3189 3558 revisit

727 3610 1011 3663 nostros
1049 3601 1659 3679 ingolstadienseS.
1701 3602 2020 3665 Venerat
2059 3618 2144 3664 eo
2183 3602 2350 3665 Dux
2390 3603 2539 3682 ipse
2579 3603 2934 3681 AlbertuS,
2979 3619 3187 3682 quem

727 3707 1063 3771 salutavit
1093 3707 1428 3771 Claudius
1457 3717 1527 3771 et
1552 3709 1787 3772 socios
1824 3709 2370 3772 commendavit.
2408 3708 2796 3790 Respondit
2826 3709 2940 3772 ille
2972 3709 3188 3772 latine

727 3814 915 3893 quod
936 3823 1223 3893 gratum
1251 3815 1351 3877 illi
1377 3814 1651 3894 fuisset,
1677 3817 1739 3879 si
1768 3815 2188 3894 Ingolstadii
2207 3826 2723 3896 perseveraret,
2758 3816 2880 3879 sed
2905 3816 3184 3897 quando

727 3939 815 3982 ex
846 3921 1245 3985 obedientia
1284 3923 1729 4001 superiorum
1767 3923 2123 3986 Viennam
2153 3924 2225 3986 in
2263 3925 2572 4003 gratiam
2607 3923 2824 4003 Regis
2862 3941 3186 3986 romano·

726 4044 882 4089 rum
913 4028 1066 4107 iret,
1103 4036 1178 4092 se
1208 4038 1618 4093 contentum
1638 4046 1815 4109 esse,
1844 4039 1914 4093 et
1942 4031 2179 4094 socios
2201 4032 2732 4095 commendatos
2752 4031 3186 4109 habiturum;

726 4144 795 4196 et
828 4134 918 4196 ad
949 4152 1244 4198 coenam
1273 4152 1515 4199 secum
1544 4134 1621 4199 P.
1657 4137 2030 4201 Claudium
2063 4138 2372 4202 retinuit.
2407 4138 2541 4202 Die
2571 4147 2808 4202 autem
2837 4138 3180 4217 sequenti,

724 4252 1089 4322 assumpto
1119 4243 1465 4322 Magistro
1498 4243 1706 4307 Petro
1744 4242 2184 4324 SchorichiO,
2219 4247 2334 4326 qui
2367 4264 2509 4309 non
2539 4246 2717 4309 bene
2745 4246 3050 4309 habebat
3077 4243 3180 4307 In-

722 4350 1055 4427 golstadii
1104 4360 1176 4413 et
1228 4351 1383 4414 ideo
1423 4361 1912 4432 exspectatam
1954 4353 2441 4433 philosophiae
2482 4354 2856 4417 lectionem
2899 4371 3042 4415 non
3085 4352 3181 4414 in-

806 4556 820 4586 ¹
878 4555 962 4603 Ita
984 4540 1125 4600 ciare
1146 4558 1198 4600 in
1217 4568 1363 4609 mss-3
1399 4569 1642 4602 veremur
1675 4565 1846 4602 tamen
1880 4571 1942 4602 ne
1982 4559 2221 4603 mendose
2243 4561 2309 4603 sit
2343 4562 2617 4615 scriptum;
2655 4561 2846 4605 nullum
2877 4560 3012 4604 enlm
3041 4559 3186 4602 eirca

722 4628 1020 4681 Augustam
1059 4629 1197 4672 intra
1218 4628 1430 4672 duorum
1462 4629 1657 4673 dierum
1682 4631 1781 4673 iter
1799 4632 2187 4683 monasterium,
2220 4632 2351 4685 quod
2373 4632 2468 4676 hoc
2489 4633 2689 4676 nomine
2711 4633 3053 4685 otobergense
3081 4637 3175 4674 aut

718 4699 824 4742 alio
845 4699 997 4743 simili
1020 4701 1328 4753 appelletur,
1349 4702 1651 4754 reperimus.
