3679 5414
649 448 766 509 622
1578 444 1838 507 Canon.
1880 446 2035 507 Soc.
2076 446 2216 521 Jns.

656 596 896 680 animo
927 611 1004 658 se
1035 592 1221 657 idem
1247 593 1605 656 facturum
1626 592 2100 673 polliceretur,
2133 610 2225 656 ex
2246 610 2550 673 quorum
2570 595 2920 658 bonorum
2941 595 3133 659 redi:

654 703 840 766 tibus
869 719 1011 765 non
1036 701 1338 781 exiguus
1366 710 1778 765 nostrorum
1800 717 2139 763 numerus
2160 702 2545 764 sustentari
2564 711 2869 783 poterat,
2895 712 2965 767 et
2985 705 3129 768 hoc

654 810 809 891 ipso
842 826 1029 872 anno
1051 825 1178 888 per
1198 808 1558 888 publicum
1582 808 2124 871 instrumentum
2153 808 2426 889 domuS,
2460 827 2642 890 quae
2665 811 2941 875 duobus
2970 812 3131 875 mil-⁷

653 918 838 980 libus
869 916 1288 997 ducatorum
1318 914 1853 994 aestimabatur,
1890 915 1979 977 ab
2009 915 2112 978 eis
2142 924 2328 978 esset
2357 916 2642 996 donata,
2689 926 2758 981 et
2799 918 3129 983 similiter

654 1042 913 1089 census
941 1008 1229 1105 quidam
1258 1024 1352 1102 (et
1372 1023 1488 1086 hic
1511 1024 1693 1086 alius
1716 1032 1823 1087 est
1847 1041 1890 1086 a
1912 1023 2268 1103 superiori⁴
2285 1025 2402 1087 illo
2427 1026 2877 1105 scholastic0,
2912 1043 3130 1107 quem„

655 1132 966 1197 diximus
994 1129 1081 1194 de
1110 1132 1315 1195 bonis
1355 1131 1501 1194 suis
1533 1129 1896 1194 Granatae
1936 1131 2285 1195 donandis
2327 1133 2581 1212 egisse,
2616 1134 2733 1214 qui
2774 1132 3131 1198 Dominus

656 1239 1212 1319 christophorus
1267 1237 1618 1318 Brizegno
1670 1238 2085 1316 dicebatur),
2139 1238 2340 1301 brevi
2388 1240 2606 1320 aliqui
2656 1258 2740 1303 eo
2797 1239 3123 1304 mittendi

655 1346 1110 1428 putabantur.
1819 1390 1830 1401 .

775 1452 916 1516 474.
1004 1450 1235 1515 Rediit
1264 1450 1774 1515 salmanticam
1803 1449 2097 1515 Octobri
2125 1469 2366 1515 mense
2395 1452 2469 1515 P.
2506 1453 2900 1517 Turrianus
2930 1472 2973 1516 a
3000 1471 3129 1518 noa

653 1561 821 1625 stris
851 1568 1213 1637 evocatuS,
1249 1560 1367 1641 qui
1389 1557 1540 1639 ejus
1570 1575 1786 1639 opera
1810 1559 2244 1637 indigebant,
2276 1569 2565 1641 propter
2608 1579 2898 1624 causam
2940 1579 3131 1626 eam·-

656 1668 841 1745 dem,
868 1685 1051 1747 quae
1082 1667 1313 1746 ipsum
1341 1667 1414 1729 in
1444 1663 1953 1744 Portugalliam
1984 1666 2412 1744 deduxerat,
2440 1684 2600 1730 cum
2632 1669 2768 1732 duo
2798 1669 3133 1749 superius

657 1774 830 1838 dicti
872 1772 1349 1837 Salmanticae
1386 1781 1870 1836 versarentur.
1914 1771 2169 1836 Comes
2207 1782 2446 1837 autem
2485 1774 2746 1838 Montis
2784 1774 2990 1854 Regii
3031 1776 3124 1840 ad

657 1881 1065 1944 condictum
1096 1889 1372 1959 tempus
1401 1879 1650 1943 venire
1688 1878 2236 1960 Compostellam
2276 1897 2419 1943 non
2464 1889 2791 1959 potuerat
2833 1890 3133 1962 propter

656 1989 970 2068 negotia,
1003 2005 1183 2067 quae
1211 1986 1445 2065 magis
1468 2002 1627 2048 eum
1651 1986 2096 2065 premebant;
2128 1986 2572 2051 intellexerat
2594 1989 2810 2052 etiam
2837 1987 2915 2052 P.
2948 1988 3121 2051 Tur·

655 2096 901 2158 rianus
934 2102 1350 2173 suggestum
1379 2111 1422 2155 a
1451 2091 1760 2173 quodam
1799 2108 2063 2173 magno
2095 2093 2251 2156 viro
2290 2092 2508 2157 fuisse
2561 2094 2818 2158 Comiti
2860 2095 3131 2159 Montis

654 2201 861 2281 Regii
902 2219 991 2263 ne
1022 2199 1414 2279 Collegium
1446 2198 2096 2278 Compostellanum
2125 2197 2463 2263 Societati
2493 2200 2714 2279 daret,
2761 2202 2922 2282 quia
2968 2203 3129 2264 reli--

656 2310 841 2389 giosi
872 2307 1143 2372 ordinis
1167 2305 1413 2370 Sancti
1440 2306 1805 2369 Francisci
1836 2306 2007 2369 illud
2035 2307 2354 2370 obtinere
2382 2308 2807 2372 nitebantur.
2834 2309 3133 2393 Tulerat·

659 2426 900 2480 autem
930 2434 972 2478 a
1001 2414 1198 2494 Rege
1227 2414 1708 2494 Portugalliae
1738 2414 2011 2476 litteras
2041 2413 2131 2477 ad
2161 2413 2528 2494 Comitem,
2563 2417 2814 2496 quibus
2845 2416 2978 2479 hoc
3007 2434 3123 2479 ne·

659 2524 931 2602 gotium
972 2521 1042 2583 in
1092 2520 1468 2584 Societatis
1506 2520 1829 2583 favorem
1872 2520 2435 2583 commendabat.
2477 2520 2614 2585 Sed
2658 2523 2744 2585 de
2787 2538 3125 2587 successu

660 2628 867 2710 hujus
899 2628 1198 2707 Collegii
1226 2636 1475 2709 postea
1506 2636 1756 2706 agetur
1793 2626 1832 2690 ¹.

777 2736 919 2800 475.
1006 2735 1284 2800 Invenit
1308 2744 1546 2798 autem
1567 2734 1962 2815 Collegium
1985 2735 2541 2801 salmanticense
2569 2737 2640 2799 in
2664 2747 2863 2801 tanta
2886 2755 3125 2802 neces-a

656 2845 864 2907 sitate
895 2843 1379 2918 constitutum,
1413 2851 1488 2905 ut
1519 2859 1679 2905 cum
1712 2860 1892 2905 onus
1921 2852 2067 2906 tam
2097 2844 2476 2915 multorum
2505 2862 2646 2906 non
2688 2844 2934 2925 ferret,
2966 2862 3119 2926 par·

655 2961 798 3015 tem
849 2949 1322 3029 collegialium
1356 2949 1494 3012 alio
1536 2949 1817 3012 mittere
1862 2948 2202 3013 debuerit.
2253 2949 2494 3029 Aliqui
2539 2951 2751 3013 etiam
2796 2950 2884 3012 ad
2930 2968 3121 3030 pere-

654 3058 1095 3138 grinationes
1145 3056 1342 3119 missi
1386 3055 1689 3134 fuerunt,
1746 3072 2047 3135 quorum
2094 3055 2547 3119 mortificatio
2608 3074 2769 3119 cum
2820 3057 3128 3126 aliorum,

655 3164 1147 3228 aedificatione
1177 3162 1557 3243 conjuncta
1585 3161 1748 3242 fuit;
1780 3178 1950 3226 nam
1992 3170 2493 3243 praeterquam
2523 3162 2709 3243 quod
2740 3182 2829 3226 ex
2858 3164 3129 3227 mendi-2

653 3281 817 3335 cato
847 3271 1221 3349 vivebant,
1246 3287 1408 3333 cum
1438 3286 1699 3349 magno
1728 3268 2014 3332 fervore
2043 3269 2514 3348 Evangelium
2547 3269 2809 3333 Christi
2847 3271 3121 3350 praedi-

656 3379 939 3457 cabant,
974 3396 1106 3441 nec
1137 3379 1288 3440 sine
1318 3392 1582 3456 magna
1614 3378 1996 3440 multorum
2025 3378 2450 3457 populorum
2492 3378 2834 3456 motione,
2868 3377 3129 3457 quibus

655 3487 840 3550 inter
883 3493 1167 3548 caetera
1204 3500 1623 3564 persuasum
1666 3484 1754 3546 ab
1795 3485 1898 3547 eis
1946 3493 2075 3563 est,
2121 3484 2213 3547 ad
2252 3484 2513 3547 abusus
2557 3483 3121 3564 juramentorum

653 3592 1021 3670 vitandos,
1055 3599 1131 3654 ut
1163 3589 1814 3653 confraternitatem
1845 3590 2151 3654 nominis
2191 3589 2325 3653 Dei
2363 3590 2829 3669 instituerent,
2871 3590 3128 3672 poenis

654 3701 727 3763 in
772 3698 1092 3779 jurantes
1132 3697 1418 3776 taxatiS,
1463 3707 1531 3759 et
1572 3697 1729 3760 aliis
1777 3697 1915 3777 piis
1950 3697 2228 3776 legibus
2279 3697 2639 3760 institutis.
2695 3697 2842 3761 Nec
2881 3708 3120 3766 tamen

655 3805 889 3869 studia
926 3805 1321 3867 litterarum
1362 3804 1894 3882 omittebantur;
1939 3821 2109 3866 nam
2136 3812 2422 3884 praeter
2452 3803 2891 3883 diligentiam
2920 3822 3123 3884 prae—

653 3912 943 3976 videndi
970 3911 1332 3988 lectiones,
1360 3910 1720 3990 repetendi
1745 3919 1814 3973 et
1846 3911 2257 3974 conferendi
2281 3911 2478 3973 horis
2501 3910 2894 3988 destinatiS,
2928 3921 3113 3975 octa-

651 4038 747 4082 vo
798 4036 1075 4099 quoque
1125 4017 1238 4080 die
1288 4016 1374 4079 de
1424 4017 1806 4097 propositis
1856 4018 2328 4097 positionibus
2388 4018 2900 4097 disputabatur.
2954 4015 3124 4081 Pro‹

653 4128 963 4191 sessores
1015 4134 1255 4188 autem
1304 4123 1705 4203 theologiae
1756 4123 2237 4188 Salmanticae
2282 4125 2602 4205 apprime
2654 4125 2843 4188 docti
2891 4134 3133 4192 erant(

652 4234 921 4297 Diebus
971 4241 1210 4296 autem
1259 4230 1460 4294 festis
1502 4248 1662 4294 cum
1699 4232 2044 4295 lectiones
2083 4242 2467 4311 cessarent,
2512 4232 2870 4295 vacabant
2914 4233 3121 4296 colle--

734 4472 753 4505 ¹
807 4471 1042 4527 Ignatius
1063 4471 1194 4523 Regi
1216 4469 1596 4525 portugalliae,
1632 4469 1693 4513 de
1729 4469 1959 4525 collegio
1988 4469 2403 4525 Composteunno
2421 4503 2431 4524 ,
2452 4471 2478 4513 4
2499 4471 2721 4524 Aprilis;
2745 4471 2880 4515 idem
2901 4470 3118 4516 Doctori

652 4544 868 4599 Torres,
891 4545 952 4587 de
974 4544 1152 4587 eodem
1173 4542 1402 4597 collegio
1418 4575 1429 4594 ,
1452 4546 1505 4585 et
1524 4548 1581 4585 ut
1602 4542 1780 4586 vident
1802 4553 1869 4585 an
1890 4541 1946 4586 P.
1969 4541 2280 4587 Franciscus
2308 4543 2501 4597 Borgia
2523 4541 2688 4596 possit
2712 4541 3117 4599 compostellam

653 4616 721 4659 ad
742 4616 937 4670 aliquot
959 4616 1068 4660 dies
1087 4627 1142 4659 se
1165 4615 1414 4667 conferre,
1448 4625 1547 4668 quo
1582 4614 1644 4657 de
1678 4613 1910 4657 omnibus
1944 4614 2216 4658 certiorem
2250 4614 2631 4669 plenioremque
2663 4615 2904 4659 notitiam
2922 4615 3129 4662 haberet

653 4688 852 4731 valeat.
