3679 5414
649 433 762 494 520
1608 434 1860 495 Cimon.
1905 435 2058 496 Soc.
2099 437 2240 510 Jas.

669 580 974 660 Ovied0,
1021 580 1318 659 Collegii
1359 580 1652 662 Rector,
1695 600 1786 644 ex
1827 600 1966 663 quo
2007 581 2376 663 Neapolim
2419 584 2782 663 ingressus
2812 594 2949 666 est,
2984 587 3136 650 die--

662 682 793 768 bus
822 676 1021 751 sestis
1051 705 1312 767 magno
1344 706 1505 751 cum
1533 689 1936 752 auditorum
1964 689 2197 753 fructu
2226 691 2392 754 boni
2421 688 2945 767 concionatoris
2984 694 3124 756 offi-

670 795 855 858 cium
891 806 1322 877 exsequutus
1358 804 1500 876 est,
1545 797 2007 860 christianam
2036 808 2407 878 praeterea
2446 799 2844 863 doctrinam
2883 819 3134 865 nume-m

663 921 869 966 rosae
918 920 1197 984 semper
1238 904 1600 967 hominum
1648 905 2076 968 multitudini
2119 907 2502 987 explicavit
2542 908 2808 971 eisdem
2852 907 3136 983 diebus„⁴

665 1011 792 1073 sed
820 1020 1100 1091 postea,
1135 1010 1225 1073 ad
1255 1028 1637 1092 puerorum
1669 1013 2073 1091 utilitatem,
2116 1014 2489 1077 lectionem
2518 1015 2702 1077 hanc
2745 1016 2817 1078 in
2847 1026 3136 1081 sextam.

660 1118 917 1181 seriam
944 1120 1326 1182 transtulit.
1363 1118 1683 1197 Quatuor
1712 1121 1931 1183 etiam
1958 1138 2048 1182 ex
2077 1120 2414 1184 fratribus
2449 1121 2650 1201 jussu
2689 1123 3023 1204 Episcopi
3051 1124 3122 1185 in

657 1225 960 1289 diversis
1027 1226 1476 1289 monasteriis
1541 1244 1666 1307 per
1731 1227 2322 1308 quadragesimae
2379 1237 2655 1309 tempus
2720 1230 3137 1293 concionati·

659 1342 843 1396 sunt.
878 1332 1060 1396 Aliis
1100 1334 1313 1397 etiam
1342 1334 1416 1396 in
1458 1334 1663 1413 lociS,
1706 1344 1782 1397 ut
1830 1334 1903 1396 in
1953 1352 2241 1398 carcere
2280 1336 2589 1415 publico,
2634 1337 2751 1400 ubi
2797 1337 2936 1400 duo
2974 1337 3121 1400 fere

660 1440 880 1503 millia
918 1440 1281 1504 hominum
1320 1451 1554 1521 erant,
1603 1459 1844 1504 semen
1887 1442 2088 1505 verbi
2122 1441 2260 1513 Dei
2301 1444 2737 1506 seminarunt
2778 1462 2937 1508 cum
2979 1462 3139 1507 mam

663 1564 811 1627 gna
842 1565 1118 1626 eorum,
1152 1549 1271 1629 qui
1300 1549 1394 1612 ibi
1424 1548 1947 1628 detinebantur,
2000 1550 2349 1630 spirituali
2391 1552 2893 1614 consolatione.
2927 1550 3121 1615 Post-

662 1671 879 1733 quam
908 1664 1145 1717 autem
1172 1653 1248 1718 P.
1292 1644 1659 1718 Bobadilla
1701 1656 2072 1736 epistolam
2115 1657 2205 1719 ad
2247 1655 2608 1720 Romanos
2653 1666 2978 1737 coeptam
3007 1659 3122 1721 ab·

668 1761 912 1840 solvit,
949 1762 1019 1823 in
1048 1760 1493 1825 Psalmorum
1523 1762 2101 1842 interpretatione
2129 1762 2206 1825 P.
2240 1763 2568 1827 Andreas
2610 1764 2709 1827 illi
2752 1766 3135 1843 successim,

658 1877 729 1931 et
790 1870 1120 1949 quamvis
1168 1868 1423 1931 aestivi
1465 1871 1740 1932 calores
1785 1870 1959 1932 satis
2009 1870 2285 1933 molesti
2327 1869 2621 1951 Neapoli
2662 1889 2818 1933 esse
2868 1874 3117 1951 solent,

663 1992 807 2037 non
837 1977 1188 2039 minorem
1219 1986 1455 2039 tamen
1485 1976 1818 2040 auditorii
1855 1976 2325 2056 frequentiam
2361 1978 2637 2056 habuit,
2681 1989 2750 2042 et
2788 1998 2932 2043 non
2973 1980 3138 2043 sine-

663 2082 899 2146 sructu
932 2084 1004 2146 in
1040 2085 1426 2147 multorum
1468 2082 1801 2147 cordibus
1843 2084 1979 2147 hoc
2019 2093 2345 2147 sanctum
2382 2102 2623 2148 semen
2658 2085 2929 2165 jactum
2968 2104 3136 2150 esser

663 2190 1010 2253 creditum
1038 2200 1145 2253 est
1179 2189 1220 2253 ¹.

783 2296 925 2360 256.
1016 2297 1220 2377 Quod
1264 2297 1514 2361 attinet
1566 2299 1654 2360 ad
1706 2299 2175 2362 confessionis
2217 2308 2285 2362 et
2323 2299 2836 2363 communionis
2886 2318 3120 2363 sacra-

668 2413 931 2484 menta,
965 2413 1247 2484 praeter
1277 2404 1774 2484 scholastico5,
1808 2405 2009 2468 multi
2037 2405 2266 2468 omnis
2294 2406 2575 2485 generis
2606 2416 2673 2469 et
2704 2406 3140 2470 conditionis.

663 2512 984 2574 homines
1012 2520 1418 2575 nostrorum
1450 2530 1663 2591 opera
1694 2521 1859 2575 sunt
1887 2513 2018 2591 usi,
2053 2532 2183 2576 nec
2210 2513 2499 2592 negotia
2529 2523 2597 2576 et
2621 2514 3135 2594 occupationes

662 2619 845 2682 aliae
874 2620 988 2681 vel
1019 2617 1094 2681 P.
1131 2619 1569 2682 Bobadillam
1606 2621 1720 2682 vel
1750 2618 1826 2681 P.
1861 2618 2226 2683 Andream
2255 2621 2722 2700 impedierunt
2747 2622 3130 2701 quominus

660 2726 827 2789 huic
856 2727 1084 2789 labori
1108 2727 1481 2805 diligenter
1518 2744 1806 2790 manum
1845 2727 2328 2791 admoverent.
2359 2727 2507 2791 Nec
2547 2730 2773 2791 solum
2812 2731 3122 2792 saecula·

664 2850 780 2896 res
805 2831 946 2896 'sed
976 2843 1044 2896 et
1078 2850 1324 2896 sacras
1352 2833 1670 2914 virgines
1704 2833 2009 2897 diversis
2048 2835 2119 2897 in
2156 2836 2331 2898 locis
2368 2833 2445 2897 P.
2477 2834 2809 2898 Andreas
2836 2836 2971 2898 hoc
3000 2835 3122 2900 Sa·

663 2949 1026 3003 eramento
1076 2950 1182 3003 est
1233 2942 1663 3019 consolatus;
1717 2939 2179 3022 effectumque
2229 2949 2334 3004 est
2384 2940 2517 3004 Dei
2564 2943 2829 3021 gratia,
2875 2952 2950 3005 ut
2979 2960 3123 3006 non

666 3048 897 3128 pauci,
939 3048 1057 3128 qui
1096 3048 1343 3128 procul
1386 3048 1473 3110 ab
1505 3048 1673 3110 ovili
1721 3047 1984 3110 Christi
2019 3048 2406 3127 vagabant,
2450 3048 2701 3128 pedem
2739 3066 3117 3112 revocave-

657 3156 824 3235 rint;
857 3166 928 3219 et
957 3155 1158 3218 multi
1190 3157 1303 3218 vel
1334 3155 1750 3235 religionem
1780 3155 2086 3235 ingressi
2127 3164 2320 3234 sunt,
2353 3157 2468 3218 vel
2499 3156 2802 3236 idipsum
2831 3172 3132 3235 magno-ff

658 3281 827 3344 pere
874 3263 1325 3343 expetebant.
1368 3262 1812 3326 Exstiterunt
1850 3272 2084 3325 autem
2125 3264 2496 3341 generales
2536 3263 2811 3343 aliquae
2851 3262 3128 3326 confes—

663 3371 901 3433 siones
941 3380 1010 3433 et
1047 3370 1599 3450 aegrotantium,
1643 3370 1896 3449 quibus
1925 3371 2221 3433 multum
2248 3370 2634 3450 spiritualis
2671 3371 3126 3434 emolumenti

661 3497 753 3540 ex
774 3477 911 3540 hoc
938 3476 1223 3557 pietatis
1256 3476 1483 3540 officio
1515 3476 1819 3539 accessit
1838 3474 1885 3535 ².

738 3583 913 3648 257.
1011 3584 1291 3647 Civium
1337 3600 1655 3647 summus
1696 3582 1902 3646 favor
1954 3592 2127 3663 erat,
2180 3583 2368 3664 quod
2419 3585 2593 3647 satis
2638 3584 2787 3665 J‘am
2828 3584 2990 3648 inde
3033 3586 3135 3648 ab

668 3692 863 3755 initio
895 3691 1135 3755 testati
1164 3701 1349 3770 sunt,
1385 3690 1809 3754 catervatim
1838 3689 1929 3752 ad
1958 3699 2244 3753 nostros
2272 3691 2711 3771 accedentes,
2745 3702 2815 3755 et
2843 3709 2985 3755 non
3015 3709 3124 3755 so-

666 3801 810 3862 lum
841 3798 928 3862 de
959 3797 1271 3862 adventu
1292 3797 1662 3878 Neapolim
1691 3805 1978 3860 nostros
2015 3799 2623 3878 congratulanteS,
2659 3801 2784 3862 sed
2813 3817 3125 3863 summas

673 3904 828 3969 Deo
857 3906 1132 3985 gratias
1161 3913 1455 3986 agentes
1488 3904 1675 3985 quod
1705 3904 1828 3967 tali
1865 3904 2204 3968 beneficio
2233 3922 2664 3986 magnopere
2693 3906 3130 3985 indigentem

670 4013 1031 4082 civitatem
1076 4013 1268 4076 illam
1318 4001 1693 4075 affecisset.
1743 4010 1892 4074 Nec
1939 4012 2260 4074 omittam
2296 4013 2483 4093 quod
2528 4013 2709 4076 inter
2749 4013 3139 4093 primarios

661 4121 859 4184 viros
885 4120 1171 4202 quidam
1200 4137 1283 4182 ea
1313 4120 1468 4200 ipsa
1496 4127 1728 4198 nocte,
1760 4136 1900 4198 qua
1928 4128 2272 4182 venerant
2293 4120 2519 4183 nostri
2547 4120 2936 4201 Neapolim,
2964 4137 3130 4185 cum

738 4325 755 4358 ¹
816 4324 1096 4377 Polancus,
1117 4336 1184 4368 ea·
1203 4336 1334 4368 com.
1351 4356 1367 4375 ,
1388 4324 1432 4367 N
1438 4326 1603 4368 icolao
1625 4324 1920 4378 Bobadilla,
1952 4327 2013 4369 de
2045 4326 2361 4381 expositione
2392 4326 2657 4371 doctrinae
2692 4327 3008 4371 christianae
3029 4327 3128 4371 ain—

660 4397 795 4448 gulis
816 4396 1082 4440 dominicis
1102 4396 1349 4450 festisque
1372 4396 1548 4439 diebus
1570 4396 1822 4447 facienda,
1846 4397 1874 4439 5
1892 4396 2081 4449 Martii;
2103 4396 2267 4441 eidem
2284 4397 2344 4440 de
2360 4398 2581 4440 lectione
2596 4396 2786 4441 Sacrae
2804 4397 3131 4452 Scripturae,

664 4468 874 4511 mittens
894 4467 1179 4522 Moguntini
1204 4468 1602 4511 commentaria
1622 4473 1790 4522 super
1806 4467 2025 4522 sonam,
2044 4470 2098 4511 26
2116 4469 2307 4512 Martii.

737 4539 761 4571 ⁸
819 4540 1100 4594 Polancus,
1125 4551 1190 4582 ex
1210 4527 1369 4591 com.)
1388 4539 1433 4582 N
1437 4540 1600 4583 icolao
1621 4539 1893 4583 Bobadilla
1914 4546 1966 4583 et
1986 4541 2226 4584 Andreae
2249 4543 2309 4583 de
2332 4540 2551 4595 Oviedo,
2573 4541 2792 4584 liberum
2813 4540 3021 4593 nostris,
3042 4541 3133 4594 qui

658 4612 958 4654 sacerdotes
988 4622 1088 4654 non
1123 4618 1269 4665 sunt,
1300 4612 1519 4665 relinqui
1550 4611 1736 4654 debere
1767 4618 1823 4654 ut
1854 4618 2220 4667 praeterquam
2256 4612 2308 4655 in
2340 4612 2604 4656 dominicis
2632 4613 3004 4666 (primariisque
3033 4623 3129 4666 per

658 4693 849 4725 annum
866 4682 1044 4726 diebus
1067 4683 1230 4736 sestis,
1252 4683 1369 4726 aliis
1391 4684 1551 4727 ctiam
1574 4682 1720 4727 festis
1736 4682 2101 4728 Eucharistiae
2123 4690 2504 4728 sacramentnm
2525 4684 2812 4739 accipiam,
2833 4685 2860 4727 5
2878 4683 3084 4728 Martiis
