3679 5414
1583 481 1713 539 ΑΝ.
1756 481 1899 539 1552
2860 483 2974 543 531

484 625 746 706 ‘lingua
794 644 967 707 prae
1017 627 1260 690 dolore
1310 645 1394 690 ac
1442 628 1781 709 lacrymis
1829 628 2149 708 proferre
2198 629 2422 691 verba
2470 646 2615 691 non
2665 639 2972 709 poterat,

488 735 724 798 ‘misso
755 736 951 814 prius
981 736 1166 798 clam
1196 752 1438 814 serv0,
1474 736 1593 816 qui
1623 736 2111 800 concionatori
2148 735 2356 800 fidem
2396 734 2598 799 daret
2630 737 2868 800 omnia
2898 755 2977 801 se

486 842 887 921 facturum,
920 851 1301 923 antequam
1330 843 1423 906 ad
1451 851 1870 923 suggestum
1906 844 2021 906 ille
2063 844 2512 921 accessisset,
2558 862 2700 907 non
2743 844 2979 907 ferens

492 950 721 1013 ·animi
752 949 1066 1012 dolorem
1096 958 1165 1013 et
1194 951 1622 1030 angustiam,
1658 968 1796 1031 qua
1824 950 2309 1030 premebatur,
2346 968 2524 1014 voce
2554 960 2821 1031 quanta
2862 970 2979 1033 po-

506 1058 640 1121 tuit
690 1058 1004 1120 maxima
1056 1055 1518 1121 exclamavit:
1569 1058 1757 1138 Ego,
1812 1057 2149 1138 Domine,
2200 1058 2462 1122 faciam
2514 1059 2702 1139 quod
2755 1061 2976 1123 voles,

490 1163 708 1228 'Tunc
752 1165 1240 1245 concionator,
1282 1165 1401 1246 qui
1445 1183 1699 1229 vocem
1741 1165 1894 1246 ejus
1921 1183 2064 1228 non
2093 1177 2517 1246 agnoverat,
2551 1167 2715 1230 licet
2748 1168 2982 1247 ipsum

506 1273 817 1335 maxime
857 1280 1158 1352 peteret,
1201 1281 1270 1335 et
1311 1272 1499 1353 quiS,
1534 1273 1789 1353 inquit,
1832 1281 1909 1336 tu
1951 1275 2067 1337 es?
2103 1272 2292 1352 Eg0,
2333 1273 2561 1353 inquit
2590 1274 2736 1353 ille,
2772 1272 2980 1338 Seba-

496 1380 783 1442 stianus
845 1379 1303 1443 AnsaloniUS.
1379 1379 1660 1459 Quanta
1719 1380 1809 1443 ad
1875 1381 2061 1444 hanc
2126 1398 2377 1445 vocem
2441 1381 2666 1444 mixta
2721 1381 2984 1446 fuerint

500 1487 827 1549 ·omnium
854 1487 1193 1567 lacrymis
1222 1487 1517 1566 gaudia,
1552 1505 1830 1564 eorum,
1867 1488 1985 1568 qui
2029 1495 2293 1551 statum
2337 1486 2487 1568 ejus
2525 1488 2985 1570 habitumque

494 1603 893 1671 noverant,
956 1593 1091 1656 Dei
1156 1594 1717 1658 misericordiam
1785 1595 2379 1674 collaudantium,
2443 1597 2786 1677 explicari
2839 1615 2986 1661 non

506 1711 770 1781 posset.
808 1700 1110 1764 Ostensa
1139 1702 1357 1781 igitur
1385 1704 1646 1782 populo
1681 1719 1893 1765 cruce
1934 1711 2002 1765 et
2041 1704 2388 1766 concione
2419 1703 2721 1768 feliciter
2751 1703 2986 1769 dimis-

496 1826 630 1887 ·sa,
663 1809 993 1889 promissi
1023 1826 1471 1890 nequaquam
1502 1807 1964 1873 Sebastianus
2001 1810 2373 1873 immemor
2403 1813 2987 1875 concionatorem

517 1935 557 1979 e
605 1925 949 1995 suggestu
997 1916 1540 1979 descendentem
1589 1926 2016 1996 exspectans
2060 1917 2131 1979 in
2173 1918 2356 1980 atrio
2399 1919 2643 1997 templi
2688 1937 2987 1999 eumque

520 2023 995 2102 amplexatus,
1030 2023 1325 2102 negavit
1362 2040 1437 2084 se
1477 2040 1519 2086 a
1557 2023 1760 2086 nobis
1799 2024 2188 2103 exiturum,
2234 2024 2458 2088 donec
2505 2044 2687 2105 quae
2729 2027 2986 2106 promi·

502 2140 743 2208 serat,
802 2130 1296 2210 praestitisset.
1358 2129 1596 2193 Missis
1653 2147 1826 2209 ergo
1884 2123 2137 2194 litteris
2186 2132 2277 2194 ad
2334 2131 2708 2197 Vicarium
2763 2134 2984 2212 urbis,

506 2238 726 2301 'fratri
769 2255 895 2300 suo
940 2238 1075 2315 (cui
1104 2239 1370 2300 laetum
1400 2238 1780 2302 admodum
1819 2238 1949 2301 fuit
1979 2238 2113 2301 hoc
2152 2239 2543 2318 nuncium),
2580 2240 2728 2303 suis
2773 2242 2987 2304 etiam

506 2345 679 2407 ·aliis
722 2345 1207 2423 renunciavit,
1253 2344 1391 2407 nisi
1434 2344 1566 2407 sibi
1609 2345 2035 2407 assentirent
2078 2354 2153 2408 ut
2182 2346 2368 2408 hanc
2398 2344 2728 2425 injuriam
2761 2348 2988 2411 dimit·

522 2461 736 2531 teret,
789 2446 999 2514 domo
1050 2469 1125 2514 se
1177 2460 1423 2514 nostra
1482 2470 1623 2514 non
1672 2468 2158 2530 egressurum;
2210 2453 2589 2533 statimque
2636 2455 2990 2518 advocato

507 2559 758 2622 ·scriba
789 2560 1101 2639 publico,
1137 2567 1283 2621 tam
1312 2559 1480 2638 illis,
1516 2559 1730 2639 quiin
1758 2576 2049 2621 carcere
2074 2577 2203 2623 sua
2227 2576 2446 2623 causa
2471 2562 2989 2636 detinebantur,

504 2685 741 2748 *quam
790 2667 1023 2730 missis
1074 2666 1146 2729 in
1203 2667 1523 2743 exilium,
1585 2667 1805 2731 libero
1860 2666 2208 2749 hilarique
2263 2668 2500 2732 animo
2559 2687 2636 2733 se
2693 2687 2991 2751 parcere

522 2784 829 2838 testatus
856 2784 986 2853 est;
1014 2784 1083 2837 et
1113 2776 1249 2838 hoc
1280 2792 1493 2838 onere
1523 2777 1801 2839 levatus
1831 2775 1918 2838 de
1950 2775 2348 2839 confitendo
2381 2778 2700 2856 cogitare
2732 2779 2987 2859 coepit;

513 2889 907 2962 ‘tantusque
964 2900 1125 2945 eum
1180 2883 1457 2963 peccati
1518 2883 1842 2945 mortalis
1893 2884 2127 2964 coepit
2176 2885 2463 2963 horror,
2528 2885 2715 2965 quod
2777 2886 2992 2948 incul-

510 3000 824 3052 caverat
876 2990 1340 3053 concionator
1392 2977 1644 3053 mort'is
1674 2989 1936 3053 Christi
1966 3007 2261 3053 causam
2293 2991 2544 3070 fuisse,
2588 3003 2664 3055 ut
2704 3010 2781 3054 se
2821 3010 2993 3055 nun·

527 3086 745 3177 quam
777 3097 1110 3177 deinceps
1153 3099 1450 3160 mortale
1490 3106 1866 3177 peccatum
1910 3098 2456 3162 commissurum
2495 3109 2995 3163 asseveranter

517 3204 827 3280 ·diceret;
865 3206 1081 3268 immo
1112 3222 1286 3267 vero
1318 3212 1576 3267 octavo
1622 3222 1900 3285 quoque
1941 3205 2052 3268 die
2097 3222 2172 3267 se
2203 3205 2720 3269 confessurum.

647 3313 790 3376 279.
877 3312 1204 3392 Replevit
1232 3311 1440 3391 hujus
1469 3313 1574 3375 rei
1601 3311 1795 3375 fama
1824 3330 1968 3375 non
1997 3311 2404 3374 Messanam
2444 3312 2656 3376 modo
2695 3314 2822 3376 sed
2850 3332 2992 3377 ma-

518 3437 749 3501 ·gnam
779 3421 992 3483 etiam
1022 3419 1304 3482 Siciliae
1343 3428 1640 3499 partem.
1696 3417 1867 3498 Ejus
1907 3419 2396 3498 adversariuS,
2444 3420 2778 3483 factionis
2830 3422 2995 3484 alte-

529 3529 678 3592 rius
719 3537 962 3607 caput,
1019 3528 1137 3608 qui
1175 3527 1246 3589 in
1291 3543 1581 3589 carcere
1622 3526 2089 3605 detinebatur,
2138 3528 2422 3606 roganti
2453 3527 2572 3591 uni
2614 3547 2704 3591 ex
2744 3546 2996 3591 conne-

532 3636 644 3699 xis
679 3633 694 3666 ¹
725 3635 891 3715 quid
921 3635 1055 3697 sibi
1086 3634 1360 3697 consilii
1391 3633 1614 3712 daret,
1650 3651 1725 3696 se
1756 3634 1948 3696 enim
1987 3634 2226 3697 odium
2269 3635 2342 3696 in
2383 3635 2759 3715 quemdam
2799 3653 2997 3699 exer·

517 3760 717 3821 ·cere,
750 3744 933 3805 velle
963 3751 1201 3804 tamen
1231 3740 1759 3803 communicare
1791 3749 1860 3803 et
1891 3739 2224 3820 injuriam
2254 3741 2682 3823 condonare,
2710 3760 2998 3823 respon·

519 3851 736 3913 derat
767 3850 1164 3913 institutum
1193 3844 1344 3928 ejus
1373 3848 1731 3911 laudando
1762 3857 1832 3910 et
1862 3858 1936 3911 ut
1973 3848 2377 3928 perficeret,
2413 3850 2601 3930 quod
2641 3851 2997 3929 cogitave-

520 3966 679 4037 rat,
715 3974 875 4020 eum
906 3957 1227 4019 hortatus
1256 3966 1386 4024 est.
1420 3956 1524 4018 Eo
1555 3964 1794 4018 autem
1824 3955 2181 4035 digresso,
2226 3955 2315 4019 ad
2357 3975 2433 4020 se
2475 3970 2867 4020 conversus
2913 3975 3000 4020 ac

522 4082 611 4128 ·se
642 4065 1107 4152 compellanS,
1142 4063 1317 4125 heus
1348 4072 1456 4142 tu,
1488 4062 1745 4142 inquit,
1791 4062 1911 4142 qui
1950 4061 2105 4125 aliis
2145 4071 2292 4126 tam
2327 4064 2547 4143 probe
2601 4064 2789 4126 nosti
2835 4073 2999 4126 con-

520 4171 768 4235 ”silium
799 4172 1001 4246 dare,
1037 4187 1163 4233 cur
1191 4188 1335 4232 non
1364 4178 1433 4232 et
1474 4169 1686 4233 saluti
1713 4178 1881 4232 tuae
1910 4170 2298 4249 prospicis?
2327 4171 2414 4233 Et
2446 4171 2557 4233 his
2588 4170 2827 4250 dictis,
2864 4180 3002 4234 sta-

534 4280 668 4342 tuit
698 4256 1047 4356 confiteri3
1082 4287 1149 4340 et
1181 4278 1291 4340 die
1319 4277 1521 4359 Jovis
1549 4276 1793 4340 Sancti
1823 4277 2412 4357 communicavit,
2462 4288 2783 4341 statuens
2813 4280 3002 4359 apud

521 4404 613 4449 ·se
652 4395 952 4448 mortem
991 4386 1062 4447 in
1105 4392 1562 4465 peccatorum
1603 4385 2114 4464 poenitentiam
2154 4385 2559 4463 admittere,
2604 4386 2666 4447 si
2706 4384 2842 4449 Dei
2881 4403 3004 4449 vo·

532 4495 772 4556 luntas
801 4494 900 4556 ita
929 4493 1144 4555 ferret
1174 4501 1243 4554 et
1274 4491 1646 4555 Ansalonii
1677 4492 1748 4555 id
1778 4494 2074 4569 vellent;
2127 4509 2326 4568 nam,
2374 4491 2562 4573 quod
2592 4492 2684 4555 ad
2724 4508 2800 4553 se
2845 4493 2999 4555 atti·

508 4721 515 4727 ’
584 4734 638 4787 [ί
696 4732 815 4789 Uni,
838 4733 1053 4784 scilicet,
1080 4744 1142 4774 ex
1164 4732 1239 4785 iis,
1259 4732 1343 4786 qui
1365 4732 1414 4775 in
1436 4733 1611 4776 eodem
1631 4743 1691 4777 ac
1716 4733 1825 4786 ipse
1849 4743 2061 4776 carcere
2085 4733 2413 4776 tenebantur.
