3679 5414
1591 410 1717 469 Au.
1763 409 1898 470 1551
2844 408 2984 468 ‚2399

517 558 825 622 dinalem
849 555 1156 620 Sanctae
1185 556 1434 620 Crucis
1456 555 1722 619 curabo
1735 555 2218 634 apostolicum
2238 554 2474 619 Breve
2502 562 2675 617 utte
2704 570 2982 619 mecum

516 665 888 729 deducam.
931 663 1022 727 Et
1050 663 1247 744 prius
1277 663 1561 743 quidem
1597 680 1849 727 verum
1880 662 2057 741 suit3
2098 679 2485 743 numquam
2522 661 2709 725 enim
2748 661 2981 726 existi·

519 773 745 836 mavit
773 771 849 835 P.
882 771 1204 851 Ignatius
1232 770 1567 850 expedire
1610 779 1685 832 ut
1727 787 1819 833 ex
1855 769 2121 833 nostris
2152 769 2468 850 aliquem
2494 769 2663 832 huic
2690 767 2982 832 Archie·

517 881 810 962 piscopo
840 878 1065 956 daret,
1098 878 1219 957 qui
1249 877 1520 941 amicus
1542 886 1696 940 erat
1725 875 2133 955 Societatis;
2161 877 2286 940 sed
2312 894 2458 940 non
2487 876 2863 939 videbatur
2892 875 2983 940 ad

521 985 897 1051 Societatis
929 985 1304 1048 utilitatem
1328 982 1382 1063 ¹;
1425 984 1778 1064 posterius
1816 993 2055 1048 autem
2091 1001 2235 1047 non
2269 984 2374 1047 illi
2410 982 2776 1059 successit,
2818 982 2985 1054 Quia

521 1111 666 1158 non
695 1093 794 1156 illi
823 1109 1241 1156 concessum
1269 1091 1399 1154 fuit
1428 1090 1696 1155 Romae
1725 1090 1914 1172 quod
1942 1091 2246 1172 petebat.

687 1412 814 1476 DE
862 1412 1119 1476 DUCE
1155 1411 1588 1476 GANDIAE
1624 1411 1752 1476 AC
1791 1409 2255 1476 COLLEGIO
2297 1368 2827 1475 OGNATENSI

649 1630 791 1693 269.
879 1628 1169 1691 Dictum
1197 1628 1327 1691 fuit
1356 1629 1683 1709 superius
1713 1628 1986 1691 Ducem
2016 1627 2220 1691 Pisas
2259 1628 2468 1691 simul
2500 1645 2664 1690 cum
2692 1626 2770 1689 P.
2807 1627 2989 1708 Lay-

529 1756 659 1801 nez
685 1735 1120 1819 pervenisse,
1154 1736 1276 1799 ubi
1304 1734 1602 1814 Collegii
1622 1735 1841 1798 futuri
1862 1734 2226 1814 negotium
2246 1751 2671 1813 promovere
2699 1734 2991 1797 studuit.

532 1844 712 1909 Cum
741 1852 981 1907 autem
1008 1842 1537 1923 perhumaniter
1567 1842 1655 1905 ab
1685 1841 1822 1905 illis
1846 1841 2163 1905 Ducibus
2186 1850 2371 1905 esset
2399 1850 2760 1920 exceptuS,
2794 1842 2991 1905 trire-

532 1969 718 2015 mem
775 1949 1156 2031 quamdam
1212 1958 1564 2012 armatam
1620 1948 2028 2028 (galeotam
2084 1948 2382 2027 vocant)
2434 1948 2617 2012 Duci
2673 1948 2995 2013 Gandiae

533 2059 964 2135 obtulerunt,
1001 2067 1075 2120 ut
1105 2073 1198 2119 ex
1225 2065 1436 2135 portu
1472 2055 1655 2119 Pisis
1685 2056 1924 2119 vicino
1956 2053 2280 2119 Genuam
2307 2073 2528 2136 usque
2559 2055 3000 2119 commodius

534 2183 697 2229 cum
743 2182 874 2228 sua
915 2163 1183 2227 familia
1220 2164 1630 2243 navigaret3
1673 2172 1742 2226 et
1779 2163 1880 2225 ita
1928 2162 2001 2224 16
2038 2163 2150 2226 die
2188 2162 2558 2226 Februarii
2594 2163 2688 2226 ad
2715 2171 2998 2243 portum

535 2274 729 2336 illum
757 2289 834 2335 se
865 2272 1333 2335 contulerunt.
1368 2268 1619 2333 Effecit
1649 2279 1887 2333 tamen
1927 2270 2268 2349 temporis
2298 2271 2648 2348 asperitas
2687 2278 2763 2332 ut
2800 2270 2994 2333 trire-

445 2464 448 2469 ⁴
533 2380 669 2444 mis
698 2378 1066 2443 commode
1096 2378 1443 2458 navigare
1472 2395 1618 2439 non
1644 2386 1911 2458 posset,
1946 2386 2015 2440 et
2045 2376 2202 2440 ideo
2232 2377 2553 2439 terrestri
2576 2377 2826 2440 itinere
2853 2395 2999 2440 non

538 2488 690 2550 sine
713 2486 953 2549 labore
977 2484 1302 2549 Genuam
1323 2493 1819 2564 pervenerunt.
1848 2483 2257 2564 Reliquerat
2281 2494 2515 2547 tamen
2530 2494 2808 2564 partem
2830 2502 3007 2548 suae

536 2594 845 2658 familiae
862 2610 1024 2656 cum
1037 2592 1258 2655 fratre
1280 2600 1524 2654 nostro
1542 2591 1906 2655 Bernardo
1923 2590 2127 2671 Pisis,
2154 2603 2230 2654 ut
2251 2600 2663 2672 exspectato
2687 2600 3010 2672 tempore

543 2700 1041 2766 commodioris
1078 2698 1592 2780 navigationiS,
1636 2699 1707 2762 in
1740 2699 1861 2762 illa
1888 2698 2161 2763 triremi
2192 2697 2517 2763 Genuam
2556 2699 3007 2779 navigarent,

542 2808 730 2892 quod
759 2808 822 2871 si
851 2816 1239 2888 tempestas
1277 2806 1346 2869 id
1387 2825 1529 2870 non
1567 2806 2027 2887 permitteret,
2076 2815 2151 2869 ut
2190 2806 2512 2870 terrestri
2539 2806 2790 2870 itinere
2820 2807 3008 2871 Leri-

543 2935 699 2981 cem
746 2924 1148 2997 pergerent,
1203 2923 1271 2977 et
1319 2914 1482 2977 inde
1531 2915 1982 2993 navigarent3
2030 2914 2215 2994 quod
2260 2931 2421 2977 cum
2464 2914 2820 2993 fecissent,
2864 2923 3013 2977 tam

542 3023 730 3088 seria
774 3031 1194 3103 tempestate
1238 3019 1490 3101 jactati
1538 3029 1723 3100 sunt,
1765 3029 1843 3084 ut
1880 3020 2061 3083 Pisis
2105 3021 2372 3084 dictum
2409 3021 2620 3084 fuerit
2664 3019 3017 3083 Ducissae

545 3149 790 3195 omnes
830 3130 1047 3193 fuisse
1089 3128 1518 3192 submersos.
1561 3127 1818 3191 Postea
1861 3137 2100 3191 tamen
2141 3126 2291 3207 ejus
2327 3127 2767 3192 Secretarius
2805 3127 3011 3205 dixit,

541 3238 911 3317 navigium
948 3235 1228 3315 quidem
1267 3235 1582 3315 periisse,
1616 3235 1742 3298 sed
1785 3252 2031 3298 omnes
2059 3235 2379 3298 homines
2417 3235 2625 3298 vivos
2664 3235 3009 3313 evasisse3

547 3356 615 3410 et
645 3346 743 3408 ita
776 3344 1057 3423 accidit,
1092 3343 1306 3406 immo
1336 3361 1424 3406 ne
1457 3342 1528 3406 id
1557 3341 1860 3423 quidem,
1896 3342 2085 3423 quod
2112 3359 2358 3406 secum
2384 3342 2729 3421 ferebant,
2765 3341 3018 3405 amise-

549 3461 736 3532 runt,
771 3452 937 3532 quia
969 3457 1359 3530 opportune
1390 3449 1528 3512 illis
1550 3451 1976 3513 subventum
2004 3458 2131 3513 est.

669 3557 813 3621 270.
900 3556 1270 3636 Vigesima
1300 3556 1611 3620 secunda
1640 3555 2011 3619 Februarii
2040 3556 2365 3620 Genuam
2392 3563 2821 3637 pervenerat
2846 3554 3018 3619 Dux

553 3666 875 3756 Gandiae
904 3682 1068 3752 cum
1097 3681 1225 3727 suo
1256 3664 1623 3742 comitatu,
1673 3681 1881 3743 quem
1922 3663 2166 3727 statim
2196 3664 2451 3728 Comes
2480 3662 2867 3743 PhilippuS,
2899 3680 3022 3726 no-

553 3774 740 3838 mine
789 3771 1129 3853 principis
1180 3769 1426 3850 Doria,
1482 3770 1866 3834 salutatum
1917 3771 2135 3849 venit3
2186 3789 2415 3851 neque
2458 3771 2645 3834 enim
2687 3771 3021 3852 princeps

554 3883 705 3962 ipse
734 3880 1021 3943 domum
1061 3877 1303 3958 egredi
1331 3886 1641 3958 poterat,
1675 3878 1842 3958 quia
1880 3896 2060 3942 uxor
2085 3878 2272 3941 illius
2300 3878 2548 3958 paucis
2577 3887 2743 3941 ante
2777 3878 3027 3942 diebus

557 3997 856 4053 mortem
899 3986 1192 4049 obierat.
1234 3983 1457 4048 Simul
1494 4002 1666 4064 ergo
1707 4002 1870 4048 cum
1913 3985 2186 4065 Legato
2246 3984 2732 4066 ImperatoriS,
2777 3985 2897 4064 qui
2937 3986 3030 4048 ad

639 4228 657 4260 ¹
714 4225 849 4271 Erat
869 4226 1073 4280 quidem
1093 4225 1220 4270 utile
1241 4226 1577 4270 Armaehano
1596 4225 1855 4280 Episcopo
1875 4225 2085 4281 ejusque
2101 4226 2323 4270 dioecesi
2345 4231 2401 4270 ut
2423 4226 2583 4271 Pater
2613 4227 2771 4271 Viola
2788 4259 2799 4280 ‚
2830 4227 3033 4270 aliusve

559 4300 622 4343 de
644 4297 908 4343 Societate
931 4299 982 4341 in
1003 4297 1306 4341 Hiberniam
1324 4310 1379 4342 ae
1402 4297 1662 4341 conferret
1684 4304 1736 4341 et
1758 4298 1807 4341 in
1826 4309 1888 4342 ea
1904 4298 2186 4342 excolenda
2208 4300 2394 4342 bonum
2413 4299 2720 4343 Antistitem
2735 4299 3034 4354 adjuvarem

559 4371 650 4415 sed
672 4375 884 4425 propter
915 4370 1280 4424 perturbatum
1299 4370 1522 4413 maxime
1553 4370 1869 4424 reipublicae
1899 4375 2094 4413 statum
2131 4370 2181 4413 iu
2217 4370 2306 4414 illa
2340 4370 2551 4425 regione
2586 4371 2727 4414 uuna
2760 4381 2878 4423 spes
2913 4374 3038 4412 tunc

562 4442 809 4497 temporis
830 4448 946 4485 erat
967 4442 1076 4485 fore
1098 4448 1156 4485 nt
1176 4443 1352 4495 plures
1372 4441 1435 4484 de
1458 4439 1719 4485 Societate
1741 4442 1894 4485 simul
1916 4441 1987 4485 ibi
2006 4441 2256 4496 degerent
2289 4447 2342 4485 et
2371 4443 2525 4497 juxta
2546 4442 2624 4485 sui
2646 4441 2869 4485 instituti
2891 4441 3038 4494 leges

491 4515 498 4521 ‘
562 4521 616 4559 et
649 4514 893 4557 viverent
927 4520 979 4557 et
1014 4513 1303 4558 ministeria
1337 4520 1668 4568 exercerent3
1704 4514 1836 4557 unde
1867 4513 2139 4568 Judicabat
2171 4512 2407 4567 Ignatius
2444 4525 2545 4557 non
2585 4514 2716 4557 satis
2756 4512 3039 4556 societatis

563 4586 919 4638 sociorumque
941 4585 1037 4629 sibi
1060 4585 1443 4629 commissorum
1464 4585 1595 4628 bono
1615 4585 1808 4629 consuli
1825 4585 1869 4628 si
1884 4596 2013 4628 unus
2031 4585 2234 4628 alterve
2253 4585 2303 4629 in
2320 4584 2465 4629 illam
2479 4585 2701 4629 insulam
2717 4584 3038 4628 mitteretur.

566 4656 718 4700 Cons-
739 4656 940 4708 Hoc-Ax,
959 4656 1227 4700 Hibernia
1248 4655 1541 4710 Ignatiana
1554 4688 1569 4707 ,
1587 4667 1620 4700 a
1640 4667 1759 4712 pag.
1782 4657 1853 4700 1.⁸
1872 4657 1940 4702 ad
1959 4656 2096 4701 los-³
