3679 5414
684 415 792 473 712
1597 414 1876 475 Cimon.
1897 412 2052 474 Soc.
2093 415 2233 488 Jas.

684 564 847 626 aula
879 571 1091 626 notus
1120 561 1322 640 erat);
1355 561 1719 642 respondit
1749 562 1816 625 ei
1843 560 1919 624 P.
1947 559 2006 624 F
2007 562 2377 626 ranciscus
2399 562 2591 625 aliud
2613 579 2690 625 se
2710 562 2985 626 nescire
3007 562 3158 627 nisi}

684 670 873 751 quod
905 670 995 733 ad
1017 668 1627 749 peregrinationes
1650 668 1866 748 aliqui
1888 668 2089 733 missi
2107 677 2364 748 essent,
2392 668 2572 732 inter
2595 687 2772 749 quos
2793 670 2909 733 ille
2930 668 3145 733 Dida-

685 794 810 840 cus
845 776 1098 839 fuerat.
1132 774 1242 838 De
1274 774 1580 838 Domino
1611 774 2008 838 Theutonio
2039 774 2291 839 deinde
2319 784 2776 855 percontatus
2797 785 2927 855 est,
2954 778 3159 857 quod·

684 884 1128 946 intellexerat
1158 882 1229 945 in
1260 880 1570 945 Castella
1609 883 1923 961 versari,
1967 891 2036 945 et
2075 882 2357 963 quidem
2406 900 2657 963 parum
2707 892 3154 951 contentum.

684 989 1028 1054 satisfecit
1058 990 1122 1052 ei
1153 989 1225 1052 in
1254 989 1391 1051 hac
1420 998 1643 1068 parte.
1680 989 1923 1052 Tertio
1954 989 2041 1052 de
2070 989 2145 1052 Ρ.
2179 988 2525 1053 Michaele
2555 988 2822 1054 Gomez
2851 989 3026 1054 dixit
3065 1009 3154 1057 se.

683 1096 1114 1161 intellexisse
1144 1096 1331 1177 quod
1361 1097 1542 1158 male
1579 1105 1923 1175 exceptus
1960 1096 2224 1176 fuerat,
2259 1106 2328 1160 et
2357 1097 2636 1176 magnis
2675 1096 2948 1178 injuriis
2980 1098 3144 1163 affe-

683 1214 842 1269 ctus
871 1223 915 1268 a
944 1202 1321 1267 Societate:
1353 1203 1719 1283 respondit
1751 1202 1808 1265 F
1810 1203 2184 1267 ranciscus
2211 1204 2401 1284 quod
2429 1222 2545 1268 res
2576 1205 2901 1268 habebat.
2943 1206 3162 1270 Tunc

684 1311 979 1394 subjecit
1008 1311 1184 1375 Rex:
1219 1311 1433 1375 audio
1474 1311 1663 1392 quod
1702 1311 2079 1391 pecuniam
2118 1329 2209 1374 ex
2248 1312 2385 1374 hoc
2425 1330 2645 1392 regno
2685 1313 2970 1376 mittunt
3009 1312 3144 1377 Ro-

683 1437 873 1483 mam
903 1428 972 1483 et
1001 1420 1214 1482 etiam
1244 1419 1587 1498 homineS,
1620 1419 1834 1482 immo
1859 1428 1928 1482 et
1948 1419 2520 1483 constitutionem
2541 1408 2920 1500 quamdam
2945 1439 2987 1483 a
3010 1421 3150 1484 Ge·

682 1528 907 1590 nerali
958 1527 1372 1607 Praeposito
1411 1527 1679 1590 factam
1722 1544 1880 1590 esse
1919 1535 1995 1589 ut
2032 1526 2403 1590 transferri
2447 1527 2670 1606 possit
2715 1529 3015 1607 pecunia
3054 1530 3161 1592 ab·

685 1651 824 1697 uno
854 1635 1011 1697 loco
1043 1635 1115 1696 in
1146 1634 1381 1712 alium,
1415 1643 1485 1697 et
1518 1633 1809 1697 addidit:
1842 1633 2117 1696 scribas
2146 1634 2210 1697 ei
2246 1651 2336 1696 ne
2377 1635 2514 1697 hoc
2555 1633 2804 1715 faciat;
2851 1636 2915 1700 si
2955 1638 3155 1700 enim·

683 1741 952 1819 fecerit,
986 1757 1120 1819 ego
1165 1741 1253 1803 ab
1307 1740 1776 1821 eleemosynis
1832 1739 2172 1804 Societati
2222 1740 2569 1805 faciendis
2607 1741 2965 1808 desistam.
3011 1744 3152 1807 Re·-

683 1849 966 1929 spondit
996 1849 1071 1912 P.
1106 1848 1535 1911 Franciscus
1564 1848 1917 1928 Enriquez
1945 1856 2221 1911 tantum
2250 1848 2500 1912 abesse
2536 1858 2612 1912 ut
2640 1850 2944 1929 pecunia
2974 1850 3103 1915 Por
3123 1887 3148 1898 =

685 1956 1020 2034 tugalliae
1048 1954 1351 2027 Romam
1366 1956 1782 2034 mitteretur,
1812 1964 1888 2018 ut
1912 1955 2127 2018 etiam
2151 1955 2242 2018 ad
2264 1955 2811 2020 Procuratorem
2833 1956 3154 2022 Genera*

683 2064 819 2126 lem
849 2072 1126 2143 partem
1164 2063 1474 2143 aliquam
1517 2062 1609 2125 ad
1652 2071 1976 2141 sumptus
2021 2063 2507 2126 necessariam
2546 2064 2824 2128 mittere
2861 2082 3142 2129 recusa-

683 2178 863 2248 rent;
895 2180 964 2233 et
994 2170 1080 2233 de
1110 2169 1617 2233 constitutione
1648 2168 2012 2249 respondit
2043 2170 2142 2232 ita
2172 2186 2249 2232 se
2279 2170 2672 2249 intelligere
2703 2181 2777 2234 ut
2820 2171 3142 2252 Collegia

681 2278 888 2340 unius
915 2276 1350 2356 provinciae,
1385 2293 1565 2356 quae
1595 2274 1936 2338 reditibus
1968 2275 2430 2355 abundarent,
2468 2287 2758 2359 possent
2789 2278 2932 2341 alia
2964 2277 3146 2359 ejus-

686 2384 846 2446 dem
873 2383 1287 2464 provinciae
1321 2381 1596 2463 juvare.
1640 2382 1980 2445 Probavit
2021 2383 2156 2445 hoc
2195 2382 2382 2461 Rex,
2431 2383 2809 2448 dummodo
2848 2403 2887 2447 a
2920 2402 3159 2465 regno-

683 2508 810 2553 suo
861 2507 1002 2552 non
1052 2489 1566 2567 extraheretur;
1618 2497 1686 2551 et
1736 2488 2037 2567 Regina,
2092 2506 2273 2570 quae
2322 2507 2666 2569 praesens
2716 2501 2891 2570 erat,
2947 2493 3155 2556 nullo

683 2597 916 2672 mod0,
948 2596 1194 2677 inquit,
1228 2613 1358 2659 nec
1389 2596 1709 2659 homines
1738 2615 1870 2659 nec
1892 2597 2195 2677 pecunia
2226 2615 2314 2660 ex
2336 2598 2471 2661 hoc
2495 2615 2719 2677 regno
2747 2599 3146 2676 mittantur,

683 2704 848 2784 quia
878 2702 982 2766 eis
1009 2703 1125 2766 hic
1149 2721 1325 2783 opus
1348 2703 1689 2767 habemus
1717 2701 1757 2782 ¹3
1785 2714 1854 2766 et
1877 2703 2065 2782 quod
2089 2703 2180 2767 ad
2203 2714 2535 2768 externos
2559 2706 2831 2786 attinet,
2859 2707 2977 2787 qui
3001 2715 3155 2771 stu-

684 2812 780 2875 dii
805 2813 1039 2890 gratia
1071 2811 1144 2873 in
1171 2810 1678 2890 Portugalliam
1710 2811 2167 2874 mittebantur
2200 2812 2390 2889 (nam
2430 2811 2828 2876 affirmabat
2872 2813 3030 2877 Rex
3059 2825 3146 2878 eo

682 2919 939 2981 missos
969 2917 1172 2997 esse),
1208 2917 1408 2996 dixit,
1442 2926 1599 2998 post
1623 2917 2014 2980 adventum
2044 2917 2119 2980 Ρ.
2154 2918 2448 2981 Mironis
2479 2919 2833 3000 Valentia,
2869 2930 3015 2984 tres
3040 2920 3149 3001 ju-

682 3043 900 3089 venes
931 3025 1337 3104 ingeniosos
1367 3033 1435 3087 et
1448 3024 1714 3088 -doctos
1743 3024 2048 3104 venisse,
2085 3025 2205 3106 qui
2228 3026 2512 3104 optimis
2536 3026 2816 3091 dotibus
2839 3027 3149 3108 praediti.

683 3131 751 3194 in
782 3130 1220 3211 Portugallia
1252 3131 1545 3194 admissi
1566 3139 1750 3210 sunt,
1779 3149 1921 3194 non
1946 3139 2024 3193 ut
2046 3131 2574 3195 remitterentur
2605 3133 2676 3196 in
2699 3133 3150 3215 Hispaniam,

681 3237 807 3300 sed
835 3247 912 3301 ut
946 3238 1041 3302 ibi
1070 3246 1460 3301 manerent.
1499 3236 1575 3301 Si
1603 3238 1924 3301 mansuri
1962 3246 2158 3318 sunt,
2200 3238 2426 3318 inquit
2458 3238 2648 3318 Rex,
2687 3241 2867 3304 bene
2895 3249 3033 3320 est,
3077 3251 3146 3305 et

681 3345 924 3407 tacuit.
961 3344 1167 3424 Quod
1205 3344 1291 3408 de
1336 3344 1714 3408 ambitione
1754 3345 2185 3408 matrimonii
2224 3345 2576 3424 audierat,
2619 3355 2869 3426 postea
2907 3357 3152 3413 tamen

683 3451 1028 3514 intellexit
1059 3451 1247 3532 quod
1276 3452 1600 3532 superius
1630 3452 1961 3531 diximuS,
1993 3469 2140 3515 non
2176 3452 2403 3515 solum
2433 3452 2804 3532 ignorasse
2833 3454 2911 3517 Ρ.
2941 3455 3145 3535 Igna·

682 3558 856 3620 tium
885 3558 1009 3621 sed
1040 3558 1477 3638 improbasse
1506 3557 1753 3637 etiam,
1788 3575 1951 3621 cum
1980 3556 2265 3622 tandem
2294 3558 2365 3621 id
2392 3560 2614 3639 novit,
2649 3561 2836 3640 quod
2880 3561 3153 3627 factum

682 3674 867 3743 erat;
900 3674 969 3728 et
1000 3664 1262 3745 alioqui
1292 3664 1635 3728 intellexit
1664 3664 2194 3728 matrimonium
2223 3665 2393 3728 illud
2414 3667 2650 3745 potius
2673 3667 2748 3729 in
2773 3668 3154 3734 utilitatem

681 3770 969 3834 Domini
990 3771 1287 3854 Joannis
1309 3789 1524 3851 quam
1553 3771 1803 3834 domus
1823 3770 2141 3851 Loyolae
2165 3771 2498 3851 cessisse,
2526 3791 2687 3836 cum
2731 3775 3152 3853 magnitudo

682 3878 866 3941 dotis
896 3886 964 3941 et
986 3878 1319 3941 nobilitas
1343 3877 1557 3941 etiam
1579 3879 1667 3941 ab
1694 3877 2082 3941 illustribus
2104 3886 2174 3941 et
2194 3879 2599 3957 potentibus
2620 3881 2797 3944 viris
2819 3890 3154 3962 expeten-

682 3985 845 4047 dum
868 3983 1039 4047 illud
1064 3985 1591 4049 matrimonium
1617 3984 1976 4065 fecissent,
2005 4003 2168 4049 cum
2197 3995 2435 4049 tamen
2463 3986 2809 4052 Dominus
2837 3989 3149 4072 Joannes

682 4092 769 4155 de
792 4093 1054 4171 Borgia
1076 4094 1268 4155 nulla
1292 4092 1585 4155 haberet
1606 4092 1886 4156 stabilia
1909 4093 2117 4171 bona,
2135 4093 2260 4156 sed
2285 4103 2561 4158 tantum
2581 4097 3152 4176 praeceptoriam

684 4199 800 4262 vel
850 4199 1341 4262 commendam
1386 4198 1671 4262 Ordinis
1710 4198 1955 4262 Sancti
1998 4198 2281 4281 Jacobi,
2335 4218 2515 4280 quae
2567 4201 2656 4264 ad
2696 4219 3162 4267 successores

686 4305 971 4369 minime
1010 4306 1288 4369 transit.
1336 4304 1514 4369 Cum
1554 4304 1644 4368 ad
1676 4323 1883 4369 suum
1926 4306 2288 4386 negotium
2317 4308 2579 4371 rediret
2613 4307 2689 4371 P.
2723 4309 3163 4374 Franciscus

683 4412 1060 4493 Enriquez,
1081 4430 1223 4475 non
1246 4412 1544 4476 obtinuit
1567 4412 1756 4493 quod
1777 4413 2185 4492 postulabat
2206 4430 2291 4477 eo
2308 4415 2496 4494 quod
2511 4413 2661 4495 Jam
2678 4416 2767 4478 ab
2782 4415 2937 4496 ipso
2953 4416 3161 4498 Rege

768 4650 786 4683 ¹
847 4651 977 4694 Vide
1001 4659 1177 4695 annot.
1196 4664 1353 4706 supra
1374 4654 1467 4696 sub
1487 4663 1534 4696 n.
1556 4652 1652 4695 625.
