3679 5414
720 469 822 528 726
1634 472 1889 533 Canon.
1933 473 2085 534 soe.
2125 474 2263 548 Jes,

712 616 893 679 bene
923 617 1009 679 de
1038 616 1362 679 lusitanis
1391 626 1459 681 et
1491 618 2030 683 brasiliensibus
2059 619 2315 683 mereri
2353 617 2754 682 studebant.
2796 616 2878 680 In
2915 618 3180 698 praesi-

715 721 832 785 dio
862 723 1258 802 Illaeorum,
1290 740 1553 803 magno
1584 724 1935 790 desiderio
1967 735 2249 790 nostros
2289 725 2748 804 expetebant,
2791 733 2891 803 et,
2945 733 3020 787 ut
3063 724 3179 787 do·

715 846 910 893 mum
940 838 1345 894 nostrorum
1372 831 1715 895 haberent
1743 830 1906 896 cum
1928 833 2246 914 Collegio
2267 847 2669 913 puerorum,
2696 830 3035 911 quidquid
3059 831 3179 893 ha·

716 936 976 1000 bebant
1004 948 1332 1018 prompte
1362 937 1773 1003 offerebant.

835 1043 976 1108 663.
1063 1043 1412 1109 Dominus
1440 1045 1752 1111 Thomas
1782 1048 1870 1111 de
1899 1045 2076 1111 Sosa
2106 1049 2326 1111 multa
2356 1047 2571 1111 etiam
2604 1045 2888 1126 scripsit
2927 1044 3013 1108 de
3041 1044 3175 1122 his,

714 1167 897 1231 quae
927 1170 1054 1232 per
1081 1162 1365 1215 nostros
1394 1153 1469 1216 in
1498 1154 1802 1218 Brasilia
1831 1155 2287 1234 gerebantur,
2323 1163 2392 1218 et
2421 1154 2605 1217 inter
2633 1161 2919 1217 caetera
2966 1151 3175 1232 quod,

715 1277 879 1323 cum
909 1259 1195 1339 quidam
1224 1277 1313 1322 ex
1344 1261 1605 1324 nostris
1626 1260 1956 1325 Patribus
1979 1279 2194 1342 aegre
2219 1262 2599 1325 admodum
2620 1259 2837 1324 ferret
2860 1259 3180 1323 carnium

718 1366 1190 1430 humanarum
1220 1384 1417 1440 esum
1448 1368 1520 1430 in
1550 1369 1757 1448 pagis
1782 1368 2225 1448 quibusdam,
2249 1386 2429 1448 quos
2451 1367 2811 1447 visitabat,
2838 1383 2915 1430 se
2945 1366 3181 1445 flagel-

720 1473 807 1558 lis
834 1472 1111 1552 publice
1139 1491 1266 1553 per
1296 1490 1419 1537 eos
1447 1491 1676 1554 pagos
1706 1475 2071 1553 caedebat,
2120 1492 2204 1538 ac
2244 1474 2475 1539 Deum
2513 1484 2587 1538 ut
2634 1476 2847 1537 talem
2886 1474 3180 1537 abusum

718 1580 808 1642 ab
839 1580 941 1643 eis
968 1591 1368 1645 removeret
1398 1581 1851 1662 precabatur,
1886 1592 1954 1646 et
1985 1582 2499 1647 admirantibus
2522 1600 2648 1646 cur
2678 1581 2749 1646 id
2778 1581 3046 1645 faceret
3076 1599 3179 1645 re-

718 1687 1111 1768 spondebat
1140 1689 1327 1768 quod
1371 1689 1681 1769 seipsum
1717 1690 2055 1771 puniebat
2092 1700 2169 1753 ut
2210 1689 2556 1754 Dominus
2602 1689 2691 1752 ab
2733 1688 2836 1752 eis
2878 1688 3178 1770 punitio·

601 1857 612 1872 ,
721 1812 879 1858 nem
909 1812 1038 1874 pro
1069 1804 1222 1893 tam.
1243 1796 1453 1875 gravi
1479 1805 1777 1877 peccato
1810 1806 2232 1860 removeret.
2265 1798 2511 1861 Voluit
2534 1797 2774 1877 itaque
2798 1795 3041 1858 divina
3063 1796 3182 1858 bo-

719 1903 908 1965 nitas
937 1920 1098 1966 eum
1127 1904 1481 1966 consolari
1512 1903 1584 1966 in
1613 1904 1748 1967 illis
1772 1905 1969 1985 lociS,
1998 1922 2180 1985 quae
2202 1905 2572 1982 visitabat,
2602 1901 3185 1966 consuetudinem

715 2010 1176 2091 exstirpando
1209 2028 1422 2091 quam
1449 2011 1805 2074 habebant
1836 2011 2157 2075 homines
2182 2011 2551 2078 occidendi
2579 2018 2650 2073 et
2673 2011 2745 2073 in
2767 2010 2915 2073 suis
2944 2009 3184 2073 convi-

718 2117 856 2181 viis
885 2119 1165 2181 occisos
1193 2118 1467 2182 edendi.
1503 2117 1728 2182 Electi
1757 2118 1977 2183 etiam
2005 2118 2289 2181 suerunt
2318 2118 2535 2198 aliqui
2570 2135 2658 2181 ex
2687 2117 2806 2196 iis,
2844 2117 2965 2199 qui
3003 2117 3184 2179 chri·

717 2225 929 2288 stiam·
952 2242 1108 2288 esse
1137 2225 1500 2304 volebant;
1535 2225 1659 2288 sed
1689 2243 1780 2288 ex
1811 2225 1949 2288 illis
1979 2225 2195 2305 aliqui
2226 2225 2317 2288 ad
2347 2241 2583 2288 mores
2605 2224 2942 2304 pristinos
2964 2222 3183 2286 redie-

720 2341 916 2409 runt,
970 2333 1092 2395 alii
1133 2341 1685 2412 perseverarunt
1744 2333 1815 2394 in
1865 2331 2256 2395 christiana
2309 2332 2649 2412 religione
2701 2348 2785 2393 ac
2840 2330 3181 2406 moribuS‚

720 2439 1046 2521 quamvis
1075 2424 1145 2502 et
1173 2439 1309 2520 ipsi
1338 2457 1550 2520 saepe
1583 2440 2072 2518 aegrotabant,
2120 2448 2189 2502 et
2228 2439 2352 2502 filii
2395 2456 2637 2502 eorum
2669 2456 2810 2501 non
2834 2437 3050 2518 pauci
3093 2454 3183 2500 ex

716 2546 866 2610 vita
889 2545 1368 2624 discedebant;
1389 2546 1515 2609 scd
1538 2546 1608 2608 in
1635 2547 1929 2627 prioreS‚
1957 2547 2075 2626 qui
2100 2547 2190 2610 ad
2214 2547 2558 2610 vomitum
2581 2545 2961 2622 redierant,
2990 2561 3184 2607 mors

717 2654 1130 2718 saevissime
1161 2663 1493 2734 grassata
1524 2663 1632 2718 est
1662 2665 1807 2718 tam
1836 2653 1909 2717 in
1936 2653 2348 2735 parentibus
2370 2672 2585 2736 quam
2616 2654 2690 2717 in
2713 2652 2896 2732 filiis;
2928 2651 3183 2734 quibus

719 2760 857 2837 Dei
879 2760 1164 2841 judiciis
1204 2762 1536 2825 commoti
1574 2762 1797 2825 vitam
1836 2761 2316 2841 corrigebant.
2356 2759 2913 2824 Innumerabiles
2952 2767 3190 2822 autem

720 2888 811 2933 ex
835 2870 942 2949 iis,
963 2870 1082 2950 qui
1104 2870 1595 2950 aegrotabant,
1627 2869 2068 2933 orationibus
2096 2869 2388 2932 Patrum
2410 2868 2785 2933 Societatis
2815 2869 3195 2932 sanitatem

723 2987 1258 3058 recuperarunt.
2100 2956 2109 2963 ’

841 3083 983 3145 664.
1073 3083 1250 3147 Cum
1300 3093 1540 3147 autem
1580 3099 1883 3162 magnus
1928 3100 2263 3146 numerus
2300 3083 2823 3146 brasiliensium
2865 3083 2977 3146 die
3021 3099 3193 3162 quo-

723 3191 887 3254 dam
914 3191 1425 3271 baptizaretur,
1459 3191 2019 3271 sequentinocte
2049 3189 2334 3270 quidam
2357 3207 2603 3253 eorum
2626 3189 2977 3253 referebat
2995 3197 3195 3251 exta·

724 3298 881 3377 sim,
915 3299 989 3361 in
1018 3316 1154 3379 qua
1185 3299 1407 3362 multa
1437 3298 1523 3361 de
1552 3298 1924 3361 beatorum
1950 3296 2180 3377 gloria
2211 3297 2521 3375 viderat,
2550 3306 2618 3360 et
2656 3296 3006 3359 referebat
3048 3313 3197 3359 ma-

724 3422 869 3484 gno
899 3424 1060 3469 cum
1089 3405 1343 3469 affectu
1376 3405 1725 3487 quaedam
1756 3406 2188 3471 christianae
2216 3404 2379 3468 fidei
2408 3422 2745 3469 consona.
2773 3403 3073 3484 Quidam
3095 3402 3199 3465 in-

725 3523 836 3577 ter
883 3514 1262 3594 primarios
1310 3513 1793 3593 residentium,
1849 3516 2130 3578 nomine
2180 3514 2468 3591 Zachoi‚
2525 3530 2766 3594 quem,
2819 3520 3198 3592 propterea

727 3619 917 3701 quod
956 3620 1135 3683 duas
1180 3636 1441 3683 uxores
1478 3620 1794 3699 haberet,
1845 3621 1936 3684 ad
1976 3616 2402 3701 baptismum
2441 3618 2666 3682 nostri
2714 3636 2857 3683 non
2901 3617 3200 3681 admise-

727 3737 914 3807 rant,
948 3728 1234 3791 tandem
1263 3744 1526 3806 magna
1556 3744 1719 3790 cum
1749 3727 1868 3790 siti
1897 3728 1988 3790 ad
2019 3727 2356 3808 baptismi
2394 3744 2656 3807 aquam
2699 3723 3201 3806 postulandam

730 3835 948 3914 venit,
982 3833 1075 3898 ab
1102 3834 1623 3915 impedimentO,
1657 3852 1795 3914 quo
1827 3836 2023 3915 prius
2052 3834 2532 3914 detinebatur,
2564 3833 2775 3913 liber,
2825 3842 2894 3896 et
2934 3832 3205 3911 aliquot

732 3952 891 4024 post
920 3944 1094 4022 dieS,
1129 3944 1479 4023 baptismo
1510 3952 1838 4023 accept0,
1874 3943 1947 4006 in
1985 3943 2489 4023 gravissimam
2530 3941 2850 4005 incidens
2895 3940 3205 4020 aegritu-

730 4051 991 4129 dinem,
1031 4059 1098 4112 et
1142 4050 1534 4113 instructus
1572 4068 1658 4113 ac
1700 4058 2171 4131 praeparatus
2203 4049 2292 4112 ad
2326 4058 2648 4125 mortem,
2686 4048 2944 4111 sedens
2974 4047 3047 4110 in
3070 4064 3204 4109 sua

730 4167 879 4221 rete
910 4158 1117 4238 (quae
1145 4174 1276 4237 pro
1307 4158 1506 4221 lectis
1530 4166 1637 4220 est
1665 4157 1738 4220 in
1765 4157 2124 4236 Brasilia),
2160 4174 2202 4219 a
2232 4174 2478 4220 sorore
2508 4146 2931 4220 vestimenta
2960 4163 3207 4235 postu·

734 4265 930 4343 lavit,
963 4264 1229 4328 dicens:
1262 4282 1496 4328 nonne
1528 4264 1749 4342 vides,
1784 4281 2011 4343 soror,
2046 4282 2259 4345 quam
2287 4264 2488 4327 multi
2518 4282 2557 4327 e
2589 4264 2787 4327 coelo
2819 4263 3209 4326 decantan-

737 4381 843 4434 tes
873 4372 1331 4452 descendunt,
1368 4380 1445 4435 ut
1473 4388 1586 4434 me
1615 4388 1860 4434 secum
1888 4371 2300 4451 deportent?
2329 4379 2433 4450 et,
2475 4369 2587 4432 his
2627 4370 2837 4433 dictis
2874 4379 2946 4431 et
2985 4368 3213 4431 mani-

737 4479 871 4542 bus
900 4479 990 4542 ad
1021 4480 1297 4541 coelum
1325 4478 1652 4556 elevatiS,
1680 4464 2006 4558 spiritum
2029 4476 2337 4542 Domino
2364 4476 2687 4540 reddidit.
2721 4476 2856 4538 Hic
2885 4474 3215 4538 christia-

739 4602 993 4649 norum
1030 4586 1300 4649 amicus
1329 4594 1493 4648 ante
1531 4585 1959 4665 baptismum
1980 4594 2157 4660 erat,
2185 4593 2254 4646 et
2280 4585 2511 4664 legem
2534 4593 2830 4647 naturae
2853 4600 3027 4662 prae
3050 4598 3213 4644 cae-

737 4692 914 4755 teris
944 4692 1329 4755 observare
1359 4692 1800 4770 cernebatur,
1836 4701 1905 4754 et
1934 4709 1976 4753 a
2007 4708 2222 4754 carne
2254 4691 2564 4754 humana
2593 4689 3012 4767 abstinebat;
3042 4706 3216 4752 con·
