3679 5414
742 380 844 439 192
1656 379 1911 438 ennon.
1953 377 2104 438 Soc.
2144 378 2285 451 JES.

858 528 959 589 59.
1047 526 1157 589 Ex
1184 526 1695 605 sacerdotibuS,
1729 526 1852 605 qui
1896 524 2378 605 spiritualibus
2407 507 2766 587 exercitiis
2809 522 3028 602 adjuti
3056 523 3200 587 fue-

739 644 923 711 rant,
954 633 1225 696 fructus
1256 634 1554 712 insignis
1582 634 1655 695 in
1683 641 1929 695 eorum
1951 631 2230 712 populis
2252 631 2840 710 consequebatur;
2866 648 3034 693 nam
3062 630 3202 693 illis

740 742 1346 804 concionabantur
1378 750 1447 803 et
1476 740 1568 803 ad
1607 740 1930 803 crebram
1969 738 2485 801 confessionem
2524 746 2594 800 et
2631 738 3198 800 communionem

740 847 1170 926 excitabant,
1204 864 1335 909 nec
1360 847 1432 910 id
1462 855 1734 910 tantum
1765 845 2151 924 Bononiae,
2185 845 2310 907 sed
2339 844 2553 907 etiam
2584 845 2656 907 in
2685 843 2835 923 ejus
2864 843 3196 924 dioecesi,

741 972 900 1017 cum
931 970 1193 1033 magna
1222 952 1709 1016 aedificatione
1732 952 2154 1016 cernebatur
2176 968 2191 1030 ;
2218 960 2285 1014 et
2309 951 2605 1014 sanctia
2623 952 2825 1032 plebe
2850 952 3199 1014 habeban-

739 1070 874 1126 tur.
929 1060 1202 1124 Horum
1240 1060 1379 1123 duo
1421 1060 1870 1124 monasteriis
1898 1059 2314 1122 monialium
2353 1059 2693 1139 praefecti
2721 1058 3036 1137 fuerunt,
3080 1059 3200 1139 qui
3286 1133 3292 1138 ,

739 1177 884 1230 tam
914 1168 1202 1246 egregie
1231 1186 1360 1230 suo
1388 1167 1775 1247 funguntur
1799 1166 2055 1244 offici0‚
2087 1174 2165 1229 ut
2193 1166 2629 1229 monasteria
2655 1166 2827 1245 ipsis
2850 1183 3198 1228 commen·

740 1274 907 1337 data
934 1275 1118 1337 mira
1153 1274 1495 1354 religione
1534 1275 1835 1337 caeteris
1874 1274 2328 1353 praeluceant
2368 1281 2438 1334 et
2480 1274 2552 1335 in
2590 1273 2940 1353 spirituali
2987 1273 3197 1335 devo-

741 1381 931 1444 tione
960 1400 1045 1444 ac
1075 1382 1456 1445 virtutibus
1484 1381 1879 1461 proficiunt.

858 1488 959 1551 60.
1047 1488 1208 1551 Duo
1232 1507 1322 1551 ex
1343 1488 1606 1551 nostris
1628 1489 2074 1552 scholasticis
2091 1489 2370 1552 cuidam
2392 1486 2799 1550 academiae
2822 1488 3204 1549 multorum

733 1594 1072 1675 juvenum
1103 1614 1179 1658 se
1209 1594 1701 1675 adjunxerunt,
1734 1604 1803 1658 et
1824 1596 2062 1658 multis
2090 1595 2718 1658 exercitationibus
2748 1594 3192 1660 scholasticis

742 1704 872 1766 sibi
903 1711 972 1765 et
1002 1703 1136 1766 illis
1165 1703 1371 1766 utiles
1399 1712 1623 1765 erant.
1656 1704 1858 1766 Unus
1880 1720 2148 1782 eorum,
2177 1720 2339 1765 cum
2364 1702 2455 1764 ad
2477 1717 2635 1763 eum
2660 1702 2982 1764 lectionis
3000 1719 3202 1781 prae·

743 1809 1084 1889 legendae
1114 1812 1304 1888 (nam
1331 1828 1456 1891 per
1486 1810 1684 1872 vices
1715 1809 1783 1872 id
1813 1810 2195 1888 faciebant)
2226 1810 2423 1872 locus
2453 1817 2639 1871 esset
2668 1809 3062 1883 devolutuS,
3095 1807 3199 1870 sic

743 1918 1149 1980 academiae
1179 1917 1644 1980 scholasticos
1682 1917 1903 1980 latina
1943 1917 2263 1980 oratione
2301 1916 2393 1978 ad
2430 1917 2623 1996 piam
2663 1915 2952 1978 vivendi
2990 1915 3201 1977 ratio·

744 2042 903 2087 nem
934 2033 1040 2088 est
1070 2023 1485 2088 adhortatus
1514 2032 1590 2087 ut
1627 2034 2162 2104 praeceptorem
2191 2031 2636 2104 praesentem
2666 2031 2734 2085 et
2764 2022 3203 2102 condiscipu-

634 2203 637 2208 ,
740 2132 848 2194 los
876 2149 1020 2194 non
1047 2149 1300 2212 parum
1331 2131 1814 2194 commoverit.
1849 2131 2153 2196 Demum
2191 2131 2263 2193 in
2289 2130 2542 2192 litteris
2586 2129 2959 2208 diligenter
2995 2127 3198 2210 profi-

742 2239 1052 2317 ciebant,
1109 2247 1178 2301 et
1227 2237 1445 2300 latino
1495 2254 1822 2300 sermone
1872 2237 2092 2316 domi,
2148 2237 2336 2317 quod
2384 2236 2456 2299 in
2505 2236 2708 2299 Italia
2750 2253 3002 2317 parum
3049 2245 3204 2298 erat

743 2345 1102 2422 usitatum,
1135 2344 1547 2422 utebantur;
1582 2361 1667 2405 ac
1698 2344 1978 2407 demum
2006 2344 2279 2406 nullum
2312 2358 2460 2405 non
2487 2343 2868 2406 movebant
2896 2342 3204 2423 lapidem

744 2461 820 2514 ut
849 2450 1294 2530 proficerent.

859 2557 960 2620 61.
1050 2556 1252 2635 Quod
1290 2557 1381 2619 ad
1420 2558 1881 2620 christianam
1922 2558 2318 2621 doctrinam
2359 2558 2633 2636 attinet,
2677 2557 3198 2636 aegrotantium

742 2664 1205 2744 visitationeS,
1239 2664 1743 2745 poenitentium
1769 2665 2272 2746 confessioneS,
2304 2683 2390 2729 ac
2415 2664 2905 2728 sanctissimae
2928 2663 3202 2727 Eucha-

740 2772 983 2834 ristiae
1014 2772 1719 2851 administrationem,
1755 2780 1831 2834 ut
1861 2790 2049 2835 anno
2082 2773 2433 2855 superiori
2460 2772 2559 2835 ita
2599 2781 2669 2835 et
2699 2772 2836 2835 hoc
2874 2787 3199 2852 perseve-

740 2878 1015 2958 rabant,
1049 2879 1221 2941 novi
1250 2879 1435 2942 enim
1481 2879 1791 2959 quotidie
1820 2879 1941 2942 alii
1981 2890 2191 2959 atque
2231 2880 2350 2942 alii
2380 2897 2543 2942 cum
2582 2878 2818 2941 animo
2861 2877 3083 2940 vitam
3125 2877 3198 2938 in

738 2986 990 3048 melius
1040 2986 1523 3050 commutandi
1571 3004 1655 3049 eo
1695 2986 2174 3064 confluebant;
2216 2987 2341 3049 sed
2380 2987 2646 3049 nullum
2687 2986 2974 3048 brevius
3013 3001 3198 3047 com·

737 3093 1071 3173 pendium
1103 3093 1193 3155 ad
1220 3093 1571 3172 insignem
1598 3093 1996 3173 profectum
2026 3094 2300 3174 experti
2329 3102 2492 3156 sunt
2524 3092 2735 3174 quam
2765 3092 2837 3154 in
2876 3092 3197 3172 spiritua-

737 3199 918 3262 libus
963 3200 1343 3279 exercitiis,
1400 3201 1651 3280 quibus
1702 3201 1965 3263 exculti
2004 3201 2190 3264 serio
2239 3200 2725 3279 reformationi
2774 3200 2884 3261 sui
2935 3199 3201 3261 dabant

740 3323 1029 3387 operam
1069 3315 1138 3369 et
1174 3307 1332 3369 aliis
1382 3306 1892 3371 aedificationis
1945 3315 2181 3386 erant;
2222 3317 2298 3371 ut
2337 3307 2537 3369 multi
2586 3306 3103 3369 admirarentur
3131 3316 3202 3368 et

741 3413 944 3492 quasi
970 3413 1170 3491 vulgi
1198 3431 1344 3476 vox
1372 3423 1591 3476 esset:
1625 3414 1793 3493 quid
1815 3413 2088 3477 faciunt
2113 3415 2229 3476 isti
2259 3412 2690 3492 sacerdoteS,
2718 3429 3018 3492 quorum
3039 3429 3198 3492 ope·

741 3537 842 3595 ra,
878 3519 997 3599 qui
1026 3537 1147 3582 eos
1176 3520 1459 3599 adeunt,
1493 3520 1567 3583 in
1596 3520 1774 3583 alios
1803 3521 2125 3583 homines
2156 3516 2517 3583 mutantur
2550 3518 2637 3583 Ψ
2682 3547 2690 3557 ·

858 3624 958 3687 62.
1046 3625 1521 3689 Concionatus
1571 3635 1677 3689 est
1717 3627 1790 3688 in
1835 3626 2386 3706 quadragesima
2441 3626 2518 3689 P.
2568 3626 2998 3688 Franciscus
3044 3623 3198 3687 Pal-

740 3732 922 3793 mius
965 3749 1126 3795 cum
1153 3732 1501 3812 frequenti
1533 3752 1618 3795 ac
1649 3733 1906 3796 devoto
1939 3733 2326 3811 auditorio;
2369 3733 2618 3795 diebus
2648 3739 2885 3794 autem
2921 3732 3122 3795 festis
3153 3749 3196 3794 a

738 3828 1040 3917 prandio
1072 3837 1428 3903 Psalmum
1457 3840 1802 3902 Miserere
1841 3839 1985 3902 mei
2013 3840 2251 3902 multis
2290 3839 2872 3903 convenientibus
2913 3856 3198 3901 enarra-

740 3944 881 4006 bat.
917 3943 1093 4007 Cum
1133 3946 1203 4008 in
1243 3947 1741 4026 carnis-privio
1782 3948 2002 4009 multa
2040 3965 2169 4027 pro
2211 3964 2406 4009 more
2448 3964 2607 4008 cum
2645 3946 2907 4026 pietate
2946 3938 3198 4026 par'um

742 4050 1121 4130 conjuncta
1149 4052 1426 4132 fierent,
1460 4053 1610 4115 zelo
1641 4054 1931 4116 honoris
1970 4053 2104 4116 Dei
2142 4062 2211 4116 et
2260 4053 2506 4116 salutis
2551 4052 2948 4115 animarum
2984 4052 3202 4131 aliqui

741 4175 831 4220 ex
860 4159 1121 4221 nostris
1152 4161 1345 4239 moti,
1380 4160 1472 4223 ad
1501 4161 1659 4223 loca
1691 4161 1830 4239 illa,
1865 4160 1985 4223 ubi
2013 4160 2158 4223 ludi
2185 4160 2445 4241 publici
2475 4159 2757 4238 fiebant,
2790 4176 2868 4222 se
2895 4161 3202 4221 contule·

740 4273 934 4344 runt,
969 4275 1038 4328 et
1068 4283 1437 4329 scamnum
1467 4271 1708 4330 coram
1740 4268 2067 4330 omnibus
2098 4267 2562 4330 ascendentes
2590 4283 2852 4346 magno
2883 4283 3045 4329 cum
3070 4266 3202 4328 fer—

823 4470 840 4501 ¹
898 4468 1168 4524 Polancus,
1192 4482 1259 4513 ex
1276 4473 1669 4525 commisstone,
1690 4470 1969 4515 Franclsco
1990 4471 2205 4526 Palmio,
2222 4473 2282 4516 de
2301 4472 2787 4516 catechumenorum
2803 4471 2949 4514 domo
2969 4482 3204 4526 romana,

742 4545 798 4581 nt
827 4539 1046 4585 Domina
1066 4541 1309 4585 violente
1331 4543 1622 4587 Gozzadlno
1657 4542 1851 4586 directe
1886 4542 2078 4595 Jacobo
2115 4543 2412 4587 crescentio
2432 4544 2653 4594 scribat;
2689 4542 2826 4585 illius
2858 4544 2996 4586 enim
3023 4543 3205 4587 domus

741 4612 965 4664 negotiis
984 4623 1084 4656 non
1105 4614 1324 4666 amplius
1343 4626 1414 4669 se,
1434 4614 1589 4669 justis
1609 4614 1670 4657 de
1694 4615 1882 4668 causis,
1903 4613 2137 4668 Ignatius
2157 4613 2425 4669 immiscet,
2446 4615 2501 4658 26
2521 4613 2854 4668 Septembris.
