3679 5414
1612 439 1738 498 Ax.
1784 441 1914 498 1551
2881 440 2988 498 :213

528 584 669 672 smi
708 584 1134 647 lectionibus
1186 586 1595 664 intererant,
1641 586 1892 649 crebro
1921 584 2441 648 ‘confitebantur
2491 594 2562 649 et
2600 587 2671 649 in
2710 586 2992 664 pietatis

534 691 864 771 operibus
891 708 969 754 se
999 694 1445 756 exercebant.

665 798 798 861 101.
887 797 1208 863 Societas
1236 802 1585 880 quaedam
1613 801 1891 881 piorum
1920 800 2303 879 hominum,
2337 801 2456 880 qui
2493 801 2695 880 quasi
2724 819 2815 865 ex
2853 801 2989 864 offi-

529 906 651 968 cio
681 907 772 968 ad
801 923 1060 986 pueros
1088 908 1159 969 in
1191 907 1576 970 christiana
1606 908 1932 972 doctrina
1961 907 2383 971 erudiendos
2404 908 2723 971 instituta
2746 918 2922 987 erat,
2949 928 2990 970 a

546 1011 617 1074 P.
651 997 960 1076 'Andrea
996 1013 1248 1077 Frusio
1287 1016 1614 1095 precibus
1652 1017 2056 1096 impetravit
2096 1026 2171 1078 ut
2214 1015 2460 1078 diebus
2498 1014 2871 1078 dominicis
2907 1034 2991 1079 ac

543 1119 736 1182 festis
764 1120 856 1182 ad
886 1120 1171 1184 eosdem
1201 1123 1272 1184 in
1301 1122 1600 1187 docendi
1628 1122 1838 1186 modo
1869 1123 2276 1202 dirigendos
2306 1132 2375 1185 et
2412 1130 2572 1202 post
2612 1139 2991 1202 puerorum

540 1225 1026 1290 dimissionem
1055 1229 1145 1291 ad
1178 1229 1424 1292 melius
1455 1230 1625 1308 ipsis
1656 1229 2129 1293 confratribus
2158 1229 2651 1318 explicandam
2673 1229 2993 1291 eamdem

546 1334 946 1397 doctrinam
975 1336 1365 1416 interesset,
1410 1355 1487 1400 se
1530 1338 1719 1400 dicto
1758 1337 2124 1401 audientes
2160 1337 2314 1400 sore
2355 1340 2426 1400 in
2456 1337 2778 1400 omnibus
2800 1336 2992 1415 polli-

543 1451 817 1524 centes3
852 1442 977 1505 sed
1007 1444 1170 1523 quia
1200 1443 1277 1506 P.
1302 1444 1360 1507 F
1362 1445 1597 1507 rusius
1626 1445 2078 1524 gravioribus
2101 1445 2681 1524 occupationibus
2712 1443 2991 1507 distine-

542 1548 770 1626 batur,
804 1549 880 1612 P.
919 1549 1210 1614 Caesari
1238 1552 1489 1615 Helmo
1519 1570 1604 1615 ea
1634 1553 2007 1631 provincia
2044 1551 2473 1615 demandata
2510 1561 2637 1614 est.
2682 1552 2993 1631 Legatus

538 1653 811 1718 Summi
839 1656 1199 1721 Pontificis
1228 1659 1300 1720 in
1329 1660 1540 1722 rebus
1569 1660 1659 1723 ad
1690 1659 1991 1722 officium
2023 1659 2243 1739 ipsius
2271 1651 2752 1738 spectantibus
2779 1659 2993 1722 liben-

542 1773 650 1825 ter
678 1762 753 1825 P.
789 1763 846 1826 F
850 1765 1022 1827 rusii
1050 1783 1268 1845 opera
1297 1767 1648 1829 utebatur.
1682 1766 1838 1848 Ipse
1868 1767 2080 1829 etiam
2116 1764 2418 1829 Senatus
2446 1765 2532 1828 de
2575 1766 2887 1845 Collegio
2918 1785 2993 1828 se

538 1871 721 1932 ,bene
752 1872 1014 1934 sentire
1046 1874 1380 1952 ostendit,
1415 1892 1575 1937 cum
1602 1874 1716 1936 vir
1754 1874 2065 1953 quidam,
2110 1875 2223 1936 vel
2261 1873 2552 1936 levitate
2589 1874 2842 1936 ductus
2882 1874 2995 1936 vel

540 1987 618 2066 'ut
669 1994 745 2040 se
791 1979 1053 2058 publici
1103 1980 1267 2043 boni
1311 1981 1686 2043 sollicitum
1729 1981 2128 2044 ostenderet
2172 1989 2590 2059 amatorem,
2639 1982 2996 2060 suggessit

540 2085 773 2156 eidem
799 2084 1090 2150 Senatui
1113 2088 1493 2151 videndum
1517 2106 1671 2151 esse
1693 2088 2044 2168 quomodo
2074 2088 2465 2168 Collegium
2496 2098 2815 2151 nostrum
2842 2107 2995 2169 pro-

540 2192 851 2258 cederet.
886 2193 1063 2257 Cum
1103 2205 1339 2258 tamen
1382 2195 1662 2274 indicia,
1709 2213 1889 2275 quae
1917 2195 2301 2272 adferebat,
2344 2194 2525 2258 falsa
2565 2212 2722 2258 esse
2758 2196 2997 2275 depre-

553 2299 1046 2380 henderentur,
1082 2303 1199 2382 qui
1229 2302 1541 2382 deputati
1562 2303 1651 2364 ad
1674 2302 1808 2365 hoc
1833 2302 2135 2365 officium
2159 2311 2362 2364 erant
2383 2303 2556 2365 nihil
2577 2301 2997 2366 denuncian-

556 2405 722 2470 dum
759 2425 915 2471 esse
967 2410 1228 2472 nostris
1264 2428 1393 2472 nec
1446 2411 1586 2472 ulla
1637 2410 2116 2473 admonitione
2165 2409 2500 2472 utendum
2551 2420 2995 2473 censuerunt.

539 2513 721 2606 ‘Post
741 2515 1186 2578 festum·Divi
1207 2515 1522 2597 JoanniS,
1550 2533 1713 2578 cum
1744 2526 1984 2579 aestus
2005 2517 2367 2580 molestior
2396 2527 2604 2595 esset,
2632 2517 3004 2580 lectionem

538 2621 640 2687 D.
678 2620 876 2685 Pauli
904 2622 995 2684 ad
1026 2631 1302 2701 tempus
1344 2621 1414 2685 P.
1450 2623 1744 2686 Frusius
1787 2623 2182 2702 intermisit,
2225 2642 2367 2687 non
2404 2633 2643 2687 tamen
2680 2623 3002 2688 domesti-

556 2747 716 2792 cam
743 2729 1119 2792 lectionem
1147 2731 1263 2792 vel
1292 2731 1695 2794 conciones.

684 2836 815 2899 102.
906 2836 1208 2915 Quidam
1258 2839 1483 2901 bonus
1521 2840 1859 2902 sacerdos
1898 2841 2033 2913 hoc
2070 2850 2383 2921 tempore
2419 2841 2492 2903 in
2529 2840 3008 2921 spiritualibus

559 2943 916 3006 exercitiis
943 2942 1316 3007 Societatis
1347 2945 1742 3009 institutum
1770 2946 2049 3026 ingredi
2078 2947 2415 3010 decrevit.
2459 2946 2762 3025 Quidam
2799 2947 3011 3010 etiam

561 3050 976 3113 adolescens
1005 3059 1231 3129 turca,
1264 3054 1382 3132 qui
1412 3053 1542 3115 sub
1581 3054 1716 3127 hoc
1755 3054 2126 3117 sacerdote
2169 3054 2351 3116 inter
2390 3053 2746 3133 orphanos
2783 3052 3014 3117 fuerat

566 3157 945 3237 institutUS,
980 3175 1023 3220 a
1052 3157 1127 3221 P.
1178 3159 1466 3223 Andrea
1495 3159 1553 3222 F
1556 3161 1747 3223 rusio
1778 3160 1870 3223 ad
1908 3160 2297 3224 ministeria
2336 3159 2719 3223 domestica
2761 3169 2868 3222 est
2898 3161 3012 3222 ad-

563 3265 844 3344 missuS,
899 3266 1016 3346 qui
1064 3266 1433 3345 modestia,
1477 3267 1876 3330 obedientia
1913 3278 1981 3330 et
2032 3268 2315 3347 ingenio
2345 3267 2436 3329 ad
2483 3268 2754 3330 litteras
2775 3284 3014 3347 capes·

566 3372 825 3435 sendas
855 3389 1016 3435 cum
1046 3374 1279 3452 aliquo
1311 3374 1505 3436 initio
1535 3375 1798 3438 latinae
1826 3374 2341 3453 grammaticae
2369 3374 2460 3437 ad
2489 3373 2620 3437 Dei
2652 3373 3018 3437 servitium

570 3480 1206 3559 aptus-videbatur.
1251 3479 1679 3544 Admonitus
1717 3480 1846 3543 fuit
1887 3480 2071 3543 idem
2108 3479 2317 3543 Pater
2359 3481 2547 3561 quod
2587 3481 3018 3545 consuetudo

570 3586 922 3649 scribendi
964 3595 1222 3649 octavo
1265 3605 1544 3666 quoque
1575 3587 1686 3650 die
1728 3587 2031 3650 Romam
2075 3588 2380 3667 aliquam
2416 3588 2834 3667 suspicionis
2875 3605 3019 3650 um-

573 3693 770 3756 bram
799 3703 868 3755 et
898 3693 1187 3756 dederat
1217 3702 1284 3754 et
1315 3694 1570 3756 datura
1601 3704 1753 3756 erat
1783 3694 1854 3755 in
1884 3704 2041 3773 post
2054 3711 2244 3756 erum
2273 3694 2694 3773 quibusdam
2729 3693 2770 3755 ¹.

653 3972 667 4002 ¹
725 3970 993 4025 Polancus,
1030 3982 1093 4014 ex
1125 3972 1526 4022 commissione,
1545 3970 1785 4015 Andreae
1808 3970 1993 4015 Frusio
2014 4004 2022 4023 ,
2045 3972 2107 4013 de
2129 3973 2345 4025 quodam
2368 3964 2665 4021 sacerdote,
2689 3970 2773 4024 qui
2794 3970 3028 4013 venetiis

572 4045 619 4086 in
641 4044 954 4088 Societatem
977 4043 1181 4087 admitti
1200 4045 1515 4098 postulabat.
1546 4043 1600 4088 20
1633 4043 1792 4097 Junii;
1814 4044 1876 4087 de
1899 4043 2092 4095 eodem.
2121 4050 2178 4087 ut
2208 4044 2422 4087 Romam
2451 4054 2566 4086 eum
2585 4042 2651 4086 ad
2671 4042 3026 4096 probationem

571 4117 771 4171 mittat,
792 4117 818 4159 4
838 4116 986 4171 Julii;
1008 4117 1172 4160 eidem
1186 4148 1197 4168 ,
1219 4116 1339 4171 quid
1355 4117 1507 4171 juxta
1529 4116 1720 4171 Ignatii
1741 4122 1963 4159 mentem
1983 4120 2036 4158 et
2055 4116 2343 4169 peculiares
2366 4114 2585 4157 Dominii
2609 4114 2782 4156 veneti
2814 4111 3027 4156 difficul-

571 4195 707 4231 tates
723 4188 775 4231 in
797 4189 1130 4232 admittendis
1148 4189 1214 4232 ad
1234 4195 1441 4232 nostras
1460 4190 1668 4232 scholas
1684 4188 1860 4242 pueris
1878 4187 2191 4230 servandum
2212 4187 2308 4230 erit
2325 4219 2335 4238 ,
2357 4187 2412 4229 26
2431 4183 3027 4240 Septembris.-Missum

572 4266 649 4302 est
672 4260 831 4303 etiam
852 4261 947 4304 hoc
969 4268 1198 4314 tempore
1218 4260 1460 4303 Andreae
1492 4259 1675 4304 Frusio
1698 4265 2071 4313 trassumptum
2091 4258 2344 4313 quoddam
2364 4259 2501 4301 iliius
2517 4258 2683 4312 partis
2700 4256 3029 4300 Constitutio-

464 4363 472 4371 .
573 4343 708 4384 num,
729 4332 779 4375 in
802 4343 902 4387 qua
923 4332 984 4374 de
1006 4332 1299 4375 litterarum
1319 4331 1621 4386 Superiores
1639 4332 1775 4377 inter
1795 4337 1847 4374 et
1867 4331 2099 4374 subditos
2120 4330 2576 4374 communicatione
2594 4330 2785 4383 agitur,
2801 4329 3029 4372 declara·

576 4403 710 4446 tione
731 4402 911 4446 addita
932 4403 991 4445 de
1011 4404 1164 4446 rebus
1182 4403 1469 4447 scribendis
1489 4410 1541 4445 et
1564 4403 1726 4446 modo.
1750 4402 1892 4453 Quod
1915 4401 2028 4445 ideo
2049 4401 2243 4444 factum
2262 4407 2341 4444 est
2358 4434 2368 4454 ,
2390 4399 2510 4455 quia
2531 4400 2595 4443 ob
2613 4400 2745 4443 hanc
2766 4399 2924 4444 etlam
2945 4398 3027 4441 lit-

568 4481 807 4518 terarum
824 4475 1332 4518 communicationem
1355 4482 1597 4529 suspecta
1617 4481 1732 4518 erat
1751 4481 1908 4528 atque
1932 4474 2100 4517 invisa
2130 4471 2362 4515 Societas
2381 4477 2569 4514 veneto
2599 4470 2837 4523 Senatui,
2859 4469 2944 4524 qui
2965 4479 3026 4511 ne

574 4546 781 4589 litterae
803 4546 924 4589 illae
944 4546 1136 4600 aliquid
1157 4546 1224 4590 ad
1242 4546 1499 4590 rationem
1517 4557 1609 4589 seu
1629 4546 2055 4599 gubernationem
2082 4548 2252 4588 status
2278 4543 2543 4597 pertinens
2572 4543 2894 4585 continerent
2908 4574 2919 4593 ,
2941 4552 3028 4584 ve·

572 4619 800 4661 rebatur.
822 4616 1213 4671 'transumptum
1234 4618 1329 4660 hoc
1350 4625 1402 4661 et
1423 4617 1828 4660 declarationem
1849 4622 1900 4659 et
1917 4618 2067 4671 plura
2086 4614 2468 4658 historicarum
2486 4615 2778 4657 litterarum
2795 4613 3028 4667 exempla

574 4687 786 4732 Senatui
809 4696 1012 4740 veneto,
1033 4688 1077 4732 si
1097 4695 1377 4742 oporteret,
1401 4689 1699 4731 ostendendi
1722 4690 1874 4733 venia
1900 4688 2140 4731 Andreae
2163 4686 2344 4730 Frusio
2365 4686 2506 4729 facta
2527 4693 2623 4728 est.
