3679 5414
603 430 719 493 '764
1526 435 1786 496 Canon.
1827 434 1981 495 Soc.
2021 434 2162 509 Jsss.

594 581 791 660 quod
814 580 1078 643 animal
1099 590 1433 644 terrestre
1457 581 1688 660 edere,
1711 579 1922 661 quod,
1941 581 2104 644 licet
2128 580 2318 644 domi
2333 581 2693 661 reperiant
2709 590 2778 645 et
2794 581 3080 664 quidem

598 703 1059 766 venenosum,
1093 688 1344 768 religio
1376 699 1483 752 est
1514 689 1652 752 illis
1683 687 2032 752 occidere.
2062 687 2176 751 Ab
2201 688 2567 753 hominum
2591 698 2828 753 tamen
2851 690 3070 753 caede

593 774 730 858 sua
779 795 1120 875 religione
1159 813 1303 859 non
1343 795 1827 875 prohibentur.
1878 794 2228 875 Quartum
2266 811 2491 875 genus
2533 795 2898 859 hominum
2936 806 3071 874 est,

592 903 719 983 qui
748 902 1086 983 gallinaS,
1122 919 1335 983 apros
1374 912 1443 965 et
1484 902 1623 964 alia
1663 902 2025 965 silvestria
2071 901 2408 965 animalia
2448 902 2814 977 occidunt,
2862 902 2988 967 sed
3031 922 3077 966 a

597 1010 845 1073 vaccis
876 1009 1285 1073 occidendis
1312 1010 1697 1087 abstinent,
1742 1009 1932 1089 quod
1973 1008 2045 1072 in
2084 1026 2207 1072 eas
2249 1019 2408 1089 post
2439 1019 2740 1073 mortem
2771 1010 3078 1073 transire

601 1116 878 1180 animas
908 1117 1273 1180 hominum
1303 1133 1725 1197 persuasum
1749 1116 2032 1179 habent.
2061 1115 2326 1180 Omnes
2350 1124 2585 1180 autem
2607 1116 2795 1180 idola
2819 1117 3072 1197 lapide,

592 1241 765 1287 aere
795 1232 863 1286 et
894 1241 1068 1286 auro
1100 1222 1428 1305 confecta
1460 1224 1725 1301 colunt,
1760 1233 1830 1286 et
1866 1223 2306 1304 amplissima
2334 1221 2618 1303 templa,
2646 1241 2829 1306 quae
2842 1231 3073 1304 pago·

590 1332 726 1395 des
753 1342 1038 1410 vocant,
1073 1332 1147 1395 in
1178 1349 1360 1413 quae
1392 1331 1835 1395 conveniunt
1866 1341 1941 1394 ut
1971 1332 2119 1394 suis
2148 1330 2353 1394 idolis
2382 1330 2766 1410 immolent;
2798 1341 2866 1395 et
2889 1332 2979 1394 ad
3002 1332 3071 1394 id

600 1456 768 1502 suos
796 1439 1058 1502 habent
1090 1437 1619 1502 sacrificiorum
1649 1437 2036 1517 ministros,
2072 1455 2249 1520 quos
2291 1437 2555 1517 diogos
2594 1448 2662 1502 et
2701 1438 3070 1517 ciangata-

600 1561 727 1607 ros
757 1546 1135 1625 appellant,
1171 1545 1292 1626 qui
1327 1546 1399 1608 in
1434 1562 1564 1607 sua
1597 1545 2093 1625 superstitione
2117 1546 2334 1625 vulgo
2356 1545 2914 1625 praestantiores
2933 1545 3072 1625 pie-

596 1659 747 1716 tate
777 1652 1148 1729 habentur,
1176 1662 1243 1716 et
1274 1652 1549 1716 croceis
1585 1652 1906 1716 vestibus
1938 1661 2246 1716 utuntur.
2274 1651 2523 1715 Nullus
2545 1652 2796 1716 horum
2828 1652 3072 1732 adspe-

593 1767 793 1823 ctum
822 1758 1056 1822 Patris
1086 1759 1396 1823 Morales
1425 1759 1721 1838 ferebat;
1756 1759 1818 1822 si
1849 1759 2131 1842 quando
2164 1759 2361 1823 eisin
2383 1760 2657 1839 plateas
2680 1759 2933 1823 obvius
2959 1758 3072 1821 fie-

594 1865 742 1946 bat,
776 1865 1018 1930 statim
1046 1865 1413 1946 fugiebant
1446 1883 1815 1948 quousque
1859 1867 2218 1930 transiret.
2264 1865 2441 1930 Cum
2483 1853 2756 1929 duobus
2795 1867 3075 1930 locutus

599 1981 729 2052 est,
764 1974 884 2054 qui
914 1990 1074 2036 eum
1104 1971 1460 2037 declinare
1490 1990 1633 2037 non
1662 1981 2065 2054 potuerant,
2102 1972 2226 2036 sed
2269 1973 2444 2042 nihil
2486 1973 2573 2036 de
2611 1973 2759 2036 suis
2799 1973 3074 2053 legibus

594 2079 665 2143 ei
693 2082 969 2162 aperire
998 2083 1397 2160 voluerunt,
1443 2097 1576 2144 nec
1615 2078 1765 2161 ejus
1806 2080 2485 2160 interrogationibus
2523 2080 3067 2160 respondebant.

597 2186 780 2251 Cum
808 2187 1002 2252 foras
1031 2186 1404 2268 prodeunt,
1440 2197 1653 2267 caput
1684 2197 1751 2251 et
1786 2188 2063 2251 vultum
2093 2187 2334 2250 subtili
2372 2188 2681 2268 quodam
2718 2187 3073 2250 velamine

597 2294 949 2374 operiunt;
986 2294 1235 2356 domos
1266 2294 1593 2356 habitant
1623 2310 1846 2374 prope
1876 2294 2229 2374 pagodas;
2264 2292 2585 2357 aedificia
2625 2292 2908 2374 quidem
2949 2293 3074 2356 mi·

594 2418 733 2486 nus
763 2400 1141 2480 magnifica
1172 2411 1335 2464 sunt
1363 2418 1577 2482 quam
1611 2402 1927 2481 insignes
1956 2402 2300 2465 ecclesiae
2330 2402 2689 2482 Europae,
2725 2402 2849 2465 sed
2895 2419 3072 2464 auro

600 2508 983 2588 purissimo
1015 2516 1350 2570 contecta
1380 2507 1938 2587 conspiciuntur.

719 2613 858 2676 734.
947 2613 1173 2693 Regio
1205 2631 1449 2682 omnes
1480 2615 1661 2677 alias
1699 2632 2040 2695 superare
2078 2613 2560 2679 foecunditate
2590 2624 2940 2693 censetur,
2975 2614 3068 2677 fe·

599 2723 974 2787 racissima
990 2732 1098 2785 est
1114 2738 1374 2799 rerum,
1400 2740 1485 2785 ac
1502 2723 1925 2803 praesertim
1948 2723 2382 2801 animalium,
2408 2740 2589 2803 quae
2614 2724 2780 2787 alibi
2802 2740 2947 2786 non
2970 2723 3068 2786 in-

597 2829 1000 2909 veniuntur;
1034 2830 1449 2910 elephantos
1479 2839 1678 2893 tanta
1717 2831 1900 2893 mole
1932 2830 2254 2910 corporis
2284 2830 2439 2906 alit,
2475 2840 2550 2893 ut
2581 2830 2720 2894 duo
2752 2831 2995 2893 navim
3029 2848 3068 2892 e

596 2936 781 3000 mari
824 2936 1125 3000 educere
1175 2955 1259 2999 ac
1302 2954 1548 2999 rursus
1589 2936 1661 2998 in
1702 2953 1900 2999 mare
1940 2936 2290 3000 deducere
2328 2937 2647 3013 valeant;
2693 2930 3068 3017 capiuntur

594 3052 866 3122 autem,
904 3043 1134 3107 adhuc
1175 3044 1411 3122 catuli,
1469 3062 1509 3107 a
1559 3042 2027 3109 venatoribus
2077 3061 2219 3106 non
2271 3042 2782 3124 infrequenter,
2839 3053 2907 3107 et
2949 3044 3069 3107 alii

599 3150 815 3214 etiam
845 3152 1231 3214 adultiores
1261 3160 1518 3229 aetate;
1553 3167 1683 3213 nec
1719 3151 1949 3214 so'lum
1980 3151 2051 3213 in
2081 3150 2308 3231 sylvis
2339 3149 2462 3233 sed
2494 3151 2565 3212 in
2589 3151 2878 3213 urbibus
2901 3168 3074 3214 suos

598 3257 827 3321 foetus
861 3268 1241 3338 procreant
1278 3268 1348 3321 et
1380 3258 1608 3336 alunt,
1657 3267 1725 3320 et
1770 3259 2244 3321 cernebantur
2277 3258 2350 3321 in
2391 3257 2647 3338 plateis
2686 3258 3067 3338 elephanti,

593 3364 719 3444 qui
748 3364 896 3426 suis
925 3382 968 3426 a
999 3373 1202 3443 tergo
1232 3364 1686 3445 sequentibus
1716 3364 1930 3444 pullis
1959 3364 2404 3445 incedebant,
2439 3374 2506 3428 et
2530 3383 2613 3428 ea
2637 3363 2979 3429 facilitate
3002 3374 3071 3427 et

600 3469 693 3533 ad
721 3470 1044 3534 eumdem
1074 3487 1280 3535 usum
1310 3472 1616 3550 aluntur,
1653 3471 1744 3534 ad
1773 3488 1986 3553 quem
2003 3468 2323 3550 J‘umenta
2349 3471 2421 3533 in
2442 3472 2754 3552 Europa,
2788 3489 2954 3535 nam
2978 3473 3070 3536 ad

596 3584 865 3639 terram
902 3594 977 3640 se
1014 3587 1469 3658 prosternunt
1519 3588 1596 3642 ut
1648 3595 1869 3641 onera
1921 3578 2338 3658 suscipiant.
2393 3577 2677 3641 Habent
2726 3579 2948 3642 boves
2999 3588 3068 3641 et

599 3701 865 3747 vaccas
913 3683 1276 3748 silvestres
1314 3692 1384 3748 et
1427 3685 1784 3767 quoddam
1822 3701 2051 3763 genus
2093 3685 2408 3748 ferarum
2445 3685 2548 3748 eis
2589 3686 2846 3765 simile,
2889 3703 3068 3766 quas

594 3807 879 3853 mecrus
919 3800 1360 3872 nuncupant,
1408 3808 1709 3874 quarum
1752 3809 2007 3855 carnes
2047 3791 2397 3855 nobilibus
2429 3792 2781 3871 indigenis
2810 3802 2878 3856 et
2906 3793 3065 3856 lusi-

593 3897 786 3961 tanis
813 3898 884 3961 in
913 3898 1141 3978 pretio
1170 3906 1358 3978 sunt;
1390 3899 1650 3962 habent
1688 3908 1757 3962 et
1797 3897 2072 3962 bufalos
2116 3898 2363 3977 nigros
2402 3916 2707 3979 quorum
2747 3901 2929 3963 lacte
2967 3900 3068 3963 vi·

594 4005 850 4068 ctitant
883 4007 1181 4084 incolae;
1216 4023 1582 4086 aprorum,
1619 4016 1687 4069 et
1718 4022 2099 4085 porcorum
2131 4006 2602 4086 spinosorum,
2630 4008 2938 4086 leonum,
2965 4015 3069 4088 ty·

592 4112 901 4191 gridum,
950 4122 1019 4176 et
1056 4113 1442 4192 simiarum,
1493 4114 1860 4193 multiplex
1899 4129 2127 4193 genus
2177 4113 2274 4176 ibi
2324 4113 2573 4191 oritur;
2628 4114 2998 4193 pratianae
3048 4112 3065 4143 ¹

594 4219 846 4283 simiae
889 4237 1147 4284 canum
1189 4220 1750 4301 magnitudinem
1789 4219 2129 4299 referunt,
2186 4229 2255 4282 et
2306 4220 2614 4301 quinque
2671 4220 3071 4289 cubitorum

593 4327 900 4390 caudam
932 4328 1216 4406 habent,
1258 4337 1704 4391 mansuetum
1750 4328 2044 4405 animal,
2088 4327 2248 4390 alba
2288 4326 2502 4405 facie,
2554 4327 2829 4407 reliqua
2866 4337 3069 4408 parte

592 4435 921 4515 corporis
948 4436 1177 4515 nigra.
1213 4433 1391 4498 Sunt
1430 4445 1498 4498 et
1539 4435 1680 4498 alia
1718 4435 2086 4497 innumera
2118 4434 2454 4497 animalia
2493 4436 2892 4514 terrestria,
2940 4452 3069 4498 vo-

682 4676 698 4708 ¹
758 4677 868 4729 Sic;
891 4676 1022 4719 forte
1046 4677 1227 4721 melius
1244 4677 1560 4732 prasianae.
