3679 5414
727 469 842 528 650
1648 468 1903 529 Canon.
1947 468 2100 528 Soc.
2141 469 2281 542 Jsss.

727 625 912 677 rant.
948 615 1168 677 Viros
1197 615 1411 678 etiam
1449 616 1736 695 ,aliquos
1782 616 1877 677 ibi
1922 613 2339 678 confitentes
2383 614 2745 692 audiebat,
2781 622 2880 692 et,
2915 630 3074 675 cum
3100 615 3202 680 ibi

722 738 944 801 usque
975 722 1067 784 ad
1097 721 1468 784 meridiem
1497 723 1858 800 haereret,
1893 721 2216 784 omnibus
2253 721 2665 784 satisfacere
2709 738 2851 782 non
2891 729 3196 800 poterat.

725 829 1144 907 Augebatur
1189 837 1427 892 autem
1465 829 1538 892 in
1588 829 1739 892 dies
1782 830 1960 892 haec
2009 829 2517 909 poenitentium
2557 827 2927 890 multitudo
2972 845 3200 909 usque

725 935 905 997 adeo
963 944 1037 998 ut
1093 935 1182 998 ad
1234 936 1376 998 alia
1424 938 1690 1017 templa
1735 938 1976 1016 plures
2028 936 2131 999 ire
2173 945 2612 1012 tenerentur,
2661 952 2823 997 cum
2871 935 3198 1014 paucitas

723 1050 1130 1104 nostrorum
1169 1043 1676 1122 ‘operariorum
1720 1044 2045 1107 omnibus
2095 1045 2167 1106 in
2211 1052 2460 1105 nostro
2513 1044 2772 1122 templo
2828 1041 3196 1105 audiendis

725 1165 869 1211 non
900 1148 1272 1212 sufficeret.

841 1256 984 1318 525.
1072 1255 1536 1321 Profecerunt
1567 1259 1781 1320 etiam
1811 1269 2183 1321 matronae
2227 1257 2506 1337 aliquae
2548 1257 2928 1338 primariae
2957 1257 3030 1319 in
3059 1257 3192 1337 spi·

723 1363 1096 1427 ritualibus
1147 1365 1533 1444 exercitiiS,
1597 1384 1777 1445 quae
1837 1366 1971 1429 illis
2027 1365 2306 1429 fuerant
2355 1365 2742 1446 proposita.
2804 1364 3201 1428 Fatebatur

724 1470 1026 1551 denique
1068 1470 1144 1534 P.
1188 1471 1675 1553 Hieronymus
1720 1490 1795 1535 se
1838 1474 2105 1536 nullam
2145 1472 2409 1535 vidisse
2449 1473 2845 1552 regionem,
2890 1472 3009 1535 ubi
3048 1472 3192 1552 qui-

723 1577 883 1640 dem
914 1577 1234 1641 Societas
1265 1588 1676 1643 versaretur
1697 1629 1711 1658 ‚
1747 1580 1820 1641 in
1863 1596 2002 1660 qua
2039 1588 2187 1642 tam
2228 1580 2449 1642 multa
2478 1579 2730 1641 messis
2758 1587 3045 1658 tamque
3073 1598 3193 1660 pa-

721 1693 882 1747 rata
932 1685 1368 1749 inveniretur
1410 1695 1479 1748 et
1520 1686 1638 1749 ubi
1692 1685 2081 1765 spiritualis
2129 1685 2404 1749 fructus
2457 1695 2603 1747 tam
2650 1686 2982 1766 copiosus
3033 1687 3193 1765 capi

722 1792 945 1871 possit
977 1793 1068 1854 ad
1103 1791 1480 1856 Societatis
1512 1794 2026 1856 incrementum
2057 1801 2127 1855 et
2157 1793 2553 1855 animarum
2583 1791 3001 1872 profectum.

832 1897 976 1960 526.
1063 1898 1305 1962 Mense
1337 1898 1667 1979 januario
1707 1901 2068 1980 profectus
2117 1899 2348 1962 fuerat
2396 1898 2472 1961 P.
2528 1899 2872 1979 Baptista,
2928 1897 3197 1961 Rector-

719 2003 1016 2084 Collegii
1049 2006 1501 2086 GandiensiS,
1542 2026 1703 2071 cum
1733 2007 1808 2069 Ρ.
1847 2008 2294 2085 Balthasare,
2329 2007 2448 2087 qui
2472 2025 2562 2069 ex
2586 2006 2901 2085 Collegio
2933 2005 3196 2068 Valen-

717 2111 866 2174 tino
896 2121 1072 2187 erat,
1106 2114 1198 2175 ad
1226 2114 1578 2192 quaedam
1617 2115 1774 2177 loca
1812 2132 2033 2194 prope
2076 2114 2483 2178 Valentiam
2527 2122 2596 2175 et
2634 2112 3019 2191 Gandiam,
3076 2113 3193 2175 ille

720 2229 795 2281 ut
839 2221 1414 2299 concionaretur,
1462 2220 1578 2283 hic
1623 2231 1697 2283 ut
1743 2221 2184 2301 poenitentes
2237 2220 2545 2298 audiret,
2594 2220 2713 2299 qui
2756 2219 2828 2281 in
2881 2219 3189 2282 xenodo-

717 2324 896 2388 chiis
927 2336 996 2389 et
1027 2328 1501 2407 eleemosynis
1529 2329 1978 2391 victitabant.
2013 2327 2313 2407 Excepti
2342 2337 2578 2390 autem
2608 2325 2891 2389 fuerunt
2923 2342 3193 2405 magno

715 2449 878 2495 cum
907 2434 1196 2512 gaudi0‚
1233 2444 1302 2498 et
1335 2452 1478 2498 non
1512 2435 1789 2513 minori,
1823 2443 1901 2497 ut
1930 2434 2370 2513 credebatur,
2404 2433 2658 2512 fructu,
2694 2432 2892 2512 quus
2933 2434 3039 2496 rei
3080 2450 3189 2495 ar-

715 2550 1129 2618 gumentum
1168 2551 1323 2604 erat
1362 2541 1671 2605 studium
1711 2542 1913 2619 illud,
1958 2559 2095 2622 quo
2134 2541 2671 2621 Archiepiscopi
2716 2557 2933 2621 opera
2978 2541 3070 2603 ad
3113 2557 3195 2602 se

712 2647 974 2710 remitti
1025 2646 1422 2729 hujusmodi
1454 2649 1820 2730 operarios
1872 2649 2270 2729 cupiebant,
2317 2657 2385 2712 et
2423 2647 2778 2730 quoddam
2829 2647 3183 2728 oppidum,

722 2755 1014 2835 scilicet,
1051 2757 1239 2836 quod
1271 2756 1767 2821 Ontenientem
1798 2769 2082 2836 vocant,
2115 2757 2355 2838 populi
2388 2756 2830 2819 multitudine
2868 2754 3191 2837 frequen«

711 2861 1079 2942 tissimum,
1113 2881 1259 2928 non
1288 2866 1696 2946 conquievit
1725 2865 1951 2928 donec
1980 2883 2108 2945 per
2136 2864 2410 2928 Ducem
2451 2863 2774 2927 Gandiae
2812 2882 2857 2925 a
2884 2861 2961 2926 P.
3009 2864 3189 2926 Pro-

714 2969 1007 3034 vinciali
1036 2972 1274 3034 Araoz
1307 2973 1606 3036 obtinuit
1637 2983 1711 3036 ut
1743 2973 1933 3054 apud
1962 2972 2121 3036 illos
2161 2972 2505 3052 Magister
2543 2971 2863 3051 Baptista
2905 2972 3184 3033 concio·

716 3087 1027 3141 naretur.
1074 3079 1451 3144 Comitissa
1490 3081 1707 3144 etiam
1746 3080 1832 3143 de
1865 3081 2378 3158 Concentaina,
2413 3096 2574 3141 cum
2598 3078 2745 3159 jam
2775 3079 3191 3141 recessisset-

718 3182 797 3246 P.
837 3186 1181 3265 Baptista,
1217 3189 1453 3251 missis
1476 3186 1811 3267 jumentis
1852 3205 2012 3251 eum
2043 3188 2135 3251 ad
2165 3204 2240 3249 se
2270 3186 2451 3250 mitti
2489 3188 2800 3265 curavit,
2841 3195 2920 3249 ut
2963 3186 3184 3265 ipsius

717 3291 1235 3358 confessionem
1259 3294 1555 3357 audiret.
1589 3296 1931 3376 Virgines
1959 3295 2329 3376 quaedam,
2356 3294 2699 3356 natalium
2722 3293 3093 3373 splendore
3115 3302 3183 3356 et

716 3398 983 3463 divitiis
1013 3402 1273 3479 clarae,
1307 3402 1671 3466 exercitiis
1702 3401 2190 3482 spiritualibus
2221 3402 2629 3477 instructae,
2656 3400 2922 3480 nuptiis
2943 3410 3011 3462 et
3033 3416 3181 3463 sae-

711 3507 871 3569 culo
901 3508 1402 3587 valedicentes,
1437 3509 1927 3589 virginitatem
1957 3526 2163 3571 suam
2189 3508 2344 3571 Deo
2375 3524 2536 3571 cum
2575 3523 2841 3586 magna
2883 3507 3183 3570 aliorum

719 3613 1207 3678 aedificatione
1237 3626 1769 3679 consecrarunt.

836 3720 977 3784 527.
1066 3724 1356 3802 Egressi
1407 3733 1568 3786 sunt
1622 3725 1838 3787 etiam
1887 3724 2221 3787 Valentia
2272 3721 2348 3785 P.
2402 3721 2883 3802 Hieronymus
2926 3720 3181 3784 Dome-

716 3829 919 3907 nech‚
954 3847 1115 3892 cum
1148 3829 1294 3909 J’am
1325 3832 1513 3895 dicto
1557 3830 1631 3894 P.
1670 3831 2091 3894 Balthasare
2122 3831 2195 3893 in
2218 3829 2552 3910 oppidum
2576 3828 2984 3892 Murviedro
3007 3845 3179 3891 nun-

712 3944 1070 4015 cupatum,
1099 3938 1217 4000 ubi
1230 3937 1629 4018 Saguntum
1653 3939 1822 4002 olim
1844 3938 2061 4000 fuisse
2084 3948 2501 4015 memorant,
2523 3946 2591 3999 et
2608 3953 2875 4016 paucos
2892 3935 3042 3998 dies
3058 3935 3177 3997 ibi·

715 4041 877 4104 dem
906 4053 1449 4124 commoranteS,
1483 4063 1623 4108 non
1655 4046 1990 4124 exiguam
2019 4044 2299 4108 interim
2337 4061 2673 4121 messem,
2715 4043 2975 4123 partim
3017 4060 3179 4106 con-

716 4150 1062 4226 cionibuS,
1097 4153 1354 4232 partim
1386 4153 1971 4231 confessionibus,
2006 4153 2267 4233 partim
2308 4151 2776 4215 familiaribus
2814 4150 3182 4229 colloquiis

720 4256 790 4318 in
822 4257 1155 4321 horreum
1187 4258 1472 4322 Domini
1504 4262 1961 4339 collegerunt.
2011 4260 2212 4324 Unus
2257 4259 2441 4321 inter
2481 4258 2657 4321 alios
2696 4258 2826 4320 fuit
2866 4257 3176 4337 quidam,

715 4364 836 4443 qui
858 4364 946 4427 ob
969 4365 1531 4430 interfectionem
1554 4367 1675 4430 filii
1705 4367 1823 4430 diu
1854 4385 1897 4429 a
1927 4365 2369 4430 confessione
2394 4366 2850 4443 abstinuerat,
2879 4373 2946 4427 et
2968 4364 3177 4429 inter-

709 4470 966 4534 fectori
993 4490 1290 4552 parcere
1319 4476 1667 4554 noluerat;
1699 4484 2074 4554 utrumque
2105 4472 2369 4551 effecit,
2396 4491 2562 4536 nam
2586 4482 2654 4535 et
2683 4472 3050 4535 confessus
3068 4482 3177 4534 est

709 4587 786 4640 et
815 4580 1101 4643 veniam
1132 4581 1568 4645 interfectori
1597 4581 1914 4645 donavit.

831 4685 972 4748 528.
1062 4687 1140 4750 In
1170 4688 1690 4769 carnis-priviO,
1725 4706 1864 4769 quo
1894 4690 2075 4752 solet
2103 4689 2479 4753 Valentiae
2509 4686 2810 4751 daemon
2848 4704 2933 4749 ac
2977 4703 3172 4749 mun-
