3679 5414
1603 473 1726 532 ΑΝ.
1774 472 1913 530 1552
2874 473 2983 531 «143

627 618 728 681 61.
816 616 1150 698 Sequenti
1197 618 1308 681 die
1359 619 1696 681 lectiones
1747 630 1910 680 sunt
1961 618 2335 680 inchoatae
2380 626 2447 679 et
2489 618 2688 679 multi
2738 618 2828 680 ad
2857 635 2981 680 eas

505 726 925 802 audiendaS,
952 727 1375 806 praesertim
1405 727 1496 789 ad
1525 727 1846 789 scholam
1869 725 1943 788 P.
1975 724 2292 802 Oliverii,
2317 723 2832 802 confluxerunt,
2860 726 2981 787 alii

500 841 583 896 *ut
613 833 961 909 audirent,
991 834 1110 896 alii
1134 844 1209 895 ut
1235 834 1552 896 ordinem
1577 851 1662 895 ac
1685 832 2151 896 eruditionem
2174 840 2716 912 praeceptorum
2747 830 2981 895 obser-

506 950 789 1020 varent,
829 941 949 1004 alii
980 941 1217 1019 etiam,
1252 949 1328 1003 ut
1365 940 1653 1020 quidam
1676 940 2150 1018 ludimagistri
2173 948 2240 1002 et
2265 940 2697 1020 paedagogi,
2727 939 2981 1018 quibus

506 1058 918 1111 nostrorum
952 1049 1303 1112 adventus
1333 1056 1401 1110 et
1432 1057 1679 1126 aperta
1708 1048 1979 1126 schola,
2013 1058 2087 1110 ut
2112 1048 2396 1124 assolet,
2430 1046 2870 1126 displicebat,
2903 1057 2978 1109 ut

502 1156 568 1217 si
608 1156 775 1234 quid
818 1155 1458 1235 deprehenderent,
1512 1155 1961 1233 ignorantiae
1999 1164 2244 1217 notam
2284 1154 2548 1216 nostris
2593 1154 2974 1216 inurerent.

504 1258 819 1325 Fuerunt
871 1263 1085 1342 aliqui
1129 1263 1621 1324 insolentiores
1659 1262 1843 1324 inter
1889 1270 2249 1337 caeterOS,
2294 1261 2413 1340 qui
2451 1261 2666 1322 etiam
2703 1260 2980 1340 publice

505 1369 1024 1449 reprehendere
1051 1368 1129 1431 Ρ.
1167 1368 1558 1432 Oliverium
1588 1380 1750 1431 sunt
1796 1369 1973 1446 ausi,
2010 1369 2158 1448 qui,
2194 1367 2577 1430 observata
2607 1367 2976 1443 modestia,

507 1475 1059 1555 reprehensores
1089 1476 1536 1555 ignorantiae
1579 1492 1751 1538 suae
1797 1475 2141 1551 convicit3
2187 1483 2258 1536 et
2300 1492 2463 1537 cum
2503 1475 2631 1553 illi,
2676 1482 2751 1536 ut
2800 1475 2982 1536 male

502 1583 697 1645 dicta
748 1583 1236 1658 defenderent,
1290 1583 1506 1646 latine
1556 1582 1746 1660 loqui
1795 1582 2218 1662 inciperent,
2268 1582 2371 1644 sic
2423 1582 2868 1661 impegerunt
2913 1582 2983 1643 in

500 1690 1142 1768 grammaticorum
1172 1690 1461 1768 regulas
1490 1698 1565 1752 ut
1608 1689 2060 1752 scholasticis
2099 1688 2724 1750 circumstantibus
2761 1688 2981 1750 risum

503 1798 1003 1877 excitaverint,
1032 1807 1100 1860 et
1132 1815 1292 1860 cum
1322 1797 1591 1877 pudore
1623 1798 1760 1877 ipsi
1788 1796 2123 1859 recedere
2155 1806 2602 1874 cogerentur,
2632 1796 2799 1858 dum
2826 1795 2984 1874 plus

506 1922 758 1984 sapere
788 1922 1001 1984 quam
1046 1904 1415 1985 oportebat
1466 1906 1873 1982 voluerunt,
1922 1903 2367 1983 ignorantiae
2414 1920 2584 1965 suae
2625 1902 2982 1981 specimen

506 2012 782 2091 publice
805 2013 1246 2091 praebentes.
1275 2011 1352 2075 In
1376 2011 1552 2074 aede
1577 2012 1794 2091 igitur
1816 2009 1990 2073 Divi
2017 2008 2079 2071 N
2084 2009 2295 2072 icolai
2324 2010 2665 2072 lectiones
2696 2008 2980 2071 inchoa-

506 2130 622 2182 tae
652 2130 844 2196 sunt,
882 2120 971 2181 ad
1001 2137 1179 2199 quas
1209 2120 1425 2182 etiam
1456 2119 1671 2200 aliqui
1700 2118 2206 2197 ludimagistri,
2242 2126 2318 2181 ut
2350 2117 2708 2180 auditores
2733 2114 2878 2195 Jam
2908 2126 2978 2179 et

506 2244 651 2289 non
671 2237 747 2290 ut
772 2244 1127 2305 censores,
1156 2226 1437 2289 assidue
1469 2226 1924 2289 accedebant.
1951 2226 2029 2288 In
2052 2224 2473 2287 lectionibus
2500 2231 2738 2286 autem
2760 2223 2982 2284 variis

507 2334 769 2396 latinae
801 2343 869 2395 et
894 2350 1201 2412 graecae
1231 2334 1550 2412 linguae,
1603 2333 1674 2394 in
1715 2332 2349 2413 compositionibus
2379 2349 2463 2393 ac
2495 2330 2982 2410 disputationi-

502 2436 639 2503 bus
668 2440 1137 2504 scholasticos
1161 2439 1535 2519 diligenter
1559 2440 2010 2503 exercebant.

630 2547 729 2610 62.
821 2548 996 2611 Cum
1028 2558 1264 2610 autem
1294 2547 1581 2609 scholae
1610 2547 1935 2627 publicae
1968 2546 2160 2608 urbis
2189 2553 2654 2625 praeceptore
2693 2546 2978 2609 destitu-

507 2663 622 2719 tae
650 2664 820 2719 tunc
850 2665 1107 2735 essent,
1141 2655 1547 2719 institerunt
1577 2665 1946 2718 senatores
1976 2662 2052 2717 ut
2080 2654 2306 2717 nostri
2350 2653 2441 2716 ad
2470 2664 2780 2734 tempuS,
2815 2652 2982 2717 dum

507 2763 641 2843 ipsi
671 2764 887 2826 alium
917 2773 1452 2843 praeceptorem
1472 2780 1603 2843 pro
1637 2779 1833 2825 more
1857 2779 1987 2824 suo
2011 2761 2148 2823 illis
2170 2760 2705 2841 praeficiebant,
2734 2779 2984 2824 curam

510 2871 974 2950 susciperent.
1011 2869 1188 2933 Cum
1218 2879 1454 2932 autem
1492 2869 1861 2933 consultus
1906 2868 1981 2932 P.
2031 2869 2352 2947 Ignatius
2392 2869 2668 2931 civitati
2708 2877 2776 2931 et
2815 2867 2980 2931 Car·

498 2977 724 3039 dinali
753 2975 1059 3040 Sanctae
1083 2977 1333 3041 Crucis
1364 2978 1435 3040 id
1459 2977 1768 3057 cupienti
1798 2992 2068 3038 morem
2098 2975 2488 3054 gerendum
2518 2984 2863 3053 censeret,
2893 2975 2984 3037 ad

502 3084 825 3163 publicas
873 3084 1157 3147 scholas
1188 3102 1263 3146 se
1306 3084 1530 3147 nostri
1560 3084 2106 3159 transtulerunt,
2140 3082 2213 3143 in
2244 3081 2495 3160 quibus
2525 3080 2981 3143 scholastico·

502 3209 662 3254 rum
705 3209 1039 3254 numerus
1071 3191 1162 3254 ad
1200 3200 1483 3254 centum
1524 3189 2040 3270 quinquaginta
2080 3187 2539 3264 ascendebat;
2588 3195 2657 3249 et
2697 3186 2984 3267 quidam

500 3297 575 3361 'in
605 3317 681 3361 re
712 3299 1057 3361 litteraria
1096 3299 1385 3378 egregie
1431 3297 1846 3360 scholastici
1885 3295 2378 3374 proficiebant,
2423 3293 2868 3374 majoresque
2911 3295 2984 3356 in

506 3404 655 3468 dies
686 3423 1113 3487 progressus
1143 3405 1404 3468 facturi
1437 3405 1932 3480 credebantur.

626 3513 726 3576 63.
816 3512 1020 3591 Quod
1050 3514 1141 3576 ad
1186 3513 1626 3594 spiritualem
1658 3521 1896 3575 autem
1925 3510 2319 3591 profectum
2344 3510 2616 3587 attinet,
2652 3509 2898 3571 varius
2927 3509 2988 3570 is

508 3619 889 3683 admodum
921 3630 1096 3699 erat,
1121 3637 1292 3682 nam
1314 3628 1548 3682 aetate
1573 3619 1960 3681 adultiores
1991 3617 2336 3679 effrenata
2355 3615 2748 3696 juventutis
2779 3615 2985 3677 licen-

507 3727 607 3789 tia
636 3739 705 3790 et
738 3728 992 3807 spiritu
1024 3726 1331 3808 quodam
1359 3727 1685 3804 militari,
1722 3744 1861 3805 quo
1892 3726 1966 3787 in
1996 3725 2114 3787 illa
2157 3724 2452 3786 civitate
2493 3723 2767 3785 institui
2814 3723 2988 3784 sole·

506 3834 709 3912 bant,
759 3852 903 3897 non
936 3836 1234 3898 multum
1264 3834 1774 3897 consolationis
1807 3832 1894 3895 de
1924 3849 2055 3893 suo
2091 3832 2161 3894 in
2192 3830 2575 3893 virtutibus
2605 3846 2988 3909 progressu

508 3943 776 4005 nostris
815 3942 1100 4005 dabant.
1151 3942 1287 4005 Hic
1339 3942 1525 4004 enim
1578 3958 1732 4003 mos
1784 3949 1940 4002 erat
1984 3938 2373 4019 juventutis
2422 3936 2838 4016 Eugubinae
2889 3945 2986 4012 ut,

509 4051 779 4113 coactis
809 4050 1212 4129 agminibus
1237 4061 1307 4111 et
1331 4049 1551 4111 armis
1573 4048 1926 4124 instructi,
1954 4047 2158 4126 quasi
2188 4046 2396 4124 signa
2422 4043 2769 4121 collaturi,
2799 4043 2988 4106 omni

506 4156 854 4219 modestia
885 4157 1161 4219 calcata
1192 4156 1520 4235 omnique
1553 4155 2047 4229 observantia,
2081 4170 2208 4232 per
2238 4152 2486 4214 urbem
2513 4151 2715 4213 festis
2745 4151 2992 4213 diebus

508 4263 767 4326 armati
794 4264 1229 4341 incederent,
1265 4272 1333 4325 et
1362 4262 1608 4343 aliqui,
1646 4262 1765 4341 qui
1796 4261 1922 4323 vix
1963 4260 2387 4323 videbantur
2427 4275 2670 4320 ensem
2709 4257 2990 4320 trahere

506 4389 749 4452 posse,
798 4389 962 4433 cum
1011 4371 1230 4433 armis
1274 4379 1513 4432 tamen
1557 4386 1641 4431 ac
1686 4367 2178 4431 instrumentis
2218 4365 2521 4443 bellicis,
2569 4364 2852 4426 vexillis
2905 4382 2990 4425 ac

510 4480 903 4559 tympaniS,
965 4478 1359 4555 turmatim,
1405 4476 1816 4557 parentibus
1870 4492 1955 4538 ac
2006 4473 2492 4555 superioribus
2543 4471 2985 4534 consentien-

510 4586 719 4665 tibuS,
767 4586 1241 4664 vagabantur.
1287 4584 1379 4646 Hi
1420 4593 1679 4661 autem,
1727 4583 1788 4645 si
1841 4582 2007 4662 quid
2058 4588 2500 4661 peccassent,
2556 4578 2989 4659 punitionem

510 4695 797 4756 omnino
830 4693 1341 4770 detrectabant;
1376 4700 1466 4766 et,
1495 4692 1822 4770 quamvis
1853 4699 2331 4753 correctorem
2360 4687 2586 4749 nostri
2610 4687 2989 4764 diligenter
