3679 5414
1648 431 1775 488 ΑΝ.
1822 430 1956 489 1551
2924 433 3039 491 409

684 572 824 635 495.
912 572 1155 654 Aliqui
1194 592 1284 637 ex
1323 574 1758 652 christianiS,
1801 574 2063 638 auditis
2106 573 2265 637 fidei
2305 576 2663 655 mysteriis
2708 577 2797 638 ab
2835 578 3036 641 initio

568 679 838 759 mundi,
873 680 1109 743 omnia
1141 682 1213 743 in
1254 682 1607 760 tapetibus
1649 681 2097 761 depingenda
2136 681 2430 745 Cochini
2469 693 2932 764 curaverunt,
2968 695 3039 748 et
3096 744 3109 757 ,

567 787 958 864 perutiliter
998 787 1256 850 accidit
1299 796 1376 850 ut
1425 788 1773 867 imagines
1812 788 1975 850 illae
2013 805 2143 868 pro
2182 788 2596 851 lectionibus
2635 790 3041 854 hominibus

565 893 915 956 illiteratis
945 904 1203 969 essent,
1237 903 1306 958 et
1335 895 1434 957 ita
1464 897 1658 958 velut
1687 895 1759 958 in
1787 895 1967 957 libro
1996 912 2177 974 quae
2208 897 2611 958 necessaria
2643 908 2846 961 erant
2875 898 3036 961 fidei

566 1000 908 1080 mysteria
938 1001 1032 1063 ibi
1063 1002 1462 1081 discebant,
1511 1011 1581 1065 et
1620 1011 1990 1080 tantopere
2031 1001 2431 1081 hujusmodi
2471 1004 2817 1083 imagines
2855 1006 3033 1068 chri-

568 1108 817 1171 stianis
843 1110 1287 1188 placuerunt,
1314 1118 1392 1171 ut
1423 1110 1495 1171 in
1525 1109 1824 1189 singulis
1853 1109 2031 1172 locis
2059 1109 2325 1172 similes
2365 1110 2649 1191 depingi
2691 1130 2775 1174 ac
2816 1114 3034 1175 teneri

569 1215 997 1278 curaverint.

1319 1538 1445 1601 DE
1485 1537 1956 1620 JAPONICIS
1997 1537 2296 1602 REBUS

685 1753 825 1815 496.
913 1751 1277 1832 Superiori
1303 1771 1492 1816 anno
1524 1754 1787 1817 dictum
1825 1763 1933 1817 est
1974 1753 2166 1834 quod
2206 1753 2652 1832 Cangoxima
2691 1753 2780 1815 ad
2824 1754 3040 1816 aliam

566 1860 812 1923 urbem
841 1860 917 1924 P.
953 1860 1381 1924 Franciscus
1413 1879 1573 1924 cum
1614 1862 1827 1924 sociis
1868 1863 1959 1924 sit
1996 1861 2356 1942 profectus
2396 1848 2732 1939 (Firando
2773 1861 2870 1923 illi
2911 1878 3034 1923 no·

569 1986 729 2030 men
758 1969 971 2046 e1·at);
1005 1969 1357 2048 quomodo
1389 1969 1636 2048 etiam,
1674 1969 1766 2032 ibi
1799 1969 2044 2032 relicto
2074 1968 2148 2031 Ρ.
2186 1968 2442 2032 Cosmo
2472 1967 2852 2047 TurrianO,
2889 1968 3039 2048 ipse

568 2092 730 2137 cum
759 2075 976 2151 soci0,
1004 2075 1124 2154 qui
1143 2075 1455 2156 Joannes
1476 2075 1893 2138 Fernandez
1921 2075 2318 2138 vocabatur
2348 2084 2416 2137 et
2437 2076 2839 2157 Japonense
2870 2075 3039 2138 idio-

573 2200 690 2244 ma
715 2181 862 2261 jam
894 2181 1270 2262 didicerat,
1305 2182 1395 2244 ad
1424 2183 1567 2245 alia
1605 2183 1763 2246 loca
1792 2183 2156 2263 profectus
2186 2192 2395 2260 esset,
2432 2183 2501 2245 in
2533 2183 2785 2261 quibus
2814 2184 3041 2263 perlu—

569 2290 880 2352 strandis
938 2300 1007 2352 et
1063 2291 1504 2369 exploranda
1560 2290 1926 2353 hominum
1981 2308 2065 2353 ac
2122 2307 2360 2353 rerum
2419 2289 2877 2368 dispositione
2949 2288 3038 2352 ad

575 2397 1046 2476 Evangelium
1075 2398 1601 2478 excipiendum,
1635 2406 1941 2478 quatuor
1970 2415 2250 2460 menses
2279 2414 2441 2460 cum
2472 2395 2761 2459 dimidio
2793 2414 3042 2460 consu·

570 2519 801 2583 mens,
835 2503 924 2565 ad
957 2503 1294 2567 Cosmum
1323 2504 1653 2568 redierat.
1688 2503 1829 2568 Sed
1858 2504 2278 2585 explicatius
2309 2503 2477 2583 quid
2509 2504 2580 2566 in
2610 2503 2744 2566 hoc
2776 2503 3037 2566 discur-

570 2627 688 2689 su,
734 2620 983 2691 coepto
1023 2611 1152 2673 sub
1192 2610 1404 2674 finem
1442 2610 1771 2675 Octobris
1814 2621 1887 2674 et
1925 2612 2247 2674 absoluto
2285 2609 2532 2689 primis
2573 2611 2645 2672 in
2683 2611 3047 2674 mensibus

571 2716 775 2798 hujus
807 2720 974 2782 anni
1012 2719 1196 2798 1551,
1231 2727 1467 2782 actum
1499 2719 1619 2799 sit,
1654 2719 1903 2800 paucis
1934 2719 2355 2782 describam.
2392 2719 2661 2781 Nobilis
2689 2728 2841 2782 erat
2871 2719 3037 2781 civi-

569 2835 707 2904 tas,
749 2826 1032 2889 nomine
1070 2826 1556 2906 Amanguchi‚
1600 2844 1781 2906 quae
1824 2833 2041 2905 sup'ra
2080 2826 2325 2889 decem
2363 2826 2581 2888 millia
2609 2825 3038 2889 familiarum

566 2932 871 2996 habebat
912 2943 981 2997 et
1032 2934 1162 2996 sub
1210 2933 1480 3014 potenti
1520 2933 1828 3013 quodam
1870 2932 2153 2996 domino
2196 2932 2472 3012 (ducem
2512 2940 2749 2995 tamen
2790 2941 2858 2994 et
2897 2950 3039 2994 non

566 3056 810 3118 regem
839 3058 999 3103 eum
1028 3040 1436 3120 vocabant),
1470 3050 1538 3103 et
1567 3057 1832 3119 magna
1864 3041 1933 3102 in
1958 3058 2042 3103 ea
2072 3040 2406 3119 nobilitas
2437 3048 2613 3102 erat.

687 3147 828 3208 497.
913 3147 1094 3211 Cum
1122 3166 1206 3211 eo
1248 3148 1694 3228 pervenisset
1734 3146 1811 3209 P.
1854 3147 2282 3210 Franciscus
2321 3146 2614 3225 Xavier,
2662 3156 2733 3208 et
2773 3145 3041 3209 Christi

567 3255 1035 3333 Evangelium
1065 3256 1479 3334 praedicare
1510 3254 1861 3335 coepisset
1889 3272 2014 3335 per
2037 3255 2310 3334 plateas
2343 3272 2427 3316 ac
2460 3255 2662 3316 vicos
2691 3254 3039 3333 publicos,

566 3363 867 3442 populus
894 3363 1188 3442 perinde
1220 3380 1304 3426 ac
1334 3363 1605 3426 nobiles
1636 3379 1988 3443 quaenam
2017 3380 2103 3424 ea
2135 3360 2458 3424 doctrina
2488 3371 2673 3424 esset
2704 3361 2891 3423 scire
2923 3378 3035 3423 cu·

566 3469 832 3549 piebat‚
867 3469 1120 3548 quibus
1149 3469 1632 3533 satisfaciebat
1661 3471 1811 3550 ipse
1841 3469 2100 3550 partim
2129 3468 2431 3548 legendo
2462 3468 2747 3547 librum,
2784 3468 2854 3529 in
2898 3486 3041 3548 quo

568 3575 728 3660 fidei
759 3577 1098 3657 mysteria
1128 3586 1198 3638 et
1227 3594 1473 3640 eorum
1502 3576 2060 3640 declarationem
2089 3578 2162 3639 in
2185 3575 2556 3655 japonensi
2586 3575 2826 3654 lingua
2858 3574 3037 3637 Can-

564 3683 897 3762 goximae
948 3683 1323 3746 scribenda
1365 3693 1776 3763 curaverat,
1819 3684 2081 3764 partim
2138 3681 2488 3762 loquendo
2544 3690 2612 3744 et
2657 3681 3036 3744 conciones

565 3789 889 3852 habendo
920 3790 1006 3852 de
1030 3790 1297 3853 eisdem
1316 3791 1527 3853 rebus
1553 3807 1734 3870 quae
1758 3791 1829 3853 in
1852 3791 2031 3852 libro
2057 3789 2627 3865 continebantur;
2651 3804 2783 3850 nec
2806 3787 3039 3850 solum

567 3896 848 3976 plurimi
879 3912 1037 3958 eum
1066 3897 1466 3975 audiebant,
1501 3896 1626 3959 sed
1656 3898 1748 3959 ad
1778 3897 2029 3959 domos
2058 3896 2272 3958 etiarn
2300 3896 2641 3958 nobilium
2671 3911 2885 3974 saepe
2915 3912 3034 3956 vo-

567 4003 854 4083 cabant,
909 4003 1027 4084 qui
1066 4001 1458 4082 cujusmodi
1489 4012 1675 4066 esset
1707 4005 1822 4066 lex
1853 4021 2064 4083 quam
2096 4002 2556 4083 praedicabat
2587 4002 2771 4064 scire
2802 4002 3034 4082 cupie-

566 4110 757 4190 bant,
792 4121 890 4188 et,
924 4111 983 4173 si
1016 4128 1145 4172 sua
1174 4112 1538 4174 meliorem
1566 4111 2037 4190 invenissent,
2072 4129 2147 4174 se
2177 4127 2334 4174 eam
2366 4118 2822 4190 suscepturos
2853 4108 3032 4171 affir—

566 4218 875 4279 mabant.
903 4216 1101 4279 Multi
1133 4218 1453 4294 libenter,
1479 4236 1663 4298 quae
1693 4218 1779 4281 de
1809 4217 1946 4281 Dei
1974 4219 2132 4296 lege
2161 4217 2600 4295 dicebantur,
2630 4215 3032 4293 audiebant,

565 4324 686 4386 alii
723 4324 1143 4404 irridebant,
1199 4326 1318 4389 alii
1355 4342 1571 4405 aegre
1619 4325 1962 4389 ferebant.
2012 4325 2191 4389 Cum
2234 4342 2361 4405 per
2391 4325 2550 4386 vias
2581 4323 3030 4400 incedebant,

564 4431 789 4511 digito
828 4433 1430 4496 monstrabantur.
1475 4432 1610 4495 Hic
1651 4433 1963 4495 dicebat:
1995 4432 2112 4495 isti
2144 4441 2337 4510 sunt,
2373 4431 2491 4511 qui
2520 4431 2787 4492 nullum
2817 4429 3038 4492 alium

564 4536 794 4600 Deum
835 4536 1279 4602 adorandum
1314 4556 1530 4619 quam
1579 4537 2020 4604 conditorem
2062 4556 2302 4601 rerum
2343 4537 2655 4600 omnium
2694 4545 2769 4599 ut
2808 4537 3031 4599 salve·

567 4662 724 4709 mur
754 4645 1140 4726 affirmant;
1174 4646 1314 4709 alii:
1348 4645 1463 4709 isti
1491 4647 1719 4709 solam
1749 4663 1964 4709 unam
1995 4663 2290 4709 uxorem
2319 4645 2566 4708 haberi
2595 4662 2805 4725 posse
2834 4662 3033 4725 prae·
