3679 5414
701 456 812 520 282
1595 456 1877 518 Canon.
1919 456 2074 517 Soc,
2112 459 2251 532 JEs.

701 621 918 684 quam
985 604 1050 666 ei
1099 612 1300 668 tanta
1359 619 1525 684 spes
1584 602 1949 667 affulserat
2011 606 2285 668 animas
2343 605 2625 669 Christo
2685 603 3170 667 lucrifaciendi

702 728 918 791 quam
955 710 1089 773 hoc
1129 726 1352 788 anno;
1395 710 1561 790 quia
1598 711 1826 774 bonus
1866 710 2041 774 odor
2089 710 2464 775 Societatis
2502 730 2592 775 ex
2629 711 2920 775 remotis
2956 711 3169 773 etiam

705 816 1094 897 provinciis
1122 817 1332 881 valde
1361 817 1685 897 fragrare
1718 817 2056 882 Coloniae
2084 829 2447 900 coeperat,
2482 828 2552 882 et
2581 818 2780 882 multi
2809 819 3060 884 melius
3085 818 3171 881 de

699 922 1057 987 Societate
1087 924 1353 987 sentire
1383 942 1598 1014 quam
1627 933 1838 988 antea
1867 942 2231 1006 nunquam
2270 926 2731 1007 incipiebant;
2775 926 2990 988 libelli
3027 926 3170 1006 qui-

698 1030 871 1093 dam
899 1030 1238 1110 impressi·
1256 1031 1343 1094 de
1371 1031 1584 1094 rebus
1607 1030 2007 1113 SocietatiS,
2037 1034 2218 1097 inter
2241 1028 2431 1114 quas
2448 1033 2534 1096 de
2558 1024 2902 1112 martyrio
2926 1030 3001 1095 P.
3029 1031 3170 1094 An·

702 1136 880 1201 tonii
936 1137 1342 1202 Criminalis
1398 1139 1777 1219 agebatur,
1838 1140 2221 1220 plurimum
2271 1141 2594 1204 omnibus
2661 1139 3173 1203 aedificationis

704 1245 1197 1325 praestabant,
1232 1256 1301 1309 et
1330 1255 1407 1309 ut
1443 1245 1782 1311 Societati
1820 1248 2055 1327 magis
2094 1246 2541 1312 afficerentur
2580 1247 2946 1327 eidemque
2984 1245 3171 1309 fave-

700 1360 862 1415 rent
891 1350 1257 1416 efficiebat.

823 1458 964 1523 238.
1051 1460 1278 1523 Feriis
1328 1462 1549 1524 sextis
1599 1462 1967 1525 domestici
2015 1463 2306 1525 latinam
2362 1462 2756 1530 orationem
2800 1478 2929 1541 per
2978 1460 3174 1522 vices

700 1567 897 1630 domi
923 1575 1214 1630 nostrae
1237 1566 1616 1648 habebant,
1644 1564 1735 1632 ad
1758 1587 1973 1650 quam
1996 1568 2419 1633 audiendam
2440 1569 2657 1632 etiam
2679 1569 2879 1631 multi
2901 1567 3174 1631 externi

701 1673 1004 1737 studiosi
1035 1674 1513 1754 confluebant,
1553 1693 1687 1739 nec
1727 1677 1992 1755 exiguo
2029 1693 2191 1739 cum
2231 1674 2465 1740 fructu
2501 1675 2948 1738 recedebant.
2997 1674 3173 1737 Cum

704 1790 981 1860 tempus
1011 1782 1100 1844 ab
1131 1782 1288 1844 aliis
1317 1798 1490 1862 erga
1521 1785 1886 1863 proximos
1908 1783 2491 1863 occupationibus
2513 1782 2810 1845 liberum
2831 1781 3173 1861 relinque·

706 1888 936 1968 batur,
971 1888 1204 1951 studia
1235 1889 1637 1969 theologica
1664 1889 1740 1952 P.
1773 1889 2191 1953 Leonardus
2219 1889 2798 1970 prosequebatur.

727 2002 732 2005 “
826 1994 967 2058 239.
1053 1995 1561 2059 Benevolentia
1600 1994 2028 2060 Abbatissae
2078 1997 2406 2060 undecim
2456 1996 2749 2059 millium
2794 1995 3174 2073 Virginum

705 2102 935 2183 primo
975 2103 1258 2183 quidem
1300 2104 1618 2166 tentabat
1667 2113 1743 2166 ut
1793 2122 1974 2167 onus
2023 2103 2482 2184 praedicandi
2521 2104 2592 2166 in
2630 2103 3003 2184 parochia,
3053 2101 3174 2163 ubi

701 2209 1188 2273 confessiones
1217 2209 1548 2273 audiebat
1575 2209 1650 2273 P.
1692 2210 2131 2287 LeonarduS,
2164 2211 2229 2273 ei
2259 2228 2421 2274 curn
2449 2211 2758 2292 pastoris
2789 2209 3018 2272 officio
3049 2210 3169 2271 im-

705 2326 1118 2398 poneretur3
1154 2318 1317 2398 quia
1357 2316 1506 2397 ejus
1536 2319 1851 2382 muneris
1881 2319 2208 2382 collatrix
2238 2319 2355 2382 illa
2387 2327 2561 2382 erat.
2597 2318 2685 2381 Et
2715 2317 3043 2397 quamvis
3083 2316 3175 2379 ad

703 2425 1081 2488 utilitatem
1110 2426 1549 2504 spiritualem
1578 2427 1967 2490 multorum*
1991 2427 2060 2490 id
2090 2426 2403 2489 futurum
2432 2434 2607 2504 erat,
2636 2434 2704 2488 et
2734 2440 2930 2504 spem
2961 2440 3173 2503 auge-

697 2531 826 2594 bat
864 2530 1159 2611 Collegii
1199 2533 1314 2593 vel
1358 2532 1430 2593 in
1475 2532 1628 2613 ipsa
1671 2533 2014 2614 parochia
2055 2524 2177 2596 vel
2210 2534 2282 2596 in
2321 2533 2625 2596 ecclesia
2661 2530 2990 2595 undecim
3030 2530 3159 2593 mil¹

707 2637 878 2700 lium
916 2637 1296 2718 virginum
1347 2638 1742 2719 obtinendi,
1799 2641 1963 2722 quia
2015 2650 2253 2703 tamen
2305 2637 2683 2702 Societatis
2732 2638 3052 2701 instituto
3103 2635 3175 2700 id

709 2762 964 2824 parum
1023 2747 1522 2827 conveniebat,
1586 2760 1767 2811 onus
1822 2748 1993 2812 illud
2043 2766 2184 2812 non
2240 2747 2370 2811 fuit
2429 2747 2838 2811 admissum.
2900 2745 3178 2826 Adjecit

707 2851 962 2915 deinde
993 2853 1306 2916 animum
1328 2855 1576 2918 eadem
1599 2854 1985 2940 Abbatissa
2009 2855 2100 2918 ad
2128 2854 2635 2933 resignandam
2657 2853 3031 2916 ecclesiam
3053 2870 3173 2915 un-

696 2956 938 3023 decim
967 2960 1261 3023 millium
1289 2961 1671 3041 Virginum
1700 2971 1775 3025 ut
1814 2979 1905 3025 ex
1943 2977 2033 3025 ea·
2066 2963 2182 3026 vel
2219 2961 2727 3024 monasterium
2767 2959 3180 3022 monialium

697 3066 830 3130 -vel
857 3065 1251 3146 Collegium
1293 3069 1798 3148 institueretur,
1843 3078 1912 3132 et
1941 3069 2041 3131 ita
2069 3063 2371 3132 Senatus
2401 3076 2470 3131 et
2501 3068 2622 3130 alii
2651 3061 2958 3147 quidam,
2995 3067 3180 3129 inter

704 3190 884 3252 quos
934 3172 1282 3237 Dominus
1334 3174 1747 3256 Gropperus
1796 3176 1965 3256 quid
2014 3176 2099 3239 de
2143 3193 2228 3238 ea
2270 3176 2574 3239 ecclesia
2606 3173 2760 3237 fieri
2788 3181 3172 3253 oporteret,

693 3296 924 3359 ⁴agere
954 3291 1358 3362 coeperunt,
1404 3300 1541 3362 quo
1581 3292 1897 3363 tempore
1939 3295 2374 3364 magnopere
2414 3282 2488 3346 P.
2534 3281 2723 3345 Petri
2763 3279 3178 3344 Can—isii'ad-

698 3394 966 3462 ,ventus
1002 3388 1549 3467 exspectabatur
1589 3389 1951 3467 (quamvis
1991 3399 2059 3452 et
2098 3387 2256 3453 aliis
2296 3390 2366 3453 in
2405 3390 2580 3452 locis
2609 3387 2963 3451 inferioris
3006 3386 3178 3450 Ger·

701 3493 986 3558 maniae
1009 3494 1298 3556 aliasob
1324 3512 1581 3557 causas
1603 3496 2086 3575 expeteretur)
2118 3497 2209 3560 ad
2239 3495 2445 3576 hujus
2465 3495 2739 3574 negotii
2763 3509 3177 3557 successum

697 3605 852 3664 ,non
880 3617 1154 3680 parum,
1190 3610 1264 3663 ut
1293 3602 1688 3680 videbatur,
1724 3604 2111 3666 collaturus
2138 3601 2178 3666 ¹.
2977 3612 2983 3621 '

797 3706 970 3772 ,240-
1055 3706 1259 3770 Prior
1309 3707 1729 3773 Carthusiae
1782 3709 2226 3772 Coloniensis
2270 3727 2430 3772 cum
2481 3727 2806 3774 crescere
2835 3709 3179 3773 familiam

695 3820 1117 3884 ,nostrorum
1133 3815 1622 3896 intellexisset,
1652 3833 1939 3879 currum
1963 3817 2509 3897 supellectilibus
2542 3819 2826 3897 plenum
2855 3818 2945 3879 ad
2976 3807 3180 3879 usum

705 3917 1115 3986 nostrorum
1138 3922 1616 3987 studiosorum
1637 3926 1822 3988 ultro
1847 3924 2058 4004 misit,
2085 3933 2154 3988 et
2181 3925 2447 3988 nullam
2469 3925 2919 3988 occasionem
2952 3925 3179 3987 bonus

709 4035 935 4100 ων».
1009 4051 1052 4059 ·“
1131 4035 1218 4056 ·’
1697 4047 1703 4052 ·
2034 4025 2096 4053 ff
2470 4044 2476 4048 ,
2648 4045 2652 4052 ‚
3010 4021 3018 4027 ·

701 4139 740 4178 Α
791 4151 828 4196 2,
887 4157 892 4178 l

703 4281 715 4290 ·
729 4283 739 4302 .
755 4286 762 4303 ,
776 4264 820 4297 Ἰ·
843 4271 854 4322 ,'
872 4263 1142 4322 Polaticus,
1165 4275 1232 4306 ex
1250 4265 1645 4316 commissnone,
1665 4263 1936 4309 Leonardo
1956 4261 2169 4319 Kessev,
2186 4259 2233 4308 el
2250 4259 2557 4309 'facultatem
2580 4265 2777 4310 faciens
2796 4273 2851 4309 ut
2873 4265 3181 4318 ubicumque

709 4335 808 4400 ipsi
829 4336 1091 4402 vplacuerit
1128 4336 1457 4380 concionetur
1490 4342 1542 4379 et
1577 4348 1920 4392 quoscumque
1950 4337 2323 4392 velltRomam
2355 4337 2559 4391 mittat,
2595 4338 2639 4380 el
2676 4338 2835 4382 etlam
2870 4338 3019 4381 enixe
3054 4347 3186 4384 com·

713 4409 922 4452 mendat
944 4408 1255 4460 Arnoldum,
1278 4413 1402 4460 etc..
1425 4408 1479 4450 25
1500 4408 1747 4462 August13
1770 4410 1936 4453 cidem
1952 4442 1962 4460 .
1983 4415 2039 4452 ut
2064 4408 2326 4474 Canisium
2360 4409 2676 4463 Ingolstadio
2709 4392 2975 4452 boloniam
3010 4409 3076 4453 ad
3099 4407 3187 4469 uli-

714 4483 838 4534 quot
859 4480 968 4524 dies
989 4486 1195 4532 evocet,
1226 4480 1267 4523 sl
1288 4481 1354 4523 ab
1385 4491 1446 4522 eo
1475 4480 1628 4524 citius
1658 4471 1961 4535 faciliusque
1976 4473 2162 4525 confici
2196 4492 2345 4535 posse
2362 4479 2559 4534 judicet
2583 4479 2872 4533 negotium,
2907 4480 3041 4533 quod
3066 4487 3184 4522 tunc

714 4553 995 4605 agebatur,
1019 4553 1079 4595 de
1110 4553 1281 4604 domo,
1306 4563 1402 4604 sc..
1434 4552 1748 4596 monasterio
1780 4553 2019 4596 undecim
2040 4553 2203 4597 millia
2235 4552 2510 4606 virginum
2540 4553 2714 4595 vicina
2731 4550 3187 4612 „QggagQg-Qn.

714 4623 993 4675 modanda,
1017 4624 1066 4666 17
1088 4623 1406 4666 Novembris.
1427 4623 1538 4666 Hac
1561 4623 1672 4677 ipsa
1702 4623 1782 4666 die
1817 4624 1959 4667 facta
1997 4624 2229 4668 Kesselio
2264 4630 2345 4668 est
2379 4624 2605 4667 facultas
2640 4623 3014 4677 professionem
3042 4625 3187 4668 emit·

714 4695 857 4738 tendi
876 4701 928 4738 et
950 4695 1107 4738 missa
1126 4694 1459 4748 professionis
1481 4695 1718 4738 formula.
1930 4703 1955 4716 '⁹
2184 4695 2228 4715 '‘
2357 4704 2367 4715 ·
2444 4694 2453 4700 “
2500 4694 2511 4710 ‘
2557 4713 2563 4719 ·
2614 4705 2630 4716 ’
2714 4703 2723 4716 ’
2790 4705 2799 4714 ·
2906 4707 2912 4714 ·
3002 4691 3005 4694 ’
3079 4691 3089 4718 ²
