3679 5414
666 461 779 522 34⁴
1595 465 1849 527 Canon.
1893 467 2047 528 Soc.
2086 469 2228 542 JKS-

673 619 788 672 tus
830 609 922 672 ad
963 611 1238 675 animas
1275 630 1405 694 per
1441 614 1919 694 poenitentiae
1962 624 2487 684 sacramentum
2534 615 3021 681 emundandas
3068 624 3144 682 et

681 714 1221 783 sanctissimam
1269 720 1794 786 Eucharistiam
1835 722 1911 785 in
1956 733 2104 788 tam
2145 724 2442 788 solemni
2477 723 2658 788 festo
2687 723 3152 787 Pentecostes

673 824 893 904 digne
924 827 1465 909 suscipiendam,
1492 839 1570 893 ut
1589 830 1945 910 legatione
1973 849 2105 913 pro
2128 831 2282 896 Deo
2305 831 2633 911 fungenS,
2660 833 2986 895 hortatus
3009 839 3147 910 est,

678 941 771 1012 et,
806 935 1139 1015 quamvis
1159 936 1499 1017 neophyti
1520 946 1756 1000 essent
1778 938 1966 1002 bona
1986 954 2078 1002 ex
2105 947 2307 1019 parte
2337 939 2428 1003 ad
2452 937 2661 1002 fidem
2684 938 3154 1003 christianam

681 1058 782 1104 ex
808 1041 1213 1107 Mahometi·
1238 1042 1645 1109 infidelitate
1674 1046 2036 1126 conversi,
2079 1056 2149 1111 et
2184 1047 2257 1110 id
2291 1062 2516 1126 genus
2558 1046 2925 1110 hominum
2971 1045 3155 1109 satis

589 1173 597 1183 ·
682 1165 1034 1231 superque
1073 1151 1204 1214 sibi
1241 1152 1593 1216 existimet
1632 1152 1692 1215 si
1736 1155 1954 1217 semel
1990 1154 2289 1233 singulis
2326 1155 2531 1218 annis
2558 1154 2651 1217 ad
2689 1153 2868 1217 haec
2896 1152 3146 1217 Sacra·

680 1266 924 1320 menta
955 1259 1356 1337 accesserit,
1390 1259 1493 1323 sic
1521 1269 1760 1324 tamen
1781 1261 2077 1324 verbum
2100 1261 2236 1324 Dei
2263 1278 2510 1325 eorum
2536 1261 2878 1325 emollivit
2902 1261 3151 1340 corda,

684 1370 760 1425 ut
793 1364 1079 1443 plurimi
1116 1364 1192 1428 P.
1226 1359 1588 1445 Baptistae
1619 1367 1913 1431 consilio
1943 1368 2452 1448 acquieverint.
2484 1367 2822 1431 Invitavit
2851 1384 2975 1431 eos
3003 1375 3080 1430 ut
3103 1384 3156 1430 a

683 1470 988 1549 prandio
1027 1471 1116 1535 ad
1146 1473 1453 1552 plateam
1481 1474 1838 1554 publicam
1872 1491 2114 1537 secum
2153 1474 2605 1553 accederent,
2646 1474 2833 1555 quod
2875 1482 3150 1552 specta·

681 1577 930 1641 culum
958 1578 1146 1658 apud
1174 1579 1330 1642 illos
1366 1597 1662 1660 prorsus
1699 1580 2115 1645 inusitatum
2149 1591 2336 1662 erat;
2376 1582 2491 1645 ille
2530 1589 2770 1644 tamen
2813 1582 2892 1644 in
2913 1582 3160 1662 platea.

682 1682 771 1746 de
799 1682 931 1764 his,
960 1702 1142 1765 quae
1164 1687 1256 1750 ad
1283 1686 2167 1753 doctrinam‘christianam
2188 1690 2656 1770 pertinebant,
2691 1689 3156 1752 concionatus

684 1801 815 1867 est;
850 1801 920 1856 et
951 1792 1139 1857 hunc
1170 1795 1490 1859 ordinem
1517 1796 1819 1859 instituit
1849 1805 1926 1860 ut
1970 1797 2119 1877 ipse
2152 1814 2362 1861 mane
2392 1797 2959 1876 concionaretur,
2990 1804 3151 1875 post

686 1899 1055 1963 meridiem
1083 1911 1321 1966 autem
1350 1903 1572 1983 ipsius
1602 1903 1838 1968 socius
1870 1902 2220 1968 Cordeses
2256 1904 2718 1968 christianam
2753 1903 3152 1968 doctrinam

683 2003 1117 2088 declararet;
1164 2026 1303 2090 qua
1342 2010 1822 2075 declaratione
1863 2012 2217 2088 absoluta,
2262 2021 2641 2075 consuetas
2680 2011 3040 2075 orationes
3066 2027 3154 2074 ac

685 2114 1084 2193 symbolum
1133 2125 1204 2180 et
1241 2134 1424 2196 quae
1464 2118 1555 2181 ad
1599 2117 2060 2182 christianam
2097 2118 2495 2183 doctrinam
2546 2119 2992 2198 pertinebant
3028 2134 3163 2181 eos

688 2219 898 2284 simul
918 2222 1055 2286 hoc
1083 2223 1300 2287 modo
1324 2225 1744 2289 edocebant:
1772 2226 2094 2304 praeibat
2122 2224 2198 2290 P.
2225 2227 2547 2307 Baptista
2570 2227 2686 2289 vel
2714 2224 2864 2306 ejus
2891 2225 3156 2306 sociuS,

691 2339 760 2392 et
785 2347 1033 2394 omnes
1054 2330 1371 2411 cujnsvis
1392 2332 1647 2395 aetatis
1669 2341 1739 2395 et
1759 2349 1997 2412 sexuS,
2016 2335 2161 2398 alta
2181 2351 2361 2397 voce
2382 2332 2570 2397 idem
2590 2332 3159 2414 pronunciando,

691 2438 1190 2517 sequebantur.
1245 2438 1381 2517 Qui
1431 2448 1666 2502 autem
1714 2440 1785 2504 id
1834 2457 2061 2519 genus
2103 2441 2466 2505 hominum
2515 2441 2607 2504 ad
2653 2440 2824 2503 talia
2871 2439 3164 2520 pietatis

692 2561 911 2624 opera
939 2563 1112 2608 sane
1138 2545 1591 2609 durissimum
1613 2547 1916 2626 noverit,
1949 2548 2183 2628 magis
2210 2548 2574 2629 energiam
2596 2546 2797 2610 verbi
2818 2546 2976 2626 Dei,
3010 2556 3157 2610 tam

695 2651 896 2715 brevi
945 2654 1363 2735 praesertim
1413 2663 1726 2736 tempore
1766 2654 1838 2718 id
1886 2655 1975 2719 ab
2024 2655 2128 2720 eis
2184 2654 2703 2736 extorquentiS,
2755 2654 3160 2719 mirabitur.

689 2758 1001 2824 Instituit
1049 2771 1423 2843 praeterea
1463 2764 1994 2842 processionem
2033 2780 2419 2845 puerorum
2457 2764 2572 2827 vel
2607 2780 2942 2843 pompam
2982 2763 3153 2826 sole·

696 2884 933 2931 mnem
959 2869 1188 2949 pridie
1231 2869 1487 2933 festum
1516 2868 1759 2933 Sancti
1795 2868 2130 2950 SpirituS,
2162 2879 2240 2933 ut
2268 2887 2359 2934 ex
2389 2870 2647 2949 oppido
2689 2869 2780 2932 ad
2819 2871 3164 2950 templum

695 2975 773 3039 B.
819 2974 1104 3055 Virgini
1147 2993 1431 3039 sacrum
1470 2976 1649 3039 irent
1670 3026 1684 3054 ,
1718 2994 1879 3039 cum
1918 2977 2172 3057 quibus
2210 2977 2389 3040 alter
2427 2976 2720 3040 Patrum
2756 2977 3162 3040 doctrinam

692 3082 1155 3146 christianam
1184 3084 1325 3147 alte
1353 3083 1890 3165 pronunciando
1918 3083 2311 3164 incedebat,
2336 3083 2452 3147 cui
2480 3084 2728 3147 omnes
2756 3083 3162 3148 alternatim

688 3202 760 3253 et
788 3189 1111 3255 ordinate
1139 3191 1462 3254 canendo
1490 3191 2050 3271 respondebant;
2081 3200 2150 3254 et
2178 3191 2315 3255 hoc
2353 3190 2648 3254 consilio
2685 3209 2770 3254 ea
2798 3189 3168 3271 processio

693 3297 1016 3363 instituta
1045 3306 1151 3360 est
1181 3306 1258 3361 ut
1287 3315 1441 3361 mos
1471 3298 1585 3360 ille
1615 3298 1689 3361 in
1716 3297 2102 3378 majoribus
2130 3297 2330 3362 festis
2369 3298 2787 3362 observatus
2827 3288 3169 3377 parentes

697 3404 789 3467 ad
821 3421 988 3467 suos
1017 3421 1276 3484 pueros
1306 3405 1687 3468 mittendos
1717 3405 2054 3469 alliceret.

814 3511 958 3574 367.
1048 3510 1459 3575 Percrebuit
1499 3511 1690 3576 fama
1729 3512 2091 3593 profectus
2129 3512 2514 3593 spiritualis
2544 3510 2754 3591 huJus
2789 3510 3026 3591 oppidi
3068 3510 3162 3573 ad

694 3619 888 3682 aliud
915 3619 1252 3699 vicinum,
1287 3618 1488 3700 cujus
1515 3629 1761 3700 pastor
1785 3618 2134 3684 charitate
2163 3636 2338 3699 erga
2367 3636 2574 3682 suum
2602 3633 2897 3698 gregem
2925 3627 3168 3682 motus

693 3736 1029 3805 rogatum
1058 3726 1246 3789 misit
1275 3736 1352 3790 ut
1383 3725 1570 3807 apud
1610 3727 1804 3807 ipsos
1842 3726 1992 3789 dies
2032 3726 2296 3807 aliquot
2338 3724 2414 3789 P.
2459 3727 2781 3807 Baptista
2818 3734 3169 3809 maneret,

694 3843 1078 3913 antequam
1116 3834 1470 3898 Gandiam
1514 3834 1797 3897 rediret.
1839 3834 1961 3897 Ille
2004 3842 2241 3897 autem
2288 3832 2560 3896 Deniae
2608 3832 3014 3913 relinquens
3054 3848 3164 3894 so·

694 3940 883 4003 cium
911 3950 983 4003 et
1004 3940 1077 4003 in
1104 3940 1212 4016 iis,
1239 3958 1421 4021 quae
1442 3940 1766 4003 facienda
1789 3939 2235 4018 videbantur,
2268 3938 2593 4004 eumdem
2614 3939 2995 4017 instruenS,
3024 3955 3172 4019 quo

698 4046 1090 4111 vocabatur
1122 4047 1447 4111 accessit.
1483 4048 1805 4127 Quantus
1835 4048 2076 4111 autem
2101 4047 2197 4110 ibi
2222 4047 2432 4111 fuerit
2462 4048 2860 4111 animorum
2888 4046 3172 4110 fructus

699 4162 1180 4234 consequutus
1219 4152 1496 4217 difficile
1537 4163 1721 4217 esset
1764 4154 2183 4235 exprimere.
2234 4153 2506 4217 Horum
2544 4151 2835 4217 Patrum
2879 4152 3166 4216 domici-

698 4260 893 4340 lium,
928 4261 1255 4340 quamvis
1276 4261 1710 4340 gubernator
1733 4270 1802 4323 et
1825 4261 1949 4324 alii
1971 4278 2135 4324 cum
2161 4260 2489 4341 precibus
2519 4260 2902 4341 hospitium
2925 4258 3174 4322 offere·-

702 4367 896 4446 bant,
933 4367 1280 4448 hospitale
1309 4385 1700 4448 pauperum
1730 4368 1884 4447 fuit,
1912 4377 1981 4431 et
2005 4368 2063 4432 si
2087 4367 2251 4448 quid
2281 4366 2764 4430 commoditati
2792 4365 3170 4447 temporali

702 4473 971 4551 deerat,
1028 4473 1416 4554 spiritualis
1463 4474 1877 4553 consolatio,
1922 4484 2069 4538 tam
2109 4475 2180 4538 in
2212 4474 2296 4538 iis
2340 4474 2616 4555 oppidis
2653 4480 2867 4554 quam
2909 4473 2983 4536 in
3020 4472 3170 4553 via,

705 4580 1108 4660 supplebat,
1142 4579 1319 4643 adeo
1350 4580 1895 4671 utffperlibenter,
1928 4582 1988 4643 si
2016 4599 2143 4662 per
2166 4582 2456 4660 negotia
2486 4581 2873 4644 domestica
2893 4581 3172 4660 liceret,

705 4685 798 4749 ad
830 4687 1002 4750 talia
1032 4670 1425 4751 ministeria
1450 4697 1688 4751 essent
1716 4687 2033 4752 redituri.
