3679 5414
675 433 791 493 234
1596 433 1857 494 Cannu.
1899 432 2050 494 Soc.
2092 433 2230 506 JES.

678 578 1055 642 commoda
1083 579 1258 642 satis
1280 587 1433 642 erat
1461 587 1531 642 et
1558 579 1822 642 nostris
1852 578 2186 642 Panormi
2209 579 2391 641 male
2413 578 2834 642 habentibus
2855 588 3145 660 propter

679 687 873 749 aeris
895 686 1382 749 salubritatem
1406 686 1613 749 valde
1636 695 2057 766 opportuna,
2086 703 2247 750 cum
2269 694 2723 767 prospectum
2745 696 2814 750 et
2836 687 3052 750 maris
3075 697 3143 749 et

684 803 919 857 terrae
946 810 1202 856 versus
1229 793 1662 856 Panormum
1688 793 2241 874 pulcherrimum
2267 792 2589 872 haberet,
2641 811 2802 856 cum
2839 793 3045 858 horto
3074 805 3143 859 et

683 919 892 981 aqua,
913 909 983 964 et
1008 899 1403 964 aedificium
1424 900 1631 964 facile
1655 900 1904 979 augeri
1921 909 2221 980 poterat.
2249 900 2415 980 Egit
2437 909 2671 964 autem
2694 917 2856 964 cum
2879 902 3142 966 Guber-

680 1017 933 1071 natore
971 1007 1245 1071 Natalis
1294 1017 1370 1070 ut
1413 1017 1561 1071 tam
1605 1007 1754 1088 ipse
1806 1026 2018 1088 quam
2060 1009 2314 1072 civitas
2357 1008 2747 1072 scriberent
2787 1008 3145 1072 Cardinali

680 1115 741 1177 F
745 1116 1024 1179 arnesio
1050 1133 1134 1178 ac
1158 1116 1234 1179 Ρ.
1269 1114 1571 1195 Ignati0,
1599 1125 1667 1179 et
1690 1116 1905 1179 etiam
1930 1116 2020 1179 ad
2042 1115 2451 1196 Pro-regem
2475 1125 2551 1179 ut
2575 1116 2725 1196 ipse
2755 1115 3145 1196 Collegium

684 1241 728 1286 a
756 1222 832 1285 P.
867 1223 1143 1302 Ignatio
1175 1224 1558 1301 obtineret;
1593 1232 1662 1286 et
1692 1223 1963 1287 reditus
1992 1223 2268 1303 aliquos
2297 1223 2388 1286 ad
2419 1222 2953 1286 sustentandum
2982 1234 3145 1287 octo

684 1333 799 1393 vel
849 1330 1093 1393 decem
1134 1349 1223 1393 ex
1260 1331 1522 1393 nostris
1562 1349 1605 1393 a
1645 1330 2009 1394 Cardinali
2058 1332 2132 1393 se
2185 1339 2671 1394 extracturum
2699 1330 3147 1394 Gubernator

684 1437 973 1517 recepit.

813 1545 946 1607 151.
1032 1545 1136 1608 Eo
1187 1554 1524 1624 tempore,
1569 1563 1707 1626 quo
1746 1545 2066 1625 Drepani
2110 1545 2241 1608 fuit
2280 1544 2354 1608 P.
2399 1545 2702 1624 Natalis,
2737 1544 3147 1624 erigendum

686 1652 965 1714 curavit
994 1652 1501 1714 monasterium
1542 1651 2091 1730 Conversarum,
2126 1652 2199 1714 in
2227 1670 2364 1732 quo
2403 1661 2694 1732 possent
2735 1653 2948 1715 etiam
2986 1669 3144 1715 con·

681 1757 973 1839 jugatae
1021 1759 1457 1838 peccatrices
1509 1758 1813 1838 admitti,
1869 1769 2077 1838 prout
2125 1759 2197 1822 in
2249 1759 2681 1823 monasterio
2724 1758 2915 1822 Stae.
2966 1758 3147 1822 Mar·

690 1864 854 1927 thae
881 1864 1155 1928 Romae
1183 1865 1279 1944 fit,
1314 1865 1538 1928 donec
1570 1866 1746 1927 viris
1776 1866 2427 1942 reconciliarentur;
2460 1875 2528 1928 et
2558 1884 2648 1928 ex
2678 1866 3147 1945 eleemosynis

687 1990 866 2052 opus
904 1972 1037 2036 hoc
1075 1972 1206 2035 fuit
1244 1973 1688 2053 inchoatum,
1723 1973 1912 2053 quod
1943 1974 2142 2036 brevi
2183 1972 2567 2036 dotandum
2601 1992 2644 2035 a
2684 1972 3022 2052 Pro-rege
3059 1990 3148 2034 ex

689 2080 997 2159 quadam
1025 2080 1471 2159 impositione
1502 2080 1742 2143 curiae
1772 2081 2216 2161 sperabatur.
2251 2080 2572 2144 Confecit
2612 2089 2848 2143 autem
2891 2079 2967 2142 Ρ.
3014 2080 3148 2143 Na-

689 2187 852 2249 talis
907 2195 1200 2265 statuta,
1263 2204 1446 2266 quae
1511 2187 1896 2250 observare
1949 2186 2358 2250 Conversae
2411 2187 2786 2266 debebant,
2861 2194 2931 2249 et
2989 2204 3146 2249 con·

685 2294 1179 2373 gregationem
1206 2293 1586 2373 quamdam
1607 2294 1946 2357 nobilium
1963 2294 2287 2372 instituit,
2315 2294 2436 2374 qui
2454 2310 2701 2357 curam
2724 2293 3148 2374 prospicien-

690 2401 759 2463 di
798 2400 1109 2463 subsidia
1139 2401 1558 2480 temporalia
1589 2402 2059 2481 susciperent,
2093 2411 2161 2464 et
2193 2402 2566 2482 quemdam
2597 2402 3009 2480 religiosum
3040 2418 3148 2463 or·

689 2508 874 2571 dinis
902 2507 1071 2570 Divi
1099 2506 1157 2570 F
1161 2507 1495 2586 rancisci,
1531 2508 1649 2588 qui
1678 2507 1900 2571 frater
1926 2509 2235 2592 Jacobus
2265 2508 2351 2571 de
2389 2507 2720 2588 Augubio
2761 2508 3145 2586 dicebatur,

690 2612 891 2692 cujus
921 2631 1137 2693 opera
1195 2614 1452 2677 multus
1509 2615 1896 2694 spiritualis
1963 2615 2234 2678 fructus
2292 2614 2607 2696 Drepani
2663 2617 3145 2695 proveniebat,

688 2722 850 2784 huic
880 2721 1077 2801 operi
1106 2721 1179 2783 in
1205 2722 1415 2784 rebus
1455 2722 1938 2803 spiritualibus
1977 2722 2357 2803 praefecit;
2403 2733 2470 2786 et
2507 2723 2813 2787 Domina
2853 2724 3150 2787 Isabella

684 2828 837 2908 ejus
864 2829 1002 2892 loci
1030 2829 1542 2909 protectionem
1572 2830 1905 2909 suscepit.

814 2934 946 2999 152.
1035 2937 1331 3001 Curavit
1370 2946 1607 3000 autem
1656 2946 1733 3000 ut
1769 2936 2141 3017 diligenter
2196 2946 2444 3000 contra
2488 2937 2805 3018 publicos
2845 2946 2913 3000 et
2951 2947 3147 3001 noto·

685 3042 830 3105 rios
881 3043 1422 3107 concubinarios
1461 3044 1659 3107 fieret
1697 3044 2080 3121 exsecutiO,
2136 3053 2206 3106 et
2248 3054 2323 3106 ut
2359 3046 2872 3107 mulctarentur
2920 3062 3148 3124 poena

686 3151 1128 3230 pecuniaria,
1174 3168 1355 3230 quae
1397 3152 1830 3214 monasterio
1871 3151 2396 3215 Conversarum
2446 3168 2696 3214 recens
2738 3159 2974 3215 erecto
3025 3169 3141 3231 ap·

685 3257 1090 3338 plicaretur3
1126 3259 1244 3320 ubi
1274 3258 1489 3321 etiam
1517 3258 1954 3321 concubinae
1986 3258 2407 3320 constitutae
2437 3266 2628 3335 sunt,
2663 3269 2739 3321 ut
2784 3260 2855 3320 in
2897 3258 3145 3339 spiritu

678 3362 1122 3445 juvarentur,
1165 3365 1389 3428 donec
1438 3367 1555 3428 vel
1597 3365 1992 3428 monachae
2034 3363 2185 3428 fieri
2229 3366 2344 3428 vel
2383 3372 2572 3427 certe
2595 3366 2978 3442 ‘honestam
3027 3364 3144 3427 ali-

688 3487 900 3550 quam
929 3472 1223 3535 vivendi
1246 3473 1597 3535 rationem
1628 3472 1989 3552 suscipere
2017 3472 2300 3535 vellent.

814 3577 950 3640 153.
1036 3578 1330 3642 Curavit
1361 3580 1576 3642 etiam
1614 3579 2270 3642 confraternitatem
2292 3573 2685 3659 'quamdam
2728 3578 3027 3656 institui,
3075 3579 3146 3640 in

684 3701 828 3763 qua
859 3684 1056 3749 initio
1087 3686 1223 3748 viri
1255 3687 1527 3749 nobiles
1556 3687 1850 3749 admissi
1869 3696 2064 3765 sunt,
2097 3687 2222 3750 sed
2244 3697 2491 3767 postea
2522 3687 2735 3749 etiam
2756 3683 3009 3766 plebeji
3031 3684 3146 3749 ad'·

686 3792 872 3855 mitti
900 3802 1188 3870 possent
1207 3843 1221 3872 ,
1256 3794 1377 3873 qui
1406 3794 1669 3881 saltem?
1687 3793 1985 3872 singulis
2014 3794 2372 3857 mensibus
2404 3792 2722 3857 confiteri
2744 3801 2813 3856 et
2842 3811 3145 3857 commu·

688 3899 929 3961 nicare
968 3909 1395 3980 tenerentur,
1439 3910 1507 3964 et
1547 3900 1792 3963 diebus
1830 3900 2201 3963 dominicis
2251 3919 2335 3964 ac
2379 3900 2575 3993 festis
2619 3901 2999 3980 quamdam
3030 3918 3144 3962 ex·

688 4004 1160 4071 hortationem
1186 3996 1534 4086 audirent,
1570 4017 1637 4071 et
1667 4009 1953 4088 pietatis
1984 4009 2312 4088 operibus
2357 4016 2727 4086 vacarent;
2772 4018 2840 4070 et
2881 4016 3142 4070 statuta

684 4112 902 4176 etiam
933 4113 1094 4177 huic
1132 4115 1678 4195 'congregationi
1715 4115 1903 4178 idem
1940 4114 2013 4178 Ρ.
2058 4113 2703 4194 Natalisconfecit;
2747 4123 2815 4177 et
2855 4132 3015 4177 cum
3060 4114 3146 4176 de

683 4238 772 4283 ea
803 4221 894 4284 ad
923 4219 1333 4301 Pro-regem
1372 4222 1763 4302 retulisset,
1806 4221 2100 4304 ipsemet
2147 4240 2405 4285 nomen
2434 4238 2638 4284 suum
2669 4222 2840 4285 dare
2871 4220 3142 4284 confra-

685 4328 1000 4391 ternitati
1039 4330 1292 4407 voluit,
1348 4330 1534 4410 quod
1585 4330 2054 4393 conveniebat
2104 4338 2180 4393 ut
2218 4328 2470 4409 majori
2520 4329 2972 4409 auctoritate,
3023 4310 3142 4407 qui

681 4432 835 4513 ejus
864 4452 1109 4498 curam
1138 4436 1520 4515 habebant,
1562 4437 1846 4517 pietatis
1883 4438 2171 4516 negotia
2201 4437 2699 4516 transigerent.
2735 4436 2902 4500 Inde
2932 4436 3145 4499 etiam

685 4558 868 4620 quae
898 4542 1223 4622 superius
1252 4542 1441 4605 dicta
1472 4552 1635 4606 sunt
1664 4544 1751 4607 de
1775 4544 2099 4607 oratione
2122 4543 2448 4608 facienda
2467 4592 2482 4621 ,
2510 4560 2669 4606 cum
2700 4543 2952 4605 litteris
2979 4543 3142 4605 Pro-

687 4648 879 4734 regis
908 4649 1000 4712 ad
1030 4666 1274 4711 omnes
1303 4649 1768 4726 magistratus
1795 4652 2215 4730 populorum
2248 4652 2505 4723 missae
2535 4660 2718 4733 sunt.
