3679 5414
719 447 836 508 598
1646 451 1902 513 Cimon.
1944 452 2095 514 Soc.
2135 453 2276 527 jes,

727 594 1016 659 Domini
1053 614 1210 660 esse
1239 607 1537 678 poterat,
1571 617 1717 662 non
1743 601 1970 663 solum
2001 599 2302 679 Collegii
2339 598 2937 663 administrationi
2983 616 3197 662 vaea-

725 704 847 767 bat
865 752 879 781 ,
912 704 1037 767 sed
1065 706 1445 768 multorum
1474 715 1933 770 externorum
1963 706 2449 770 confessiones
2478 704 2725 770 audire
2754 715 2823 769 et
2866 706 3205 786 spiritua-—

722 810 820 874 lia
848 811 1192 875 exercitia
1222 813 1701 893 compluribus
1729 814 2094 894 utriusque
2124 831 2341 877 sexus
2369 812 2770 877 hominibus
2791 828 3187 894 proponere

724 919 978 997 coepit.
1013 917 1156 982 Alii
1185 920 1492 1000 quidem,
1528 920 1646 1002 qui
1676 919 2089 985 sacerdotes
2117 939 2261 984 non
2291 930 2516 1000 erant,
2549 920 3016 984 familiaribus
3045 924 3184 984 col-

723 1025 979 1104 loquiis
1028 1026 1114 1089 de
1158 1027 1425 1108 multiS,
1479 1029 1904 1108 praesertim
1953 1028 2428 1109 scholasticiS,
2482 1029 2920 1092 benemereri
2956 1028 3187 1091 stude*

723 1131 923 1209 bant,
978 1142 1045 1195 et
1098 1151 1240 1196 non
1283 1135 1494 1215 pauci
1542 1152 1818 1215 eorum,
1865 1136 2125 1215 partim
2165 1136 2562 1214 doctrinae,
2602 1135 2861 1217 partim
2903 1135 3186 1215 pietatis

721 1239 990 1329 gratia,
1033 1249 1438 1304 nostrorum
1477 1241 2034 1306 familiaritatem
2080 1243 2540 1323 expetebant,
2588 1252 2658 1306 et
2696 1243 2913 1322 aliqui
2952 1261 3041 1305 ex
3082 1241 3203 1306 eis.

720 1345 812 1408 ad
860 1344 1239 1411 Societatis
1289 1347 1684 1417 institutum
1732 1350 1911 1412 bene
1956 1349 2190 1413 affecti
2234 1359 2459 1413 erant.
2514 1348 2697 1412 Aliis
2736 1365 2910 1428 ergo
2953 1349 3186 1413 studia

719 1470 850 1515 sua
905 1455 1377 1518 tractantibus
1433 1465 1555 1519 aut
1608 1474 1736 1536 per
1785 1456 2139 1538 colloquia
2196 1457 2401 1536 quasi
2456 1457 2729 1519 eminus
2785 1457 3183 1536 agentibuS,

721 1561 1042 1623 cominus
1073 1560 1146 1624 P.
1193 1561 1622 1625 Paschasius
1660 1580 1814 1626 rem
1843 1564 2158 1642 gerebat.
2194 1561 2493 1627 Cuidam
2524 1563 2877 1627 sacerdoti
2912 1563 3203 1627 flandro-

722 1684 984 1747 magna
1035 1668 1383 1732 modestia
1432 1670 1754 1750 praedito
1805 1687 1968 1733 cum
2007 1670 2348 1733 exercitia
2392 1670 2830 1749 tradidisset,
2884 1687 3203 1751 magnos,

720 1774 834 1837 ille
864 1791 1290 1861 progressus
1317 1776 1391 1839 in
1419 1776 1682 1840 virtute
1710 1777 1910 1856 fecit,
1944 1785 2022 1839 ut
2050 1795 2127 1840 se
2156 1785 2483 1840 renatum
2512 1776 2715 1856 quasi
2738 1779 3037 1840 alterum
3066 1777 3181 1840 ho·

720 1881 979 1944 minem
1030 1883 1183 1961 ipse
1234 1883 1705 1963 experiretur;
1761 1902 1852 1947 ne
1890 1892 2130 1947 autem
2168 1884 2260 1946 ad
2312 1881 2740 1947 Societatem
2790 1884 3182 1965 accederet,

721 1987 1219 2069 impedimenta
1248 1991 1601 2070 quaedam
1628 1992 1702 2054 in
1732 2008 1953 2055 causa
1990 1991 2307 2071 fuerunt;
2350 1992 2477 2054 sed
2498 2040 2513 2071 ,
2558 1992 2864 2070 negotiis
2907 1990 3184 2071 expedi·

720 2096 839 2175 tis,
883 2095 1146 2159 Christi
1189 2097 1510 2160 militiam
1558 2099 1798 2177 palam
1844 2098 2160 2180 profiteri
2199 2099 2272 2160 in
2318 2098 2555 2161 animo
2605 2097 2933 2161 habebat.
2980 2098 3203 2162 Alius

719 2200 869 2281 ejus
899 2203 1167 2282 sociuS,
1210 2203 1478 2268 eisdem
1519 2204 1882 2268 exercitiis
1910 2205 2330 2285 instructuS,
2379 2203 2808 2269 Societatem
2834 2205 3050 2269 etiam
3086 2206 3185 2269 in-

717 2307 918 2386 gredi
969 2312 1363 2387 constituit,
1419 2310 1531 2374 vir
1580 2313 1953 2392 praeclaro
2004 2312 2290 2391 ingenio
2341 2321 2411 2375 et
2459 2311 2820 2391 facundia,
2876 2312 2993 2393 qui
3037 2311 3187 2391 jam

717 2432 985 2479 annum
1017 2415 1482 2481 Sacramenta
1513 2420 1704 2499 apud
1732 2428 2020 2482 nostros
2047 2419 2564 2499 frequentabat,
2600 2419 2719 2499 qui
2747 2419 2995 2499 praxis
3015 2420 3183 2483 civi-

717 2521 806 2583 lis
837 2524 1179 2587 exercitio
1210 2526 1691 2605 compluribus
1722 2527 1929 2589 annis
1957 2527 2149 2589 vires
2177 2526 2608 2605 intenderat,
2642 2526 2768 2589 sed
2799 2526 2891 2589 ad
2913 2525 3184 2605 majora

718 2630 1151 2709 praestanda
1202 2633 1543 2696 talentum
1581 2650 1624 2695 a
1668 2633 1977 2697 Domino
2016 2644 2415 2715 acceperat.
2450 2633 2571 2696 Ille
2622 2642 2861 2697 tamen
2900 2632 3184 2698 differre

720 2737 1122 2817 ingressum
1151 2739 1411 2820 debuit,
1447 2751 1522 2804 ut
1549 2760 1666 2805 res
1696 2742 2154 2823 domesticaS,
2192 2751 2394 2822 patre
2425 2741 2780 2821 defuncto,
2814 2759 3184 2823 compone·

718 2853 850 2907 ret.
884 2845 1089 2909 Alius
1120 2848 1334 2911 etiam
1361 2847 1713 2912 Sacerdos
1735 2859 1894 2930 post
1917 2849 2255 2913 exercitia
2283 2850 2374 2912 ad
2397 2848 2847 2913 Carthusiam
2868 2850 3186 2913 animum

720 2954 1129 3034 appulerat,
1171 2954 1326 3035 sed,
1371 2974 1532 3020 cum
1575 2967 1863 3038 propter
1909 2956 2244 3020 afflictam
2292 2956 2443 3037 ejus
2492 2956 2972 3021 valetudinem
3011 2956 3081 3019 id
3118 2957 3185 3020 ei

721 3076 866 3122 non
911 3062 1293 3125 convenire
1332 3062 1407 3125 Ρ.
1452 3061 1882 3127 Paschasius
1920 3064 2392 3142 existimaret,
2436 3064 2669 3126 aulica
2717 3063 2865 3126 vita
2910 3064 3178 3143 relicta,

721 3184 849 3229 suo
879 3166 1080 3247 fungi
1109 3171 1564 3248 canonicatu,
1599 3188 1766 3234 nam
1797 3172 2186 3234 canonicus
2208 3180 2383 3249 erat,
2417 3171 2749 3249 instituit,
2783 3170 3041 3251 spretis
3063 3171 3180 3234 ho-

720 3272 1038 3351 noribuS,
1094 3276 1210 3355 qui
1261 3276 1326 3339 ei
1374 3294 1516 3340 non
1554 3278 1820 3357 petenti
1862 3278 2359 3341 offerebantur.
2400 3277 2587 3341 Inter
2632 3278 2810 3341 alios
2847 3277 3186 3342 sacerdos

720 3380 937 3443 etiam
967 3382 1254 3462 quidam
1282 3384 1634 3464 hispanus
1651 3395 1723 3448 et
1751 3385 1861 3448 vir
1891 3387 2139 3465 gravis
2168 3386 2434 3448 eisdem
2464 3385 2823 3448 exercitiis
2862 3386 3185 3448 excultus

719 3486 880 3567 fuit,
936 3506 1117 3569 quae
1167 3507 1330 3553 cum
1378 3491 1878 3555 commendare
1927 3510 2070 3556 non
2113 3501 2456 3571 cessaret,
2501 3492 2834 3572 quamdiu
2881 3492 3186 3570 viveret,

724 3604 1002 3674 tempus
1031 3596 1315 3677 aliquod
1346 3598 1657 3678 quotidie
1687 3599 1825 3662 illis
1857 3617 1932 3662 se
1965 3600 2298 3663 daturum
2326 3600 2669 3679 promisit.

841 3702 979 3767 422.
1069 3705 1290 3767 Multo
1341 3707 1579 3785 plures
1625 3706 1979 3770 foeminae
2028 3707 2104 3770 in
2152 3705 2418 3770 eisdem
2467 3706 2947 3786 profecerunt,
3002 3708 3186 3770 inter

721 3828 899 3890 quas
937 3812 1245 3891 quinque
1283 3813 1540 3875 viduae
1579 3830 1920 3892 magnum
1960 3832 2004 3876 a
2041 3813 2349 3877 Domino
2399 3814 2681 3893 pietatis
2725 3825 3186 3894 augmentum

719 3929 1181 3998 acceperunt,
1217 3936 1519 4000 quarum
1562 3936 1704 3982 una
1747 3921 2167 4000 religionem
2195 3922 2523 4000 ingressa
2551 3930 2682 3999 est,
2728 3921 3043 4001 reliquae
3086 3921 3181 3984 vi·

719 4033 866 4087 tam
896 4025 1249 4105 religiosis
1278 4025 1558 4089 affinem
1600 4037 1897 4105 agentes
1934 4037 2004 4091 et
2044 4028 2325 4108 pietatis
2366 4028 2696 4109 operibus
2739 4038 2810 4091 et
2852 4029 3184 4092 orationi—

718 4131 849 4195 bus
878 4142 1222 4196 vacantes
1251 4132 1322 4196 in
1350 4151 1478 4196 suo
1508 4143 1698 4196 statu
1728 4145 2288 4214 permanserunt.
2324 4135 2485 4199 Una
2528 4151 2775 4198 earum
2818 4137 3181 4215 praenobi-

715 4239 804 4302 lis
859 4241 1039 4303 alias
1092 4239 1568 4303 nobilissimas
1624 4252 1990 4305 matronas
2041 4242 2133 4305 ad
2181 4259 2463 4305 sacram
2521 4241 3042 4306 confessionem
3090 4244 3184 4307 ad

717 4356 1002 4410 nostros
1052 4347 1370 4427 deduxit,
1414 4358 1482 4411 et
1521 4349 2056 4428 quatuordecim
2108 4367 2456 4430 pauperes
2499 4350 2801 4430 privatis
2845 4350 3185 4430 impensis

720 4454 975 4535 alebat,
1008 4464 1292 4535 praeter
1321 4456 1500 4518 alias
1527 4457 2041 4536 eleemosynaS,
2075 4457 2326 4535 quibus
2346 4457 2560 4519 etiam
2583 4457 2670 4519 de
2693 4466 2939 4520 nostro
2962 4457 3184 4521 Colle—

720 4563 841 4642 gio
869 4563 1048 4626 bene
1080 4563 1331 4626 merita
1361 4570 1535 4627 erat.
1570 4563 1680 4627 Ex
1709 4571 2012 4643 quatuor
2042 4570 2279 4626 autem
2316 4563 2745 4644 virginibuS,
2778 4564 3031 4644 quibus
3067 4581 3187 4626 ea-

721 4669 878 4732 dem
909 4670 1248 4742 exercitia
1278 4671 1640 4751 proposita
1669 4670 1981 4749 fuerunt,
2017 4687 2178 4733 cum
2216 4688 2460 4733 omnes
2489 4671 2697 4734 valde
2726 4671 3179 4751 profecerint,
