3679 5414
703 430 817 489 634
1623 429 1879 491 Canos.
1922 432 2075 491 soe.
2115 432 2256 505 με.

708 577 920 641 Avila
951 578 1353 658 expetebat,
1389 587 1466 640 ut
1495 586 1785 657 possent
1814 577 1953 641 illis
1985 578 2360 657 obsistere,
2395 577 2515 658 qui
2545 593 2720 657 erga
2749 575 3182 641 Societatem

705 704 792 746 co
823 684 1130 747 functuri
1162 684 1394 747 officio
1439 683 1885 763 videbantur,
1930 702 2068 765 quo
2113 684 2189 747 Ρ.
2227 685 2468 748 Canus
2507 683 2986 770 Salmanticae
3024 684 3175 747 sun·

707 802 863 855 ctus
883 791 1137 870 fuerat,
1172 809 1335 854 cum
1357 792 1662 872 primum
1685 810 1769 855 eo
1791 789 2113 854 Societas
2136 791 2577 854 accessisset.
2604 790 2767 860 Ideo
2793 809 2952 854 cum
2974 790 3169 853 Patri

709 899 986 978 Ignatio
1015 917 1131 961 res
1174 916 1318 961 non
1370 899 1612 979 exigui
1643 899 1979 962 momenti
2009 899 2101 962 ad
2138 897 2522 963 Societatis
2550 908 2620 961 et
2649 898 2871 961 divini
2902 899 3183 961 servitii·

705 1016 1163 1085 augmentum
1208 1006 1366 1068 visa
1394 1005 1663 1085 fuisset,
1716 1006 2001 1086 scripsit
2042 1005 2133 1069 ad
2171 1005 2246 1069 P.
2292 1004 2627 1070 Stradam
2666 1006 2751 1069 de
2783 1007 2919 1069 hac
2949 1006 3175 1086 profe-

707 1115 939 1176 ctione
970 1113 1042 1176 in
1073 1113 1458 1175 Baeticam.
1492 1112 1630 1176 Sed
1660 1131 1821 1176 cum
1850 1112 1927 1176 P.
1962 1113 2394 1177 Franciscus
2424 1113 2688 1193 Borgia
2727 1113 2940 1176 etiam
2969 1130 3174 1192 expe-

707 1228 994 1299 teretur,
1030 1229 1097 1283 et
1128 1220 1270 1283 alia
1301 1218 1728 1283 Societatem
1759 1221 1938 1283 satis
1978 1230 2442 1301 occuparent,
2489 1221 2580 1284 ad
2620 1237 2921 1283 messem
2957 1220 3183 1299 illam,

705 1344 847 1388 non
885 1343 1320 1407 magnopere
1364 1336 1747 1404 maturam,
1785 1326 1921 1390 hoc
1967 1344 2153 1390 anno
2205 1327 2514 1408 operarii
2562 1328 2760 1390 missi
2798 1345 2942 1390 non
2986 1337 3173 1404 sunt;

705 1435 823 1513 qui
858 1434 1144 1497 omnino
1180 1435 1388 1514 pauci
1419 1443 1624 1497 erant
1652 1453 1782 1514 pro
1826 1452 2058 1497 messe
2097 1444 2245 1497 tam
2284 1435 2524 1498 multa.
2570 1435 2932 1498 Granatae
2964 1435 3177 1497 etiam

706 1541 1168 1620 expetebatur
1197 1541 1383 1604 idem
1414 1540 1488 1603 P.
1532 1540 1791 1604 Strada
1832 1560 1875 1604 a
1914 1541 2429 1622 Christophoro
2470 1541 2855 1621 BrizegnO,
2909 1542 3029 1622 qui
3059 1541 3175 1603 do-

709 1665 901 1710 mum
933 1665 1136 1710 suam
1166 1658 1234 1711 et
1286 1648 1423 1711 tria
1476 1649 1697 1711 millia
1735 1649 2157 1712 ducatorum
2199 1649 2369 1712 dare
2401 1666 2478 1712 se
2522 1651 2704 1712 velle
2744 1649 3174 1712 Granatensi

705 1755 1020 1833 Collegio
1052 1755 1253 1832 dixit,
1283 1773 1444 1818 cum
1474 1755 1564 1818 ad
1597 1754 2008 1834 Ognatense
2038 1755 2432 1834 Collegium
2463 1757 2822 1835 transiret,
2868 1766 2944 1818 ut
2977 1772 3175 1834 supe-

706 1863 854 1925 rius
884 1862 1211 1925 diximus.
1237 1862 1503 1925 Eodem
1532 1872 1600 1925 et
1631 1862 1981 1926 Dominus
2011 1861 2503 1926 Ferdinandus
2544 1863 2630 1926 de
2669 1863 2995 1938 Castilla,
3030 1861 3176 1924 Sal-

706 1970 1021 2033 mantica
1051 1970 1263 2032 etiam
1288 1970 1566 2049 missuS,
1594 1988 1670 2033 se
1702 1972 2121 2048 contulerat,
2150 1971 2269 2050 qui
2300 1969 2533 2033 Patris
2562 1969 2819 2034 Strada
2849 1970 3175 2049 spiritua-

711 2078 797 2139 lis
828 2076 1009 2139 filius
1038 2076 1269 2139 fuerat
1317 2074 1357 2138 ¹.

826 2182 966 2245 494.
1055 2181 1232 2247 Cum
1263 2184 1542 2262 legatus
1571 2192 1639 2245 et
1670 2182 2069 2247 Cardinalis
2090 2182 2407 2263 Poggius
2431 2183 2616 2246 intra
2648 2193 2978 2246 octavam
3013 2183 3176 2247 Cor—

709 2290 905 2369 poris
935 2288 1198 2353 Christi
1227 2290 1485 2367 Burgis
1516 2291 1851 2353 transiret
1889 2298 1957 2353 et
1997 2290 2072 2353 P.
2107 2291 2573 2354 Franciscum
2611 2291 2909 2370 Borgia,
2952 2300 3027 2354 ut
3067 2308 3187 2353 sus

709 2397 948 2473 perius
999 2396 1339 2474 diximuS,
1394 2397 1636 2460 videre
1675 2398 1888 2459 vellet
1924 2407 1992 2460 et
2036 2398 2332 2479 alloqui,
2379 2398 2708 2461 comitem
2747 2398 3018 2461 itineris
3061 2398 3178 2460 ha·

711 2503 876 2565 bere
933 2503 1156 2564 voluit
1221 2502 1299 2565 P.
1357 2503 1819 2566 Franciscum
1877 2502 2240 2582 Stradam;
2297 2516 2365 2568 et
2421 2523 2583 2569 cum
2640 2522 2763 2585 per
2823 2505 3179 2584 quoddam

709 2609 1215 2672 monasterium
1246 2608 1513 2672 ordinis
1541 2609 1667 2672 Sti.
1695 2610 2112 2690 Hieronymi
2140 2612 2526 2674 transirent
2550 2611 2678 2674 sub
2710 2610 3179 2674 advocatione

709 2717 834 2779 Sti.
868 2717 1165 2799 Joannis
1188 2718 1273 2780 de
1305 2717 1594 2796 Ortega,
1620 2728 1901 2798 petente
1928 2719 2188 2797 legato,
2225 2720 2638 2782 concionem
2661 2736 2966 2798 magnae
2990 2718 3177 2781 aedi-

709 2824 1062 2886 ficationis
1092 2824 1359 2902 habuit,
1396 2842 1534 2905 qua
1565 2825 1663 2886 illi
1691 2825 2007 2903 religiosi
2037 2843 2486 2905 summopere
2516 2827 2853 2889 commoti
2882 2824 2958 2887 P.
2992 2824 3179 2888 Stra-

708 2932 873 2994 dam
925 2930 1182 2993 obnixe
1236 2932 1539 2994 retinere
1589 2933 2028 3011 nitebantur,
2083 2944 2151 2995 et
2191 2933 2279 2995 ab
2332 2951 2415 2995 eo
2453 2934 2635 2995 velle
2684 2950 2759 2995 se
2812 2932 3191 2994 reformari

708 3039 1062 3101 dicebant.
1123 3037 1263 3101 Sed
1319 3056 1481 3100 cum
1538 3038 1900 3102 Cardinali
1957 3039 2329 3103 discedens
2384 3040 2594 3102 simul
2661 3040 2752 3103 ad
2819 3039 3181 3102 civitatem

697 3144 835 3215 Sti.
871 3145 1232 3209 Dominici
1261 3147 1345 3209 de
1375 3149 1446 3209 la
1475 3147 1785 3210 Calzada
1818 3158 2317 3226 pervenerunt.
2353 3147 2521 3210 Inde
2552 3148 2642 3209 ad
2667 3147 2953 3209 domum
2976 3144 3178 3223 Regi-

705 3270 841 3315 nae
870 3251 947 3314 P.
982 3252 1240 3316 Strada
1269 3272 1344 3316 se
1375 3253 1698 3331 contulit,
1733 3254 1852 3317 ubi
1891 3255 1968 3317 P.
2018 3255 2447 3317 Franciscus
2486 3253 2748 3332 Borgia
2787 3262 2954 3315 tunc
2995 3261 3172 3325 erat,

707 3369 776 3420 et
820 3358 982 3422 inde
1025 3360 1116 3422 ad
1156 3359 1565 3438 Ognatense
1595 3360 1992 3439 Collegium
2033 3378 2455 3441 progressus
2496 3368 2637 3440 est,
2683 3370 2754 3423 ut
2796 3359 3180 3421 Dominum

701 3466 1097 3529 Antonium
1126 3467 1212 3528 de
1242 3466 1569 3530 Cordoba
1599 3475 1668 3529 et
1698 3467 1908 3546 aliOS,
1944 3468 2063 3547 qui
2093 3468 2354 3531 ibidem
2382 3468 2879 3544 versabantur,
2925 3466 3176 3553 invise·

709 3582 838 3650 1·ct;
865 3582 933 3634 et
957 3590 1119 3635 cum
1152 3572 1584 3652 Ognatensis
1608 3573 1950 3636 ecclesiae
1983 3574 2225 3637 Abbas
2247 3592 2410 3636 eum
2439 3584 2765 3655 rogasset
2792 3583 2867 3635 ut
2891 3573 3079 3653 apud
3104 3589 3182 3633 se

708 3679 1279 3758 concionaretur,
1334 3680 1403 3742 id
1456 3697 1617 3743 cum
1663 3696 1928 3760 magna
1992 3681 2357 3744 hominum
2409 3680 2835 3762 frequentia,
2901 3678 3178 3741 satissa-

707 3786 942 3847 ctione
987 3794 1056 3848 et
1096 3786 1584 3849 aedificatione
1634 3788 1877 3867 populi
1924 3787 2126 3866 fecit;
2183 3798 2252 3850 et
2296 3788 2460 3868 quia
2509 3788 2583 3850 in
2632 3787 2812 3850 festo
2855 3786 2942 3849 D.
2988 3783 3189 3848 Petrix

709 3891 780 3954 P.
815 3892 1242 3956 Franciscus
1272 3893 1536 3973 Borgia
1566 3912 1707 3957 non
1738 3905 2018 3974 poterat
2048 3895 2420 3975 Vergarae
2452 3894 2894 3971 concionari,
2940 3903 3015 3955 ut
3052 3910 3171 3971 po·

705 3999 911 4078 pulus
954 4000 1067 4062 ille
1097 4000 1466 4080 sperabat,
1509 4018 1594 4063 eo
1626 4002 1814 4064 idem
1864 4002 1941 4065 P.
1996 4001 2253 4065 Strada
2303 4002 2665 4082 profectus
2704 4012 2841 4079 est,
2883 4009 2950 4063 et
2991 4000 3062 4062 in
3093 4016 3189 4061 eo.

702 4106 882 4170 sesto
911 4107 1372 4170 concionatus
1403 4125 1563 4170 cum
1593 4125 1859 4187 magna
1890 4110 2289 4172 animorum
2327 4109 2543 4172 totius
2580 4108 2821 4189 populi
2870 4123 3174 4170 commo·

703 4213 922 4292 tione;
944 4221 1011 4275 et
1035 4231 1119 4276 eo
1145 4214 1257 4276 die
1281 4231 1443 4276 cum
1468 4233 1597 4295 pro
1621 4233 1817 4278 more
1841 4215 2329 4296 hispaniarum
2353 4216 2538 4278 tauri
2563 4214 2883 4294 agitandi
2906 4221 3179 4289 essent,

702 4337 885 4398 quae
936 4321 1225 4384 venatio
1265 4338 1478 4401 saepe
1519 4339 1680 4385 cum
1718 4332 1947 4385 morte
1992 4331 2113 4385 aut
2150 4322 2562 4385 vulneribus
2601 4322 2965 4385 hominum
3009 4335 3168 4382 con-

785 4528 799 4558 ¹
862 4526 1099 4580 Ignatius
1120 4525 1266 4569 Patri
1290 4525 1571 4570 Francisco
1603 4528 1663 4570 de
1701 4527 1954 4578 Estrada,
1990 4528 2035 4570 ei
2070 4533 2386 4581 potestatem
2419 4528 2615 4571 faciens
2636 4534 2693 4571 ut
2713 4526 2918 4570 aestivo
2941 4530 3179 4576 tempore.

707 4597 893 4652 Burgis
913 4598 1190 4659 subsistat,
1213 4597 1420 4642 hiemali
1443 4596 1711 4641 Baeticam
1741 4599 1920 4642 visitet
1936 4631 1946 4651 ,
1968 4598 2054 4641 ubi
2075 4610 2160 4641 res
2182 4598 2462 4643 societatis
2486 4599 2679 4653 foveat,
2701 4604 2752 4641 et
2776 4594 2943 4651 Aprili
2967 4592 3180 4647 tandem

704 4669 966 4722 sequentis
989 4667 1110 4712 anni
1134 4668 1348 4712 Romam
1371 4669 1566 4722 veniat,
1589 4669 1615 4711 2
1631 4677 1681 4713 et
1702 4670 1758 4711 25
1778 4669 2071 4713 Februarii.
