3679 5414
1691 454 1819 512 AN.
1867 453 1999 513 1551
2929 492 2932 495 Δ
2968 452 3074 511 167

604 599 890 681 quidem
918 600 1173 662 civitas
1199 617 1241 662 a
1275 598 1631 663 Cardinali
1661 597 1968 662 Sanctae
2002 597 2255 660 Florae
2288 597 2795 660 monasterium
2824 595 3070 660 Sancti

608 706 999 787 Benedicti,
1033 706 1220 785 quod
1248 723 1389 769 non
1432 706 1659 769 solum
1696 704 2210 768 habitatoribus
2246 704 2603 768 desertum
2642 705 2766 767 sed
2804 721 3066 784 magna

608 832 697 877 ex
734 823 938 894 parte
978 815 1374 894 collapsum
1410 822 1594 892 erat,
1637 813 1953 876 obtinere
1996 813 2232 876 conati
2268 821 2453 891 sunt,
2498 822 2574 875 ut
2614 812 2708 874 ibi
2744 821 3065 877 nostrum

609 921 1004 1000 Collegium
1042 921 1466 1000 erigeretur,
1507 937 1598 983 ne
1637 919 1757 982 filii
1795 920 2110 1000 ipsorum
2146 927 2294 982 tam
2331 921 2581 999 procul
2620 920 2709 982 ad
2747 921 3064 983 scholam

607 1029 839 1092 Divae
869 1026 1140 1090 Mariae
1171 1027 1284 1090 del
1310 1025 1532 1090 Passo
1563 1027 1666 1089 ire
1696 1035 2155 1106 cogerentur;
2198 1024 2322 1088 sed
2350 1027 2634 1088 minime
2665 1028 2852 1106 quod
2880 1037 3068 1107 pete·

605 1135 776 1198 bant
808 1135 1278 1197 obtinuerunt.
1321 1132 1397 1197 P.
1445 1142 1683 1197 autem
1710 1133 2070 1211 AndreaS,
2105 1133 2224 1213 qui
2253 1133 2661 1196 ministeriis
2690 1132 3068 1197 Societatis

608 1242 1017 1323 aliquandiu
1055 1241 1339 1304 functus
1376 1241 1473 1304 ibi
1512 1240 1773 1319 fuerat,
1814 1239 1906 1303 ad
1935 1240 2133 1303 initia
2171 1240 2602 1320 neapolitani
2640 1240 2933 1320 Collegii
2965 1239 3070 1320 ja-

607 1349 857 1412 cienda
888 1349 961 1410 in
990 1355 1328 1411 autumno
1358 1347 1486 1410 fuit
1515 1357 1878 1411 evocatuS.

725 1455 783 1518 9.
870 1453 1031 1536 Jam
1060 1454 1220 1517 inde
1250 1454 1340 1517 ab
1371 1454 1569 1517 initio
1598 1453 1805 1534 hujus
1834 1455 2003 1518 anni
2031 1455 2248 1535 aliqui
2277 1472 2366 1517 ex
2396 1455 2642 1518 amicis
2662 1453 3064 1534 SocietatiS,

606 1579 905 1642 quorum
935 1562 1051 1642 pia
1082 1561 1433 1625 desideria
1461 1562 1710 1625 litteris
1732 1562 1807 1625 P.
1835 1562 2153 1640 Ignatius
2175 1562 2487 1640 fovebat,
2513 1562 2860 1624 rationem
2887 1563 3069 1625 inire

606 1669 1013 1732 instituendi
1041 1668 1298 1732 ibidem
1328 1668 1626 1749 Collegii
1654 1669 2080 1748 nitebantur,
2114 1670 2294 1732 inter
2324 1686 2500 1749 quos
2523 1669 2783 1731 Montis
2804 1670 3065 1733 Leonis

606 1775 773 1838 Dux
801 1784 870 1838 et
900 1776 1154 1839 Comes
1183 1776 1270 1839 de
1297 1775 1649 1839 Montorio
1679 1785 1747 1838 et
1769 1776 2114 1839 Dominus
2137 1775 2611 1857 Hieronymus
2632 1776 2719 1839 de
2741 1776 3060 1841 Fonseca

604 1882 1013 1961 diligentem
1041 1899 1332 1962 operam
1357 1882 1521 1945 huic
1550 1882 1838 1962 negotio
1875 1882 2265 1960 navabant3
2298 1891 2367 1944 et
2394 1882 2637 1962 Lupus
2667 1881 2753 1945 de
2782 1883 3058 1947 Mardo—

604 2006 752 2066 nes,
784 1988 1028 2050 domui
1056 1987 1414 2067 Pro-regis
1441 1988 1892 2068 praepositus
1917 1997 1984 2051 et
2007 1989 2078 2052 in
2098 1989 2705 2052 administratione
2727 1990 3064 2053 universa

606 2095 789 2158 illius
829 2095 1036 2175 regni
1075 2095 1455 2175 primarius
1497 2095 1847 2173 minister,
1895 2095 2112 2158 etiam
2159 2095 2324 2158 huic
2375 2096 2575 2175 operi
2616 2095 2936 2176 favebat,
2992 2107 3064 2160 et

607 2200 681 2265 P.
714 2201 1107 2281 Dionysius
1137 2202 1223 2264 de
1254 2200 1594 2281 Caesena,
1630 2202 2018 2265 monachus
2046 2200 2288 2265 Sancti
2314 2201 2706 2282 Benedicti,
2734 2213 2802 2266 et
2825 2204 3065 2267 Domi—

602 2325 735 2371 nus
765 2308 1242 2389 Hieronymus
1281 2307 1555 2387 Vignes
1591 2308 1933 2388 peculiari
1976 2308 2444 2372 sollicitudine
2492 2320 2560 2372 et
2608 2309 2953 2373 charitate
2990 2310 3066 2373 id

603 2416 970 2478 curabant.
1005 2414 1470 2495 Rogaverunt
1500 2423 1736 2478 autem
1764 2416 1975 2478 amici
2018 2413 2091 2478 P.
2125 2415 2477 2494 Ignatium
2514 2426 2590 2478 ut
2630 2417 2933 2497 aliquem
2975 2418 3067 2480 de

607 2520 959 2586 Societate
1017 2521 1386 2601 Neapolim
1445 2523 1783 2601 mitteret,
1838 2523 1959 2601 qui
2017 2523 2088 2585 in
2145 2522 2690 2602 quadragesima
2743 2522 2892 2603 jam
2938 2524 3059 2587 im-

600 2630 911 2693 minente
940 2629 1147 2692 simul
1185 2638 1253 2692 et
1284 2629 1722 2710 spiritualem
1748 2628 2145 2709 profectum
2167 2629 2448 2709 juvaret
2491 2638 2561 2693 et
2598 2648 2705 2705 ea,
2751 2649 2932 2712 quae
2969 2633 3063 2695 ad

600 2736 994 2817 Collegium
1020 2738 1393 2818 pertinent,
1427 2755 1558 2800 sua
1586 2738 1991 2817 praesentia
2013 2748 2482 2817 promoveret.
2515 2736 2658 2802 Sub
2681 2738 2866 2803 idem
2886 2757 3064 2820 ergo

599 2853 899 2925 tempuS,
934 2861 1073 2924 quo
1103 2844 1269 2907 Dux
1299 2843 1620 2907 Gandiae
1660 2854 2088 2913 recesserat.
2135 2842 2209 2907 P.
2254 2844 2663 2925 Alphonsus
2693 2845 3062 2910 Salmeron

599 2951 967 3031 Neapolim
998 2951 1255 3014 missus
1285 2960 1428 3040 est3
1460 2959 1529 3014 et
1558 2968 1722 3014 cum
1759 2951 1828 3014 in
1869 2951 2156 3014 civitate
2197 2968 2341 3014 non
2378 2960 2564 3015 esset
2594 2951 2888 3016 Pro—rex
2923 2971 3057 3016 nec

596 3058 807 3122 amici
838 3058 1178 3138 primarii,
1214 3059 1331 3138 qui
1360 3057 1511 3138 ejus
1540 3057 1812 3121 curiam
1838 3058 2335 3138 sequebantur,
2369 3058 2493 3121 sed
2518 3056 2845 3138 PuteoliS,
2872 3078 2955 3122 eo
2979 3078 3060 3124 se

598 3166 889 3230 contulit
919 3165 995 3228 P.
1029 3164 1419 3228 Salmeron.
1453 3165 1521 3228 A
1548 3165 1749 3228 Duce
1780 3164 2040 3228 Montis
2068 3165 2328 3229 Leonis
2356 3183 2442 3227 ac
2473 3165 2776 3228 Domino
2807 3165 3056 3229 Hiero·

591 3289 808 3353 nymo
838 3273 924 3336 de
954 3271 1277 3335 Fonseca
1306 3282 1628 3334 amanter
1657 3281 1998 3351 exceptus
2036 3280 2105 3335 et
2136 3272 2227 3335 ad
2265 3270 2677 3351 Pro-regem
2709 3269 3060 3338 adductus

594 3389 724 3458 est,
756 3381 868 3443 cui
898 3381 1112 3443 etiam
1141 3379 1413 3442 litteras
1444 3379 1839 3443 Cardinalis
1868 3378 1993 3442 Sti.
2034 3378 2281 3461 Jacobi
2309 3379 2551 3441 fratris
2581 3378 2655 3441 P.
2688 3377 3059 3444 Salmeron

596 3486 868 3549 obtulit.
903 3486 1217 3565 Benigne
1248 3503 1291 3547 a
1320 3483 1680 3565 Pro-rege,
1713 3484 2020 3548 Domino
2052 3484 2260 3549 Petro
2293 3485 2379 3548 de
2402 3484 2462 3548 T
2465 3486 2690 3565 oled0,
2720 3496 3056 3566 exceptus

592 3601 699 3656 est
747 3602 816 3657 et
867 3591 953 3656 de
1000 3592 1212 3655 rebus
1263 3593 1353 3655 ad
1398 3590 1826 3655 Societatem
1862 3593 2375 3672 pertinentibus
2414 3593 2645 3673 ipsum
2683 3592 3058 3674 diligenter

590 3700 897 3779 edocuit,
934 3717 1020 3762 ac
1051 3700 1218 3763 Dux
1246 3699 1508 3763 Montis
1535 3699 1794 3763 Leonis
1824 3717 1911 3763 ac
1933 3699 2311 3763 Mardones
2341 3710 2734 3781 opportune
2758 3701 3056 3782 Collegii

593 3808 958 3887 negotium
987 3807 1597 3886 commendabant;
1630 3807 1818 3886 quod
1845 3824 2009 3870 cum
2029 3806 2350 3887 Pro-regi
2371 3808 2775 3887 placuisset,
2804 3825 3051 3872 curam

594 3913 728 3977 illis
758 3913 949 3976 dedit
977 3922 1053 3976 ut
1085 3913 1301 3994 ipsius
1331 3914 1612 3977 nomine
1641 3913 1728 3976 de
1749 3914 2056 3994 quodam
2080 3914 2507 3977 monasterio
2531 3915 2602 3977 in
2625 3933 2795 3978 usus
2819 3915 3048 3979 Socie-

593 4021 760 4084 tatis
812 4020 1236 4101 applicando
1276 4030 1640 4101 ageretur,
1683 4039 1773 4083 ex
1811 4038 1949 4101 quo
1989 4021 2278 4101 quidam
2327 4021 2686 4101 monachi,
2742 4024 2861 4104 qui
2911 4025 3051 4086 alia

590 4128 748 4191 loca
778 4128 1074 4208 Neapoli
1101 4127 1476 4206 habebant,
1501 4126 1977 4191 transferendi
1997 4126 2089 4190 ad
2112 4128 2231 4190 illa
2254 4128 2690 4209 dicebantur;
2719 4131 3048 4210 quamvis

590 4252 722 4298 nec
753 4234 825 4297 id
854 4251 1264 4298 successum
1293 4234 1568 4313 habuit,
1601 4252 1732 4297 nec
1761 4235 1950 4314 quod
1981 4234 2066 4298 de
2095 4235 2234 4298 alio
2273 4236 2434 4299 loco
2464 4235 2693 4300 Divae
2723 4237 3045 4301 Marthae

589 4352 837 4422 postea
868 4349 1249 4405 tractatum
1280 4349 1408 4404 est.
1439 4339 1515 4404 Ρ.
1551 4340 1958 4421 Alphonsus
2001 4339 2368 4405 Salmeron
2398 4343 2796 4424 hujusmodi
2832 4362 3050 4425 nego—

590 4449 688 4510 tia
721 4449 972 4511 amicis
1003 4447 1377 4511 tractanda
1407 4449 1868 4530 relinquebat;
1903 4449 2052 4530 ipse
2083 4457 2319 4512 autem
2356 4451 2448 4513 ad
2484 4450 2857 4515 Societatis
2896 4469 3042 4516 mu·

589 4570 762 4616 nera
794 4554 1118 4617 obeunda
1148 4572 1224 4617 se
1255 4556 1626 4618 convertit.
1669 4555 1807 4618 Sed
1846 4556 2042 4636 quia,
2088 4573 2250 4620 cum
2286 4555 2652 4638 Neapolim
2694 4561 3040 4641 pervenit,

588 4660 1141 4740 quadragesuna
1162 4660 1309 4741 jam
1330 4672 1483 4725 erat
1509 4661 1865 4741 inchoata,
1890 4671 1960 4725 et
1982 4661 2226 4743 optimi
2248 4665 2505 4746 quique
2528 4677 2908 4746 suggestus
2929 4684 3047 4732 oc-
