3679 5414
1551 462 1680 522 ΑΝ.
1726 462 1861 522 1551
2809 427 2939 525 '351

580 606 724 671 381.
811 607 1133 671 Recessit
1161 623 1337 688 ergo
1363 606 1454 670 Ρ.Δ
1475 606 1706 672 Miron
1734 606 1808 669 21
1842 608 2009 689 Julii
2040 617 2108 670 et
2138 624 2378 671 secum
2409 607 2611 671 duxit
2651 609 2939 674 Patrem

456 714 862 796 quemdam,
892 714 1315 794 cognomine
1336 713 1657 791 Parram,
1686 723 1756 777 et
1785 712 2289 794 coadjutorem,
2315 724 2386 778 et
2415 732 2713 794 puerum
2743 717 2941 781 illum

455 816 848 886 duodecim
875 839 1107 885 annos
1146 839 1308 885 cum
1347 821 1639 885 dimidio
1676 830 1956 900 natum,
2005 820 2091 885 de
2129 839 2269 901 quo
2308 822 2632 903 superius
2674 824 2939 886 mentio

455 939 566 993 est
601 929 826 1009 facta;
860 929 1094 993 visum
1122 938 1361 992 tamen
1389 928 1520 991 fuit
1551 928 1626 991 P.
1661 927 2121 1008 HieronymO,
2154 927 2292 991 nisi
2320 937 2654 1009 parentes
2682 927 2835 1009 ejus
2864 930 2936 994 id

454 1046 777 1117 peterent
797 1085 812 1116 ‚
846 1037 1036 1100 nullo
1085 1035 1294 1099 modo
1333 1051 1497 1099 eum
1534 1027 1691 1098 esse
1729 1035 2063 1099 Valentia
2101 1035 2613 1099 abducendum.
2657 1036 2830 1099 Erat
2873 1038 2938 1100 is

454 1145 874 1225 parentibus
903 1143 1153 1207 unicus
1175 1142 1379 1222 filiuS,
1405 1152 1474 1205 et
1503 1142 1562 1205 si
1592 1142 1750 1205 aliis
1772 1159 1985 1206 carus
2014 1151 2189 1221 erat,
2218 1142 2428 1207 facile
2449 1143 2677 1207 videri
2699 1153 2934 1225 potest

455 1259 896 1331 quantopere
927 1259 1075 1313 tam
1104 1249 1405 1328 insignis
1447 1249 1704 1312 indolis
1724 1249 2270 1316 ‚et-eruditionis
2306 1266 2482 1329 puer
2519 1252 2938 1329 parentibus

453 1368 711 1436 gratus
748 1367 957 1421 esset.
1000 1356 1329 1438 Suscepit
1378 1366 1616 1419 tamen
1665 1355 2018 1419 difficilem
2070 1356 2256 1419 hanc
2298 1356 2744 1437 provinciam
2782 1358 2939 1438 ipse

452 1482 635 1545 puer
662 1465 839 1545 ipsis
868 1464 1341 1545 persuadendi
1371 1472 1448 1526 ut
1484 1462 1560 1526 P.
1603 1462 1951 1527 Mironem
1988 1472 2328 1543 rogarent
2357 1473 2433 1527 ut
2471 1480 2547 1526 se
2578 1464 2649 1526 in
2689 1463 2934 1528 Portu-

452 1573 756 1652 galliam
801 1572 1206 1635 adduceret.
1255 1570 1643 1651 Postquam
1682 1586 1856 1650 ergo
1899 1588 1978 1634 se
2019 1570 2173 1634 Deo
2212 1570 2770 1651 commendavit,
2816 1590 2935 1652 pa-

456 1688 696 1742 rentes
727 1679 1174 1759 aggreditur;
1212 1694 1512 1757 cumque
1548 1686 1753 1759 pater
1790 1678 2236 1741 minitaretur
2273 1678 2367 1757 ei,
2415 1677 2475 1740 si
2517 1679 2811 1741 ulterius
2849 1695 2936 1742 ea

455 1788 542 1849 de
573 1805 650 1850 re
681 1786 1069 1867 quidquam
1100 1785 1411 1864 diceret,
1432 1801 1519 1848 ea
1548 1793 1787 1847 tamen
1816 1784 2175 1849 rhetorica
2220 1785 2571 1865 spirituali
2615 1802 2784 1848 usus
2827 1795 2936 1849 est

455 1911 656 1973 puer,
704 1903 781 1957 ut
819 1893 891 1956 in
931 1910 1134 1956 suam
1183 1892 1607 1955 sententiam
1649 1901 2026 1972 utrumque
2063 1900 2433 1971 parentem
2473 1893 2924 1973 pertraxerit,

457 2000 637 2064 adeo
669 2010 747 2063 ut
775 1998 852 2062 P.
886 2000 1235 2063 Mironem
1274 2016 1437 2062 cum
1480 1999 1818 2078 lacrymis
1862 2007 2202 2077 rogarent
2240 2006 2317 2061 ut
2353 2016 2652 2079 puerum
2690 2016 2932 2063 secum

457 2108 724 2171 ducere
750 2109 819 2170 in
844 2107 1356 2186 Portugalliam
1379 2107 1614 2185 vellet3
1637 2115 1708 2168 et
1722 2107 1957 2184 magis
1973 2105 2229 2168 mirum
2251 2104 2321 2168 id
2345 2115 2472 2185 est,
2499 2122 2659 2169 cum
2683 2095 2930 2169 fervor

454 2214 749 2278 aestatis
780 2231 1022 2277 mense
1042 2214 1228 2296 Julio
1257 2214 1545 2277 unicum
1566 2213 1785 2275 filium
1807 2230 1894 2276 ac
1922 2212 2377 2276 delicatulum
2399 2221 2548 2276 toto
2573 2213 2645 2276 in
2668 2212 2922 2276 itinere

453 2322 638 2385 male
670 2330 1112 2385 tractaturus
1142 2320 1525 2385 videretur.
1560 2320 1738 2384 Cum
1775 2329 2013 2383 autem
2052 2320 2297 2398 matri,
2342 2319 2665 2383 omnibus
2702 2319 2921 2383 flenti·

453 2429 609 2508 buS,
640 2446 894 2492 serena
929 2430 1078 2509 ipse
1117 2428 1348 2491 fronte
1388 2446 1474 2491 ac
1510 2429 1699 2491 laeta
1736 2427 2198 2505 valediceret,
2240 2426 2561 2489 subirata
2604 2427 2785 2489 inter
2825 2427 2922 2490 la-

454 2553 746 2616 crymas
777 2546 1005 2600 mater
1034 2535 1213 2599 dixit
1241 2535 1329 2597 ei:
1364 2552 1405 2597 o
1429 2552 1599 2598 caro
1629 2533 1793 2597 cain
1822 2534 2033 2612 (sic),
2055 2542 2266 2614 putas
2288 2550 2399 2596 me
2420 2551 2564 2597 non
2586 2551 2744 2597 esse
2777 2526 2921 2597 ma-

454 2652 635 2706 trem
663 2653 895 2723 tuam,
929 2644 1051 2723 qui
1078 2652 1227 2706 tam
1250 2643 1427 2705 duro
1450 2642 1664 2705 corde
1687 2659 1730 2704 a
1752 2659 1866 2705 me
1889 2639 2250 2704 discedere
2273 2642 2508 2722 potes?
2530 2640 2922 2722 Respondit

449 2768 625 2831 puer
654 2751 1020 2815 discedere
1048 2768 1126 2814 se
1164 2760 1240 2814 ut
1282 2750 1437 2814 Deo
1477 2749 1860 2829 perfectius
1896 2749 2306 2827 inserviret;
2346 2748 2509 2812 inde
2542 2766 2698 2813 esse
2732 2749 2923 2830 quod

450 2859 638 2921 laeto
672 2859 912 2921 animo
938 2857 1009 2921 id
1031 2858 1320 2921 faceret.
1349 2857 1526 2921 Cum
1550 2865 1787 2919 autem
1811 2855 1997 2919 idem
2018 2873 2195 2937 puer
2219 2855 2560 2919 fratribus
2588 2856 2917 2936 spiritua—

448 2965 633 3030 libus
684 2967 763 3029 in
802 2965 1119 3045 Collegio
1157 2974 1403 3028 nostro
1441 2964 1902 3042 valediceret,
1939 2963 2244 3026 ubertim
2271 2963 2494 3043 flevit,
2532 2974 2609 3026 ut
2643 2972 2790 3025 tam
2825 2962 2913 3025 de

443 3080 660 3135 exuto
687 3074 999 3136 humano
1021 3070 1278 3135 affectu
1307 3088 1519 3151 quam
1548 3071 1634 3133 de
1665 3070 2012 3151 spirituali
2041 3070 2287 3134 induto
2320 3087 2566 3133 omnes
2596 3069 2669 3131 in
2698 3068 2919 3132 admi-

444 3180 793 3243 rationem
832 3179 1286 3243 converterit.
2038 3196 2041 3200 ·

565 3285 712 3350 382.
800 3287 969 3350 Post
1007 3303 1368 3350 recessum
1413 3288 1650 3367 itaque
1687 3285 1762 3348 P.
1806 3285 2102 3348 Mironis
2139 3293 2210 3347 et
2248 3283 2638 3361 sociorum,
2672 3283 2919 3362 coepit

446 3393 524 3455 P.
582 3393 1067 3474 Hieronymus
1118 3393 1535 3457 Domenech
1583 3392 2047 3456 christianam
2095 3390 2493 3454 doctrinam
2531 3389 2916 3469 explicare;

446 3501 573 3564 sed
607 3519 770 3565 cum
800 3501 1107 3582 quinque
1135 3502 1251 3564 vel
1281 3518 1409 3563 sex
1438 3501 1778 3563 lectiones
1807 3498 2293 3579 praelegisset,
2326 3505 2526 3559 tanta
2554 3494 2920 3559 hominum

445 3608 825 3672 multitudo
856 3608 1254 3671 confluebat
1283 3617 1360 3671 ut
1388 3607 1876 3670 necessarium
1901 3605 2112 3668 fuerit
2138 3605 2210 3666 in
2240 3602 2432 3666 aliud
2454 3611 2734 3681 tempus
2757 3619 2922 3664 eam

445 3715 828 3778 lectionem
858 3713 1166 3794 differre3
1199 3731 1366 3777 nam
1394 3715 1634 3777 vetula
1661 3713 2012 3794 quaedam
2043 3728 2131 3773 ex
2162 3709 2650 3790 oppressione,
2697 3725 2911 3789 quam

444 3839 663 3902 passa
690 3833 822 3901 est,
860 3831 1141 3885 mortua
1168 3821 1387 3885 fuisse
1415 3830 1665 3902 postea
1696 3820 2097 3898 dicebatur;
2131 3818 2271 3881 alia
2299 3834 2473 3881 vero
2510 3816 2921 3882 exanimata

447 3928 992 4009 aliquantisper,
1046 3939 1115 3993 et
1166 3928 1347 3992 duae
1398 3929 1490 3992 ad
1537 3929 1865 3991 abortum
1916 3927 2353 4005 compulsae3
2409 3925 2648 4006 itaque
2695 3924 2924 3987 donec

443 4052 529 4098 ae
540 4044 692 4099 stus
722 4035 1270 4116 defervesceret,
1302 4053 1379 4100 se
1407 4036 1497 4099 ab
1527 4034 1969 4098 auditoribus
2006 4032 2386 4113 expedivit.

564 4141 712 4205 383:
745 4155 750 4162 ·
802 4142 962 4206 Non
990 4143 1200 4223 pauci
1234 4141 1323 4205 ad
1361 4140 1740 4205 Societatis
1776 4141 2174 4204 institutum
2215 4139 2389 4201 moti
2428 4137 2745 4215 fuerunt,
2779 4153 2921 4216 quo

443 4258 768 4330 tempore
801 4248 874 4313 P.
910 4249 1389 4330 Hieronymus
1403 4248 1826 4312 Domenech
1853 4246 2231 4310 Valentiae
2254 4243 2707 4308 versabatur.
2741 4242 2923 4306 Tres

443 4375 533 4419 ex
565 4357 704 4420 illis
739 4373 1026 4420 cursum
1047 4356 1534 4438 philosophiae
1563 4365 1632 4419 et
1654 4355 2060 4435 theologiae
2081 4352 2348 4417 emensi
2369 4351 2674 4427 fuerant3
2708 4365 2916 4429 quar-

443 4472 559 4527 tus
580 4464 776 4527 intra
797 4474 944 4528 tres
968 4481 1248 4527 menses
1267 4465 1384 4528 vel
1406 4472 1709 4544 quatuor
1732 4463 2057 4526 eumdem
2080 4477 2364 4524 cursum
2383 4467 2538 4521 erat
2561 4457 2917 4520 absolutu-

442 4588 589 4650 rus;
621 4589 878 4635 omnes
908 4571 1256 4651 ingeniosi
1284 4580 1354 4634 et
1382 4571 1475 4634 ad
1503 4571 1772 4652 optima
1803 4585 2124 4652 quaeque
2151 4565 2505 4648 propensi,
2532 4572 2604 4626 et
2627 4563 2745 4644 qui
2766 4562 2921 4625 suis

446 4677 520 4739 in
547 4678 806 4743 litteris
834 4679 1439 4760 exspectationem
1466 4677 2027 4741 concitaverant.
2063 4674 2245 4754 Quia
2286 4681 2524 4736 tamen
2562 4678 2768 4733 extra
2813 4685 2915 4732 re-
