3679 5414
1507 485 1634 542 AN.
1682 482 1821 542 1552
2796 484 2909 543 699

425 637 646 692 tatem
675 628 1322 693 Conimbricensem
1351 639 1421 693 et
1449 630 1628 692 alios
1673 631 1931 693 multos
1974 647 2226 710 parum
2271 629 2802 708 aedificassent,
2837 641 2908 693 et

430 754 595 800 cum
621 753 700 799 se
731 736 1172 800 existimaret
1203 737 1274 799 in
1317 753 1535 800 causa
1577 735 1829 812 fuisse,
1878 736 2066 818 quod
2111 736 2204 799 ad
2242 733 2393 816 eJus
2436 736 2904 800 humilitatem

352 897 355 900 .
429 844 666 925 potius
704 860 917 923 quam
959 843 1051 906 ad
1093 844 1374 923 culpam
1417 844 1771 922 pertinere
1815 843 2164 906 creditum
2208 851 2347 922 est,
2397 843 2901 924 poenitentiam

431 952 744 1032 aliquam
771 951 1127 1031 publicam
1155 959 1322 1013 tunc
1365 950 1860 1014 meditabatur.
1904 950 2085 1014 Cum
2126 966 2300 1030 ergo
2323 951 2615 1030 aliquot
2657 950 2905 1014 Missa-

432 1076 591 1121 rum
619 1057 971 1122 sacrificia
1001 1067 1071 1120 et
1111 1057 1472 1121 orationes
1511 1056 1662 1121 fieri
1708 1067 2062 1137 curasset,
2116 1067 2184 1120 et
2226 1075 2378 1121 rem
2417 1075 2580 1121 cum
2627 1057 2906 1138 quibus-

434 1166 599 1229 dam
627 1165 957 1228 Patribus
998 1164 1623 1243 communicasset,
1665 1165 1739 1226 in
1789 1173 2050 1228 octava
2095 1165 2407 1228 omnium
2451 1153 2905 1241 Sanctorum,

433 1283 814 1354 postquam
861 1270 1159 1335 Missam
1197 1272 1662 1349 celebrasset,
1708 1272 2050 1336 fratribus
2093 1273 2416 1337 evocatis
2460 1273 2907 1336 commenda-

437 1380 541 1443 vit
568 1390 646 1443 ut
676 1380 747 1442 in
786 1380 1126 1442 sacellum
1157 1396 1233 1441 se
1263 1378 1698 1457 conferrent,
1752 1379 1944 1442 vires
1976 1398 2018 1442 a
2060 1378 2370 1443 Domino
2410 1381 2695 1444 cuidam
2733 1380 2908 1456 indi·

436 1486 633 1565 genti
688 1486 1181 1567 impetrarent,
1229 1504 1314 1548 ac
1363 1486 1653 1549 veniam
1695 1503 1826 1566 pro
1871 1488 2184 1566 peccatis
2236 1488 2449 1551 totius
2501 1486 2904 1564 SocietatiS,

437 1595 856 1673 praesertim
907 1594 980 1656 in
1024 1592 1497 1672 Portugallia,
1545 1601 1615 1656 et
1659 1611 1927 1669 eorum,
1976 1595 2090 1674 qui
2143 1613 2185 1657 a
2235 1593 2589 1658 Societate
2639 1595 2911 1674 egressi

433 1701 745 1779 fuerant,
779 1719 821 1762 a
852 1700 1159 1764 Domino
1203 1701 1676 1780 postularent;
1727 1710 1797 1763 et
1839 1699 2141 1779 injunxit
2184 1720 2274 1765 ne
2315 1703 2578 1765 sacello
2622 1702 2907 1782 egrede-

431 1818 678 1871 rentur
707 1808 929 1871 donec
961 1808 1064 1870 eis
1095 1806 1246 1886 ipse
1278 1805 1736 1886 significaret.
1773 1807 1931 1887 Ipse
1963 1817 2202 1872 autem
2249 1825 2585 1886 egressus
2630 1818 2736 1871 est
2785 1826 2913 1889 per

433 1915 680 1979 urbem
732 1924 954 1978 totam
1003 1915 1316 1993 seipsum
1365 1914 1667 1993 flagellis
1727 1914 2123 1994 caedend0,
2180 1925 2251 1979 et
2300 1917 2430 1994 ita,
2496 1914 2776 1979 rediens
2820 1917 2911 1979 ad

435 2021 859 2101 Collegium,
895 2022 1172 2102 publice
1202 2030 1271 2085 et
1312 2021 1550 2084 multis
1592 2039 1759 2085 cum
1786 2023 2145 2103 lacrymis,
2178 2023 2519 2087 fratribus
2563 2023 2669 2102 id,
2726 2024 2912 2103 quod

435 2130 725 2209 fecerat,
753 2131 1075 2192 narravit
1095 2138 1165 2192 et
1186 2146 1501 2206 causam,
1529 2146 1670 2209 qua
1693 2130 1783 2192 ad
1807 2130 1879 2192 id
1907 2140 2141 2193 motus
2162 2131 2414 2193 fuerat.
2445 2130 2623 2193 Cum
2646 2146 2911 2209 magno

434 2234 701 2299 doloris
730 2253 943 2299 sensu
970 2254 1056 2299 ac
1096 2235 1475 2298 devotione
1522 2236 1730 2299 simul
1768 2236 1837 2299 id
1885 2236 2337 2314 audiverunt;
2380 2237 2621 2300 statim
2672 2244 2911 2300 autem

439 2341 516 2405 Ρ.
550 2342 932 2421 Tiburtius,
966 2341 1422 2418 Vicerector,
1468 2342 1642 2406 flens
1680 2344 2003 2423 ubertim,
2045 2344 2304 2408 fratres
2346 2346 2667 2425 rogavit,
2713 2355 2789 2408 ut
2833 2365 2910 2409 se

432 2448 767 2529 Juvarent
799 2449 888 2513 ad
921 2450 1438 2530 impetrandum
1462 2469 1504 2512 a
1529 2448 1604 2513 P.
1631 2450 1934 2515 Rectore
1957 2463 2032 2515 ut
2056 2453 2187 2515 sibi
2210 2455 2651 2517 tantumdem
2671 2454 2909 2518 facere

441 2560 909 2638 permitteret,
953 2560 1118 2639 quia
1160 2577 1235 2622 se
1276 2559 1365 2621 ad
1405 2559 1473 2622 id
1516 2559 1739 2622 teneri
1777 2560 2156 2639 sentiebat,
2200 2571 2269 2623 et
2299 2577 2731 2641 magnopere
2774 2561 2907 2626 Dei

433 2664 782 2745 judicium
811 2667 1126 2731 timebat.
1162 2665 1386 2730 Simul
1417 2683 1589 2747 ergo
1622 2683 1785 2730 cum
1813 2684 1898 2729 eo
1929 2666 2020 2730 ad
2051 2665 2126 2729 Ρ.
2161 2666 2536 2731 Rectorem
2565 2685 2641 2732 se
2671 2677 2911 2732 contu·

442 2774 674 2836 lerunt
712 2783 782 2836 et
819 2784 894 2837 ut
932 2775 1032 2837 illi
1072 2774 1578 2837 concederetur
1617 2774 1921 2837 facultas
1959 2775 2048 2838 ad
2088 2792 2165 2837 se
2205 2792 2330 2854 per
2380 2775 2746 2838 civitatem
2790 2794 2913 2856 pu·

442 2882 624 2947 blice
651 2882 1151 2961 flagellandum
1185 2884 1661 2963 postularunt,
1696 2890 1765 2944 et
1803 2881 1951 2944 fere
1994 2898 2240 2943 omnes
2271 2899 2399 2961 pro
2440 2882 2693 2961 seipsis
2724 2882 2909 2945 idem

441 2990 796 3070 petebant.
857 2989 932 3052 Ρ.
994 2999 1232 3053 autem
1288 2989 1549 3053 Rector
1606 2988 1957 3052 desideria
2014 3005 2260 3051 eorum
2312 2987 2683 3067 laudavit,
2749 2989 2916 3068 quia

444 3112 749 3175 aequum
775 3104 929 3158 erat
959 3095 1316 3158 scandalis
1347 3095 1784 3171 satisfacere;
1818 3094 1943 3157 sed
1974 3095 2137 3176 quia
2168 3096 2319 3175 ipse
2361 3094 2713 3159 rationem
2761 3105 2917 3159 erat

444 3203 849 3267 redditurus
897 3202 1051 3265 Deo
1101 3212 1170 3267 et
1219 3202 1736 3284 Superioribus,
1792 3212 2067 3268 mature
2118 3222 2268 3268 rem
2318 3203 2915 3269 considerandam

436 3308 781 3390 judicare3
812 3321 889 3375 ut
919 3312 1383 3374 convenirent
1413 3312 1547 3391 ipsi
1577 3321 1647 3374 et
1678 3312 1753 3374 in
1781 3311 2089 3375 medium
2120 3312 2570 3374 consulerent
2614 3310 2784 3390 quid
2813 3310 2918 3375 sa·

447 3426 562 3481 cto
610 3436 788 3500 opus
826 3430 1032 3483 esset.
1085 3418 1415 3484 Omnium
1453 3422 1671 3500 igitur
1709 3419 1967 3482 auditis
2006 3418 2405 3496 sententiiS,
2452 3417 2913 3493 existimavit,

447 3527 999 3591 circumstantiis
1031 3527 1519 3606 consideratiS,
1555 3528 1630 3592 Ρ.
1664 3527 1942 3608 Ignatio
1971 3544 2124 3590 rem
2155 3526 2593 3607 probandam
2625 3526 2777 3588 fore
2812 3537 2912 3603 ut,

450 3636 633 3699 sicut
664 3626 1164 3699 offendiculum
1193 3637 1550 3717 publicum
1578 3636 1839 3709 fuerat,
1876 3635 1980 3697 sic
2020 3632 2207 3697 esset
2245 3643 2314 3696 et
2353 3634 2636 3714 publica
2676 3634 2917 3713 poeni-

450 3744 694 3807 tentia.
730 3742 994 3807 Statuit
1024 3760 1197 3823 ergo
1228 3752 1306 3807 ut
1334 3743 1631 3806 honesto
1664 3761 1823 3806 cum
1862 3743 2103 3806 habitu
2134 3743 2557 3823 quicumque
2602 3742 2670 3804 id
2710 3759 2920 3822 expe·

451 3860 704 3930 terent,
737 3861 806 3915 et
829 3853 1240 3916 facultatem
1270 3851 1727 3933 postularent,
1768 3849 1835 3912 id
1872 3849 2059 3929 quod
2095 3850 2458 3929 optabant,
2486 3847 2729 3911 facere
2758 3865 2919 3927 pos-

451 3968 628 4022 sent.
657 3958 903 4023 Plures
927 3977 1102 4039 ergo
1126 3976 1339 4040 quam
1363 3958 1738 4037 sexaginta
1763 3974 1855 4020 ex
1884 3956 2151 4019 nostris
2171 3964 2674 4036 processerunt
2700 3973 2742 4017 a
2765 3953 2919 4018 Col-

446 4066 634 4145 legio
663 4075 907 4129 nostro
933 4066 1025 4129 ad
1045 4068 1384 4146 templum
1405 4064 1961 4141 Misericordiae,
1989 4062 2290 4141 flagellis
2306 4078 2382 4123 se
2399 4060 2785 4138 caedendo,
2812 4078 2916 4123 or-

450 4174 712 4251 dinate,
740 4193 920 4256 quos
944 4184 1367 4237 consecutus
1390 4184 1497 4236 est
1518 4173 1593 4236 P.
1623 4172 1909 4250 Rector‚
1925 4180 2000 4234 ut
2015 4171 2366 4234 rationem
2387 4167 2537 4248 ejus
2560 4168 2919 4249 poeniten-

449 4282 590 4345 tiae
618 4283 880 4363 populo
902 4281 1251 4345 redderet.
1277 4280 1759 4345 Praecedebat
1783 4288 2022 4343 autem
2037 4277 2276 4356 imago
2301 4275 2650 4353 crucifixi,
2682 4287 2753 4337 et
2776 4274 2916 4337 duo

448 4388 707 4452 fratres
730 4388 1047 4469 juniores
1078 4388 1360 4451 litanias
1394 4387 1538 4449 alta
1577 4405 1759 4450 voce
1801 4386 2161 4465 dicebant3
2204 4385 2630 4465 sequebatur
2675 4392 2915 4446 autem

448 4513 712 4576 magna
741 4498 982 4577 populi
1013 4494 1407 4574 multitudo;
1441 4504 1511 4557 et
1540 4503 1919 4574 postquam
1958 4501 2267 4570 orasset,
2304 4506 2637 4572 egressus
2676 4498 2784 4552 est
2829 4489 2923 4551 ad

449 4605 787 4683 populum
853 4602 1117 4667 Rector
1188 4611 1256 4665 et
1331 4619 1491 4665 cum
1560 4617 1821 4680 magno
1894 4617 2107 4663 sensu
2168 4599 2460 4662 veniam
2530 4597 2923 4676 postulavit

445 4711 793 4789 omnium,
830 4727 1012 4791 quae
1053 4718 1301 4773 contra
1339 4708 1903 4772 aedificationem
1941 4724 2187 4770 eorum
2229 4724 2271 4770 a
2313 4705 2630 4785 Collegio
2672 4713 2920 4767 nostro
