3679 5414
637 434 748 493 486
1583 431 1836 492 Cimon.
1884 433 2035 492 soe.
2078 435 2218 507 Jsss.

770 579 905 641 166.
993 577 1131 641 Sed
1187 580 1489 658 insignis
1538 579 1670 642 fuit
1719 579 2070 642 foeminae
2125 579 2492 660 cujusdam
2548 580 2876 661 mutatio,
2934 599 3130 662 quae,

647 704 806 749 cum
839 686 1180 766 plurimos
1210 704 1437 749 annos
1466 688 1537 749 in
1565 688 2016 766 gravissimis
2044 689 2360 768 peccatis
2383 690 2842 767 volutaretur,
2869 697 2936 750 et
2958 687 3141 752 ficte-

648 794 740 856 ad
780 793 1295 856 confessionem
1335 795 1738 871 accederet,
1782 796 1896 857 vel
1936 805 2011 857 ut
2052 794 2495 857 satisfaceret
2543 795 3132 875 consanguineiS,

650 902 765 962 vel
795 909 870 962 ut
894 901 1142 963 melius
1164 900 1408 964 fallere
1432 910 1694 981 posset,
1718 911 1957 965 tamen
1980 920 2108 965 sua
2132 913 2431 981 peccata
2460 920 2602 966 non
2627 902 3113 966 confitebatur.

650 1006 766 1069 Ad
796 1006 1311 1071 confessarium
1341 1025 1514 1089 ergo
1545 1018 1870 1072 nostrum
1900 1028 2061 1073 cum
2091 1010 2225 1073 hoc
2256 1010 2490 1073 animo
2522 1011 2900 1090 accedenS,
2934 1011 3036 1073 sic
3076 1027 3119 1073 a

652 1114 959 1177 Domino
983 1114 1133 1195 ejus
1154 1133 1371 1195 opera
1394 1125 1817 1197 compuncta
1852 1126 1980 1197 est,
2002 1126 2077 1180 ut
2101 1118 2380 1196 magnis
2413 1134 2574 1180 cum
2599 1117 2875 1180 fletibus
2906 1117 3142 1180 totius.

651 1222 843 1285 vitae
893 1232 1221 1302 peccata,
1277 1242 1459 1303 quae
1500 1241 1862 1305 nunquam
1911 1225 2238 1288 confessa
2291 1234 2465 1299 erat,
2522 1224 2997 1313 confiteretur,
3052 1233 3122 1288 et

657 1339 1131 1408 sacramenta,
1156 1348 1338 1410 quae
1359 1332 1632 1393 nefaria
1655 1331 1936 1394 fictione
1960 1331 2447 1410 indignissime
2471 1341 2575 1395 ter
2600 1332 2896 1410 singulis
2918 1331 3143 1394 annis.

656 1446 1065 1516 acceperat,
1092 1436 1242 1517 jam
1271 1448 1419 1501 tum
1449 1438 1722 1501 sincere
1755 1448 1823 1501 et
1853 1438 2210 1501 humiliter
2241 1440 2617 1518 acciperet.
2654 1438 3124 1501 Tantumdem

655 1543 804 1605 fere
851 1545 972 1606 alii
1011 1545 1292 1608 cuidam
1331 1544 1611 1608 accidit.
1666 1546 1756 1609 Et
1799 1546 2081 1609 demum
2119 1545 2519 1626 hujusmodi
2560 1546 2893 1626 plurima,
2943 1563 3124 1626 quae

656 1668 1032 1713 recensere
1071 1653 1363 1732 longum
1405 1662 1622 1731 esset,
1665 1653 2028 1733 utriusque
2069 1672 2283 1716 sexus
2320 1653 2722 1716 hominibus
2761 1669 2888 1733 per
2927 1652 3125 1715 mini·

658 1759 951 1821 sterium
981 1759 1441 1822 confessionis
1470 1759 1813 1823 beneficia
1835 1779 1878 1822 a
1910 1760 2215 1824 Domino
2241 1761 2805 1823 conferebantur.
2831 1760 3127 1823 Inventa

658 1876 765 1928 est
795 1874 863 1928 et
894 1867 1130 1946 aliqua
1160 1867 1739 1931 Manichaeorum
1771 1868 2132 1931 erroribus
2163 1869 2422 1931 infecta
2455 1877 2522 1930 et
2552 1868 2641 1930 ab
2672 1867 2774 1930 eis
2803 1867 3138 1946 liberata,

658 1973 927 2052 aliqua,
962 1964 1464 2053 quae‘triginta
1497 1992 1743 2050 annOS‚
1793 1993 1955 2037 cum
1994 1975 2374 2056 conjugata
2413 1986 2631 2053 esset,
2677 1975 2747 2037 in
2778 1974 3125 2037 adulterio

656 2080 970 2154 vixerat,
1026 2082 1115 2144 ad
1174 2082 1367 2143 viam
1419 2083 1668 2144 salutis
1726 2092 2086 2145 revocata.
2140 2083 2443 2146 Demum
2502 2083 2996 2146 admirandum
3052 2100 3128 2145 se

658 2187 984 2267 praebuit
1015 2187 1368 2251 Dominus
1400 2198 1467 2250 et
1498 2190 1568 2251 in
1599 2189 1938 2268 patientia
1969 2199 2037 2252 et
2068 2178 2139 2253 in
2182 2189 2666 2252 misericordia
2707 2207 2836 2269 per
2875 2189 3128 2252 horum

663 2305 1276 2358 sacramentorum
1306 2295 1792 2359 ministerium.

786 2401 919 2463 167.
1009 2403 1513 2464 Benevolentia
1554 2413 1789 2466 autem
1835 2403 2126 2467 Domini
2162 2403 2426 2467 Prioris
2465 2421 2636 2483 erga
2680 2414 2967 2467 nostros
3009 2413 3127 2485 p'a-
3191 2400 3197 2406 ’

663 2518 866 2570 terna
895 2525 1189 2588 prorsus
1219 2519 1402 2586 erat,
1437 2510 1550 2572 cui
1580 2520 1647 2572 et
1677 2510 1904 2573 nostri
1946 2511 2247 2574 filiorum
2280 2511 2807 2574 observantiam
2848 2511 3127 2574 exhibe-

662 2615 856 2692 bant3
885 2616 1073 2695 apud
1103 2616 1375 2679 nobiles
1405 2627 1641 2680 autem
1671 2619 1888 2697 virOS,
1923 2636 2008 2681 ac
2040 2628 2424 2697 matronas,
2459 2627 2527 2680 et
2556 2620 2891 2698 populum
2916 2618 3128 2681 etiam

664 2739 928 2801 magna
959 2724 1387 2787 existimatio
1428 2734 1496 2787 et
1534 2726 1818 2788 devotio
1860 2743 2034 2804 erga
2071 2703 2353 2788 nostros
2393 2735 2576 2814 erat,
2621 2735 2692 2788 et
2732 2744 2820 2789 ex
2862 2726 2965 2788 eis
3002 2744 3134 2788 nec

664 2831 1224 2893 consolationem
1284 2831 1569 2910 spiritus
1617 2850 1748 2894 nec
1823 2841 2017 2894 recte
2071 2832 2359 2895 vivendi
2411 2833 2758 2895 rationem
2813 2851 2889 2895 se
2944 2833 3130 2896 inve·

663 2937 854 2999 nisse
887 2937 1103 3016 aliqui
1135 2937 1666 3017 profitebantur,
1702 2939 1838 3001 nisi
1867 2948 2027 3018 post
2059 2939 2360 3019 primam
2390 2957 2591 3002 suam
2622 2935 2816 3020 apud
2852 2951 3150 3003 nostros.

664 3043 1205 3123 confessionem;
1240 3053 1307 3107 et
1337 3055 1746 3108 nostrorum
1777 3046 2068 3108 arbitrio
2100 3046 2299 3108 multi
2329 3064 2403 3108 se
2436 3055 2624 3109 totos
2647 3048 3025 3110 tradebant
3058 3048 3129 3110 in

662 3152 783 3214 via
816 3152 1103 3214 Domini
1133 3152 1603 3215 instituendos
1622 3171 1755 3232 ,·ac
1786 3153 2141 3233 supplices
2162 3170 2251 3215 ne
2283 3152 2741 3233 rejicerentur
2767 3155 3136 3234 petebant3

663 3269 733 3321 et
763 3277 926 3322 cum
958 3260 1193 3322 oblata
1223 3277 1519 3322 munera
1563 3269 1848 3322 nostros
1877 3278 2018 3322 non
2045 3259 2415 3323 admittere
2444 3259 2791 3340 viderent,
2827 3262 3142 3325 admira-.

670 3368 849 3429 tioni
877 3375 947 3428 et
977 3365 1449 3429 aedificationi
1481 3367 1652 3446 ipsis
1682 3384 1988 3446 magnae
2019 3379 2172 3429 erat
2207 3365 2246 3430 ².

791 3472 924 3536 168.
1023 3473 1415 3536 Monachus
1446 3473 1733 3553 quidam
1763 3474 2032 3536 ordinis
2062 3475 2446 3553 minorum,
2481 3476 2599 3553 qui
2640 3475 2820 3537 inter
2861 3476 3136 3538 concio·

670 3591 964 3644 natores
994 3580 1369 3643 Adventus
1399 3581 1668 3661 primas
1699 3582 2009 3644 tenuisse
2056 3599 2097 3643 a
2141 3583 2379 3644 multis
2419 3582 2813 3658 dicebatur,
2861 3600 3023 3645 cum
3065 3583 3138 3647 in

666 3698 1024 3768 postrema
1057 3704 1185 3751 sua
1217 3687 1556 3750 concione
1587 3705 1753 3750 suos
1784 3688 2146 3750 auditores
2176 3687 2462 3750 doceret
2501 3681 2679 3767 quos
2725 3690 3014 3767 sectari,
3062 3699 3138 3751 ut

666 3795 1034 3875 religionis
1064 3795 1375 3875 purioris
1421 3795 1760 3872 cultoreS,
1806 3794 2154 3858 tutissime
2196 3804 2519 3874 possent,
2565 3811 2641 3857 se
2687 3814 2827 3858 non
2876 3795 3138 3859 habere

668 3921 845 3981 quos
885 3901 1222 3965 Societati
1265 3900 1433 3981 Jesu
1468 3909 1962 3980 anteponeret,
1997 3902 2210 3963 immo
2261 3919 2391 3963 nec.
2443 3919 2621 3981 quos
2665 3911 3146 3982 compararet,

672 4019 883 4090 prout
912 4009 1088 4071 liber
1119 4017 1303 4088 erat,
1351 4009 1631 4088 publice
1675 4008 1883 4088 dixit,
1934 4009 2309 4088 multisque
2352 4009 2706 4087 laudibus,
2756 4027 2978 4089 quam
3007 4010 3139 4074 sibi

671 4115 1116 4179 familiariter
1146 4116 1508 4193 cognitam
1540 4113 1968 4193 affirmabat,
2003 4115 2276 4178 extulit.

799 4224 930 4286 169.
1021 4222 1225 4285 Initio
1257 4220 1464 4301 hujus
1495 4222 1693 4295 anni,
1729 4240 1889 4285 cum
1920 4222 1992 4285 in
2033 4223 2373 4285 concione
2417 4224 2825 4287 scholarum
2869 4224 3138 4287 institu—

756 4467 772 4498 ¹
831 4467 1100 4520 Polaticus,
1138 4477 1203 4509 ex
1238 4476 1397 4517 com„
1430 4465 1671 4508 Andreae
1708 4464 1891 4508 Frusio
1906 4499 1916 4516 ,
1951 4472 2007 4508 ut
2047 4477 2170 4509 suae
2210 4467 2526 4519 aliorumque
2564 4466 2847 4510 valetudini
2885 4469 3150 4522 consulat„

676 4539 916 4593 ideoque,
940 4538 1075 4581 haud
1099 4542 1418 4591 repugnante
1435 4569 1445 4588 ,
1477 4543 1528 4578 et
1547 4568 1557 4587 ,
1576 4536 1618 4579 si
1639 4547 1848 4579 necesse
1872 4537 2002 4580 soret
2018 4570 2028 4589 ,
2050 4538 2208 4580 inscio
2230 4536 2588 4581 etiamPriore
2609 4570 2618 4588 ,
2640 4538 2834 4581 victum
2854 4539 3057 4593 aliaque
3074 4541 3146 4584 ad

678 4611 843 4653 vitam
866 4608 1161 4652 necessaria
1182 4608 1398 4651 meliora
1421 4608 1725 4662 esse.juxta
1746 4608 1928 4650 medici
1960 4610 2363 4662 praescriptum,
2397 4613 2542 4650 curet
2575 4619 2728 4661 quam
2759 4609 3011 4653 hactenus
3039 4611 3142 4654 sue·

674 4689 795 4724 runt
811 4715 821 4734 ‚
843 4681 896 4724 20
916 4679 1204 4723 Februarii.
