3679 5414
1633 470 1761 529 ΑΝ.
1807 472 1963 530 1551·
2089 474 2095 481 ”
2880 534 2897 554 „
2918 470 3028 531 w

562 637 649 681 ac
678 619 739 681 si
767 617 1166 680 nihil'aliud
1193 619 1509 698 unquam
1537 619 1821 697 egisset.
1857 617 1935 680 In
1975 617 2499 680 visitationibus
2535 617 2919 679 multorum
2958 626 3027 680 et

563 724 1031 789 familiaribus
1076 723 1450 804 colloquiis
1488 732 1635 787 tam
1671 722 2035 803 Pro-regis
2065 740 2285 803 =quam
2325 724 2625 787 aliorum
2661 724 3024 810 nobilium,

561 832 1096 910 canonicorum,
1132 831 1628 910 religiosorum
1665 840 1733 894 et
1772 832 2232 910 reliquorum,
2276 831 2399 910 qui
2440 831 2512 893 in
2560 831 2848 917 civitate
2890 831 3027 912 pri-

563 957 716 1003 mas
744 940 1107 1017 tenebant,
1142 939 1438 1002 multum
1476 924 1691 1002 etiam
1733 947 2121 1018 occupatus
2160 937 2311 1000 fuit.
2359 937 2648 1001 Gratias
2687 948 2923 1002 autem
2960 940 3028 1002 ei

565 1047 875 1110 civitatis
925 1045 1387 1124 magistratus
1437 1046 1786 1125 agebant,
1842 1054 1910 1107 et
1960 1044 2271 1108 officiose
2322 1045 2561 1108 omnia
2613 1044 3022 1109 offerebant.

563 1142 1000 1232 Quibusdam
1029 1152 1243 1215 etiam
1269 1151 1666 1232 spiritualia
1695 1151 2036 1215 exercitia
2065 1152 2452 1232 proposuit.
2486 1152 2748 1216 Ultimo
2794 1162 3049 1218 autem-

564 1260 674 1323 die
707 1259 1069 1338 OctobriS,
1103 1277 1266 1321 cum
1293 1276 1384 1321 ex
1423 1257 1828 1322 calendario
1869 1267 2190 1338 sanctOS,
2239 1276 2538 1338 quorum
2576 1260 2924 1323 memoria
2957 1261 3043 1323 in>

563 1383 804 1430 mense
833 1366 1220 1429 Novembri
1248 1365 1346 1444 fit,
1373 1383 1505 1446 pro
1537 1384 1732 1429 more
1761 1364 2160 1445 Societatis,
2190 1365 2510 1445 Pro-regi
2541 1384 2625 1429 ac
2655 1366 3043 1441 Ducissae‚-

564 1472 716 1553 ejus
751 1474 991 1551 uxori,
1038 1491 1124 1536 ac
1163 1473 1403 1536 liberis
1442 1490 1718 1552 eorum,
1762 1490 1849 1536 ac
1891 1472 2048 1535 aliis
2085 1473 2444 1553 primariis
2482 1474 2658 1536 viris
2695 1474 2780 1537 de
2820 1475 3043 1537 domo.

563 1580 925 1660 Pro-regis
956 1580 1286 1658 dedisset,
1312 1588 1680 1660 tantopere
1711 1596 1827 1646 res
1859 1579 2183 1642 omnibus
2211 1580 2476 1660 placuit
2504 1588 2579 1642 ut
2606 1598 2750 1643 non
2778 1599 3029 1661 parum

562 1688 830 1767 negotii
858 1686 1305 1750 exhibuerint
1329 1687 1401 1749 in
1423 1686 1534 1748 his
1556 1686 2054 1765 intelligendis,
2082 1703 2263 1766 quae
2285 1696 2655 1766 praestare
2679 1687 3026 1750 debebant

563 1796 635 1857 in
665 1794 1079 1874 obsequium
1108 1791 1566 1871 Sanctorum,
1599 1794 1721 1872 qui
1757 1793 1931 1873 ipsis
1970 1794 2436 1869 obvenerant;
2491 1794 2609 1856 alii
2654 1795 2869 1858 etiam
2912 1796 3030 1858 do-

566 1902 840 1965 mestici
879 1901 970 1964 ad
1008 1918 1174 1964 suos
1212 1899 1514 1964 Sanctos
1562 1900 2017 1980 accipiendos
2053 1900 2431 1963 veniebant
2463 1918 2625 1964 cum
2654 1902 3031 1965 devotione

564 2027 648 2072 ac
679 2009 1126 2089 simplicitate
1149 2023 1433 2087 magna3
1460 2014 1530 2070 et
1552 2024 1723 2069 sane
1748 2006 2051 2070 formam
2073 2007 2588 2070 distributionis
2610 2008 3032 2072 Sanctorum

564 2117 765 2180 multi
795 2115 1069 2179 nobiles
1099 2114 1496 2177 didicerunt
1525 2123 1602 2176 ut
1633 2114 1724 2177 ad
1754 2131 1923 2178 suas
1953 2114 2205 2177 domos
2234 2116 2815 2179 transmitterent.
2850 2116 3028 2179 *Con-

566 2223 976 2286 sraternitas
1004 2222 1218 2285 etiam
1247 2221 1376 2284 fuit
1406 2221 1500 2284 ibi
1528 2221 1848 2284 instituta
1881 2220 1972 2284 ad
2003 2219 2409 2300 juramenta
2448 2223 2811 2303 evitanda,
2861 2225 3033 2286 mul-

566 2330 656 2392 tis
685 2329 962 2392 rosaria
991 2328 1392 2410 precatoria
1424 2328 1709 2406 donata,
1746 2328 2250 2393 instructiones
2280 2329 2438 2391 aliis
2468 2329 2559 2392 ad
2589 2329 2934 2393 orandum
2963 2341 3032 2395 et

565 2455 682 2514 ea,
719 2453 901 2517 quae
933 2435 1022 2498 ad
1051 2434 1448 2516 profectum
1477 2435 1768 2514 spiritus
1796 2435 2180 2515 pertinent,
2216 2436 2555 2499 curanda.
2589 2437 2828 2517 Itaque
2870 2456 3034 2501 cum

565 2560 829 2623 magno
859 2543 1094 2606 fructu
1125 2543 1197 2605 in
1227 2540 1436 2605 domo
1465 2540 1828 2621 Pro-regis
1857 2552 2187 2605 versatus
2215 2552 2344 2606 est.
2381 2543 2559 2607 Cum
2603 2553 2839 2608 autem
2879 2547 3034 2626 ipso

567 2651 679 2715 die
721 2650 1050 2715 Omnium
1099 2649 1524 2714 Sanctorum
1565 2649 1855 2730 Jubilaei
1879 2651 2133 2730 gratia
2171 2650 2652 2732 Pompej0poli
2691 2653 2761 2716 in
2801 2654 3031 2717 cathe-

568 2759 750 2823 drali
787 2759 1088 2822 ecclesia
1128 2758 1583 2836 obtineretur,
1633 2758 2161 2837 eleemosynam
2198 2759 2400 2838 petiit
2439 2759 2576 2822 sibi
2614 2777 2657 2822 a
2696 2759 3036 2841 Pro-rege

568 2877 636 2930 et
667 2866 825 2930 aliis
863 2866 1089 2929 tribus
1124 2865 1210 2928 de
1247 2863 1631 2943 Societate,
1672 2882 1758 2927 ac
1788 2865 2207 2928 nominatim
2245 2853 2627 2946 quamdam
2650 2877 3056 2947 monetam,-

570 2991 750 3055 quae
779 2974 873 3037 ad
899 2973 1207 3036 medium
1234 2973 1501 3035 realem
1529 2972 1989 3051 ascendebat,
2024 2989 2204 3052 quae
2243 2983 2548 3053 quatuor
2585 2975 2830 3053 sociiS,
2878 2991 3037 3037 cum

570 3098 922 3163 pauperes
962 3088 1227 3155 essent,
1270 3079 1342 3142 in
1376 3077 1686 3159 jubilaeo
1726 3081 2253 3159 eleemosynam
2294 3081 2594 3160 daturis,
2638 3082 2811 3144 satis
2856 3091 3035 3145 erat.

573 3189 769 3252 Haec
808 3187 1054 3268 petitio
1091 3203 1398 3267 magnae
1441 3185 1872 3249 edificationi
1921 3185 2108 3249 Duci
2159 3186 2552 3268 Maquedae
2602 3188 2762 3269 fuit,
2816 3197 2885 3251 et
2934 3206 3037 3251 re·

575 3294 855 3376 spondit
898 3295 1033 3358 sibi
1072 3285 1490 3357 beneficium
1527 3292 1682 3382 fieri
1721 3293 1911 3373 quod
1964 3295 2415 3373 eleemosyna
2458 3312 2501 3357 a
2539 3312 2615 3357 se
2654 3304 3038 3375 peteretur,

573 3401 697 3465 sed
727 3402 1101 3483 displicere
1131 3400 1319 3481 quod
1360 3411 1508 3476 tam
1549 3401 1887 3480 exiguam
1923 3409 2229 3480 peteret,
2270 3418 2411 3480 qua
2452 3402 2538 3464 de
2576 3420 2655 3465 re
2695 3402 2911 3465 etiam
2949 3401 3040 3465 ad

575 3510 846 3573 curiam
873 3508 1093 3588 Regis
1121 3507 1425 3587 scripsit.

694 3616 834 3680 284.
922 3614 1365 3695 Significavit
1384 3612 1777 3694 Maquedae
1800 3613 1969 3677 Dux
1998 3623 2247 3695 optare
2278 3633 2354 3678 se
2385 3615 2780 3695 Collegium
2808 3615 3041 3679 Socie-

578 3726 744 3788 tatis
782 3723 1052 3787 institui
1090 3723 1163 3786 in
1213 3720 1471 3803 oppido
1515 3721 1822 3802 quodam
1874 3738 2045 3784 suae
2086 3721 2371 3785 ditionis
2420 3723 2593 3786 satis
2636 3740 3036 3799 numerosO,

577 3832 875 3909 scilicet,
928 3830 1015 3893 de
1052 3826 1453 3907 Torrigos¹,
1507 3836 1576 3891 et
1614 3827 1901 3891 domum
1935 3828 2026 3891 ad
2064 3829 2234 3892 illud
2270 3827 2639 3909 offerebat,
2676 3847 2857 3910 quae
2894 3827 3045 3893 sere

579 3939 953 4002 duodecim
984 3937 1201 4001 millia
1231 3935 1651 3998 ducatorum
1680 3944 1965 4016 sumptu
2007 3944 2245 3999 erecta
2288 3946 2472 4016 erat;
2519 3937 2791 4017 aliquos
2828 3937 3043 4000 etiam

580 4047 846 4110 reditus
883 4044 1217 4108 frumenti
1259 4052 1328 4106 et
1367 4043 1745 4123 pecuniae,
1786 4051 1857 4106 et
1898 4045 2448 4124 applicationem
2488 4045 2790 4107 aliorum
2827 4046 3042 4107 eccle-

581 4154 1033 4217 siasticorum
1057 4151 1410 4215 redituum
1438 4167 1515 4213 se
1545 4143 1957 4213 curaturum
1986 4150 2403 4214 affirmabat.
2436 4150 2574 4215 Sed
2604 4151 2920 4214 honestis
2955 4169 3044 4214 ex

583 4261 820 4324 causis
857 4258 933 4322 P.
982 4259 1259 4339 Ignatio
1298 4258 1531 4321 visum
1578 4274 1720 4319 non
1771 4253 1878 4319 est
1917 4257 2085 4320 illud
2127 4256 2522 4337 Collegium
2560 4267 2727 4322 tunc
2766 4257 3046 4339 quidem

583 4385 741 4431 esse
770 4366 1304 4430 admittendum.
3021 4421 3027 4427 .

703 4475 843 4538 285.
932 4473 1195 4537 Ultimo
1224 4473 1367 4553 die,
1402 4489 1611 4553 quem
1637 4472 1732 4535 ibi
1761 4473 1999 4552 exegit
2029 4470 2104 4534 P.
2134 4472 2192 4535 F
2193 4473 2593 4550 ranciscuS,
2627 4473 2853 4537 voluit
2885 4471 3050 4535 Pro-

671 4715 688 4746 ¹
747 4713 959 4758 Rectius
987 4712 1238 4765 Torrn’tos.
