3679 5414
663 469 765 526 140
1580 468 1835 528 Cimon.
1879 465 2030 525 Soc.
2073 466 2212 541 Jes,

659 613 938 676 actione
975 613 1370 691 gratiarum
1409 612 1493 676 de
1532 614 1805 691 labore,
1849 613 2038 693 quod
2074 622 2362 693 propter
2401 613 2595 693 ipsos
2638 623 3117 692 susceperant,

658 728 822 783 sunt
851 737 973 782 eos
1014 720 1422 800 prosequuti
1457 717 1496 781 ¹.

776 825 916 889 331.
1005 826 1120 889 Ad
1151 827 1367 889 alium
1394 825 1610 905 igitur
1639 829 1906 905 locum,
1940 835 2224 889 centum
2254 827 2495 889 leucas
2525 827 2686 889 inde
2714 825 3118 901 distantem,

654 949 817 995 cum
844 942 1052 1013 portu
1077 933 1166 995 ad
1197 950 1404 1013 quem
1433 933 1754 996 Lusitani
1784 933 2029 996 venire
2057 934 2242 996 soliti
2266 941 2491 1012 erant,
2519 934 2590 996 in
2612 933 2946 997 navicula
2968 952 3119 1014 per·

652 1040 917 1119 exigua
940 1040 1392 1119 navigarunt,
1428 1058 1557 1102 nec
1589 1041 1740 1102 sine
1769 1040 2112 1119 gravibus
2139 1040 2492 1121 periculiS,
2527 1050 2674 1103 tum
2706 1042 2923 1104 maris
2953 1059 3116 1104 ven·

654 1146 746 1209 tis
773 1146 1051 1225 agitati,
1096 1156 1244 1209 tum
1273 1147 1649 1225 latronum,
1684 1163 1767 1209 eo
1798 1157 2303 1227 pervenerunt,
2337 1156 2407 1210 et
2436 1132 2836 1213 humaniter
2881 1147 3116 1210 admo·

653 1253 821 1315 dum
850 1270 893 1314 a
923 1253 1099 1315 duce
1129 1253 1314 1316 illius
1356 1254 1765 1333 provinciae
1805 1253 2089 1317 suerunt
2131 1254 2430 1334 excepti.
2465 1254 2638 1317 Erat
2666 1263 2832 1316 tunc
2861 1253 3116 1317 ibidem

652 1360 858 1422 navis
886 1360 1233 1440 quaedam
1267 1354 1798 1439 Lusitanorum,
1833 1368 1904 1423 et
1933 1378 2094 1423 cum
2125 1360 2301 1423 duos
2330 1376 2608 1423 menses
2638 1360 2731 1423 ibi
2762 1360 3094 1439 egissent,

650 1475 933 1529 centum
964 1466 1111 1529 sere
1153 1467 1475 1530 homines
1520 1467 1612 1529 ad
1653 1466 1917 1549 Christi
1960 1466 2170 1530 fidem
2208 1465 2671 1530 adduxerunt.
2716 1467 3109 1531 Utebantur

650 1582 890 1635 autem
917 1573 1094 1636 libro
1129 1574 1244 1635 illo
1268 1572 1661 1654 japonensi.
1695 1572 1835 1637 Sed
1865 1591 2027 1637 cum
2067 1573 2287 1637 frater
2325 1582 2565 1636 noster
2601 1574 2912 1655 Joannes
2951 1574 3115 1637 Fer-

654 1678 925 1742 nandez
955 1679 1215 1744 idioma
1245 1682 1738 1759 vernaculum,
1772 1680 1960 1760 quod
1990 1680 2342 1743 universis
2369 1681 2756 1760 provinciis
2780 1679 3110 1761 japonen-

651 1786 847 1849 sibus
876 1804 1245 1850 commune
1293 1796 1434 1866 est,
1475 1797 1668 1850 recte
1707 1786 2098 1865 didicisset,
2144 1787 2389 1849 relicto
2429 1786 2686 1850 ibidem
2725 1785 2803 1850 P.
2852 1788 3112 1852 Cosmo

649 1892 740 1956 de
780 1893 1040 1957 Torres
1078 1912 1240 1957 cum
1278 1895 1387 1958 his
1427 1895 1545 1974 qui
1595 1895 1965 1958 christiani
2013 1894 2240 1957 effecti
2291 1902 2524 1972 erant,
2577 1895 2914 1958 interiora
2964 1895 3112 1975 ejus

649 2001 1061 2080 provinciae
1122 2001 1196 2064 P.
1256 2001 1714 2080 FranciscuS,
1762 2002 2017 2065 comite
2066 2001 2313 2065 eodem
2352 2000 2627 2083 Joanne
2666 2001 3102 2081 Fernandez,

650 2108 1082 2187 perlustrare
1111 2108 1363 2182 voluit,
1398 2117 1466 2171 et
1496 2109 1586 2171 ad
1610 2109 1972 2172 civitatem
2002 2108 2382 2190 quamdam
2404 2108 2785 2188 insignem,
2821 2127 3003 2188 quae
3028 2109 3114 2173 de

650 2214 1095 2294 Gamanguzi
1116 2214 1139 2244 ²
1163 2215 1439 2294 dicitur,
1467 2216 1599 2278 iter
1621 2214 1909 2293 direxit,
1937 2224 2016 2278 ut
2046 2233 2394 2296 quaenam
2423 2224 2610 2281 esset
2627 2216 2705 2280 in
2733 2216 2870 2279 illis
2895 2217 3110 2280 horni-

650 2322 855 2384 nibus
884 2321 975 2384 ad
1005 2322 1528 2400 suscipiendam
1557 2322 1821 2397 Christi
1849 2321 2059 2385 fidem
2102 2322 2471 2402 dispositio
2510 2323 2935 2403 exploraret.
2969 2322 3111 2386 Sub

647 2426 858 2490 finem
888 2445 1061 2507 ergo
1092 2428 1419 2491 Octobris
1448 2428 1657 2510 hujus
1686 2429 1853 2492 anni
1883 2429 1972 2492 ab
1996 2446 2080 2492 eo
2109 2429 2266 2497 loco
2295 2429 2619 2507 recessit,
2647 2447 2807 2493 cum
2839 2429 3108 2510 frigora

654 2535 1098 2598 vehementia
1135 2534 1282 2615 jam
1314 2536 1431 2599 illa
1463 2537 1535 2598 in
1564 2537 1859 2615 regione
1899 2537 2323 2616 inciperent;
2365 2536 2490 2599 sed
2528 2554 2658 2600 nec
2701 2536 2987 2616 frigoris
3017 2555 3103 2600 ac

648 2640 920 2703 nivium
949 2642 1301 2722 molestia,
1337 2660 1468 2706 nec
1508 2643 1719 2706 timor
1757 2643 1990 2723 gentis
2028 2643 2432 2723 incognitae
2482 2661 2611 2706 nec
2651 2642 2781 2706 iter
2826 2644 3120 2724 magnis¹

640 2749 978 2826 'periculis
1010 2759 1505 2830 tempestatum
1536 2769 1620 2814 ac
1649 2753 2005 2814 latronum
2028 2751 2412 2814 obnoxium
2441 2751 2893 2815 retardarunt
2917 2770 3099 2830 eum,

643 2872 854 2934 quem
893 2856 1047 2918 sitis
1085 2858 1440 2936 evangelii
1478 2857 1740 2921 Christi
1781 2856 2279 2921 manifestandi
2325 2858 2647 2936 urgebat.
2703 2857 3105 2939 Aliquando

646 2960 777 3023 sub
826 2962 1277 3040 navigiorum
1327 2963 1642 3026 tabulato
1694 2981 1772 3026 se
1822 2963 2289 3043 abscondere,
2343 2969 2433 3027 ne
2476 2974 3099 3045 cognoscerentur,

643 3067 1067 3146 debuerunt;
1102 3078 1170 3132 et
1199 3069 1270 3132 in
1309 3070 1558 3133 itinere
1604 3071 1923 3133 terrestri
1958 3071 2227 3133 nobiles
2267 3071 2543 3151 aliquos
2586 3072 3002 3152 equitanteS,
3036 3083 3104 3136 et

646 3173 928 3253 quidem
957 3176 1297 3239 velociter
1335 3176 1576 3255 valde,
1622 3178 1822 3257 sequi
1859 3178 2133 3257 pedites
2172 3186 2535 3257 tamquam
2575 3196 2819 3243 eorum
2859 3179 3102 3243 famuli

644 3280 1028 3359 debebant;
1077 3292 1145 3345 et
1175 3283 1337 3361 quia
1368 3283 1637 3356 itinera,
1670 3284 2099 3363 ignorabant
2117 3315 2139 3364 ,·
2171 3302 2384 3365 saepe
2413 3289 2629 3347 noctu
2675 3286 2767 3349 ad
2803 3288 3104 3367 populos

644 3388 1178 3468 perveniebant,
1221 3390 1293 3452 in
1346 3390 1599 3469 quibus
1637 3389 1901 3454 madidi
1949 3391 2507 3455 consolationem
2559 3393 2750 3455 nulla
2793 3393 3098 3456 invenie-

642 3494 843 3572 bant;
870 3503 940 3557 et
968 3512 1130 3558 cum
1160 3496 1483 3575 ningeret
1514 3506 1583 3560 et
1612 3498 1919 3577 plueret,
1955 3499 2025 3560 in
2055 3498 2192 3561 viis
2221 3499 2517 3578 publicis
2547 3516 2632 3561 ac
2662 3500 2914 3578 plateis
2938 3518 3097 3563 con·

642 3600 1019 3680 sistebant,
1066 3602 1184 3664 ubi
1226 3602 1575 3683 lapidibus
1618 3589 1998 3683 aliquando
2044 3624 2087 3668 a
2119 3605 2356 3685 pueris
2397 3606 2845 3685 petebantur;
2890 3616 2957 3669 et
3002 3616 3097 3669 ta-

645 3722 805 3769 men
853 3705 1061 3770 fidem
1100 3718 1420 3772 nostram
1475 3711 1901 3774 catholicam
1943 3712 2038 3774 ibi
2087 3711 2615 3792 praedicabant.
2667 3712 2755 3775 Et
2794 3712 3095 3789 demum,

643 3821 1018 3892 postquam
1061 3825 1361 3894 quatuor
1391 3834 1670 3880 menses
1698 3819 1771 3880 in
1806 3835 1891 3880 ea
1935 3819 2503 3898 peregrinatione
2546 3819 2978 3899 exegissent,
3015 3838 3097 3883 ac

644 3920 980 4000 magnam
1030 3923 1446 3999 provinciae
1497 3932 1770 4004 partem
1818 3925 2404 4005 perlustrassent,
2458 3943 2620 3990 cum
2670 3943 2929 4006 magno
2971 3945 3100 3990 suo

642 4029 1114 4091 emolumento
1164 4030 1375 4110 quod·
1401 4030 1782 4111 vituperia,
1844 4031 2104 4094 samem
2154 4041 2223 4095 et
2261 4031 2487 4112 frigus
2526 4033 2719 4113 passi
2757 4042 2995 4098 essent
3030 4044 3099 4098 et

638 4152 919 4215 semper
953 4136 1254 4216 pediteS,
1285 4136 1661 4217 aliquando
1693 4139 1906 4201 etiam
1936 4139 2143 4202 nudis
2162 4139 2455 4219 pedibus
2484 4150 2775 4220 propter
2811 4140 3098 4204 flumina

641 4250 765 4306 aut
785 4251 1135 4305 torrentes
1160 4244 1476 4324 crebros,
1505 4261 1668 4307 cum
1695 4245 1843 4308 sere
1866 4263 2143 4326 semper
2166 4246 2262 4309 ibi
2285 4248 2511 4327 pluat,
2542 4256 2613 4311 et
2645 4266 2806 4311 cum
2836 4249 3093 4328 aliqua·

641 4366 798 4412 rum
827 4349 1039 4412 etiam
1072 4351 1468 4414 animarum
1507 4353 1728 4431 lucro,
1765 4370 1942 4433 quas
1971 4354 2044 4416 in
2087 4352 2369 4417 Christo
2407 4353 2485 4417 P.
2527 4353 2952 4418 Franciscus
2980 4372 3094 4435 ge-

638 4623 682 4668 N
722 4552 739 4585 ¹
797 4551 947 4597 Pauli
976 4554 1278 4608 japonensis
1308 4555 1515 4600 litterae
1549 4556 1617 4600 ad
1652 4557 1932 4602 Socfetntis
1952 4559 2139 4604 Patres
2168 4566 2218 4603 et
2252 4560 2443 4603 fratres
2462 4560 2514 4602 in
2537 4559 2822 4602 seminario
2844 4559 3049 4612 Goensl,
3071 4562 3101 4603 5

683 4625 942 4669 ovembris
969 4626 1086 4669 1550.

719 4697 742 4728 ²
796 4696 935 4741 Alibi
959 4698 1065 4751 ipse
1086 4698 1351 4750 Polaticus,
1371 4699 1565 4742 rectius
1585 4701 1788 4753 quidem
1803 4734 1813 4753 ,
1838 4702 2188 4757 Amanguclu'.
