3679 5414
704 439 814 501 274
1109 438 1116 446 ’
1628 438 1882 499 Canos.
1924 437 2078 497 Soc.
2118 438 2262 511 με.

824 583 967 648 224.
1053 585 1236 649 Cum¹
1261 585 1352 648 ad
1380 583 1943 665 promovendum
1973 582 2364 662 Collegium
2406 582 2854 646 Lovaniense
2896 581 3178 655 litterae

706 692 1323 756 commendatitiae
1352 692 1571 771 Regis
1599 691 2084 755 Romanorum
2113 691 2204 754 ad
2226 689 2575 770 Reginam
2597 689 2922 768 Mariam,
2952 688 3177 769 ipsius

708 817 1030 863 sororem
1058 817 1145 863 ac
1175 799 1530 863 inferioris
1560 798 1989 862 Germaniae
2017 816 2147 878 pro
2178 797 2439 861 Carolo
2467 796 2538 860 V
2583 795 3023 877 Imperatore
3049 811 3174 874 gu,-

706 906 1200 985 bernatricem,
1243 915 1763 987 expeterentur,
1798 905 2118 968 Nuncius
2147 904 2624 985 ApostolicuS,
2658 903 3006 966 Dominus
3034 901 3173 964 Ab-

705 1015 834 1076 bas
863 1012 1433 1093 MartinenghuS,
1467 1031 1597 1093 pro
1636 1030 1764 1076 suo
1804 1030 1980 1092 erga
2020 1021 2343 1076 nostram
2385 1010 2814 1075 Societatem
2858 1008 3089 1072 studio
3128 1025 3171 1071 a

709 1119 904 1201 Rege
953 1121 1227 1185 litteras
1275 1119 1674 1200 hujusmodi
1722 1120 2140 1200 postulavit,
2184 1129 2252 1182 et
2301 1119 2627 1199 quamvis
2667 1117 2851 1181 illius
2890 1115 3175 1179 ditionis

709 1205 919 1291 rebus
946 1246 1089 1291 non
1119 1246 1195 1292 se
1224 1229 1681 1307 immisceret,
1725 1228 2023 1290 libenter
2064 1226 2219 1289 Rex
2257 1226 2749 1289 Ferdinandus
2786 1224 3056 1303 recepit
3097 1239 3175 1285 se

628 1341 632 1345 ’
711 1336 1177 1415 scripturum,
1221 1337 1346 1399 sed
1382 1336 1578 1416 prius
1622 1336 1804 1398 velle
1849 1351 1927 1397 se
1970 1333 2047 1397 P.
2091 1333 2461 1397 Claudium
2501 1333 2792 1413 alloqui;
2845 1332 2964 1412 qui
3013 1349 3176 1396 cum

709 1441 890 1520 Regi
917 1443 1342 1506 ostendisset
1370 1444 1771 1524 exemplum
1800 1442 2359 1523 supplicationis,
2392 1457 2575 1521 quae
2603 1457 2794 1503 anno
2825 1439 3174 1519 superiori

711 1549 1082 1628 Augustae
1116 1549 1438 1613 confecta
1468 1550 1729 1628 fuerat,
1763 1559 1841 1613 ut
1877 1548 2296 1630 Imperatori
2334 1547 2729 1627 offerretur,
2779 1546 2949 1610 illud
2987 1546 3173 1613 idem

710 1658 1112 1737 exemplum
1140 1657 1346 1720 simul
1376 1675 1537 1720 cum
1566 1657 1715 1720 suis
1743 1657 1996 1723 litteris
2026 1657 2118 1719 ad
2146 1655 2496 1735 Reginam
2518 1655 2820 1718 Mariam
2849 1653 3171 1717 transmi-

710 1763 802 1825 sit
832 1764 903 1827 in
934 1763 1231 1843 Collegii
1258 1764 1728 1827 Lovaniensis
1758 1763 2445 1828 commendationem
2476 1760 2518 1825 ¹.

830 1870 970 1934 225.
1060 1871 1449 1934 Consilium
1475 1872 1668 1950 regis
1698 1870 1786 1934 de
1816 1870 2245 1935 instituendo
2277 1879 2486 1950 atque
2517 1869 2825 1932 dotando
2857 1868 3172 1949 Collegio

709 1986 953 2052 nostro
993 1978 1164 2041 illud
1200 1978 1360 2054 fuit,
1404 1989 1480 2041 ut
1519 1978 1843 2042 Viennae
1882 1978 2190 2042 studium
2227 1977 2706 2057 theologicum
2744 1977 3168 2040 instaurare·

712 2092 857 2164 tur;
891 2095 961 2148 et
990 2103 1150 2148 cum
1177 2095 1603 2165 conventuS,
1640 2087 1714 2149 in
1749 2104 1887 2166 quo
1919 2086 2156 2166 capita
2198 2085 2728 2165 provinciarum
2768 2084 2901 2146 sibi
2938 2083 3169 2147 subdi-

707 2202 944 2257 tarum
982 2192 1426 2270 exstiterunt,
1459 2192 1784 2255 Viennae
1814 2203 2018 2256 actus
2056 2202 2273 2271 esset,
2307 2193 2381 2256 in
2418 2210 2502 2255 eo
2542 2191 3000 2255 constitutum
3037 2200 3167 2270 est,

679 2322 682 2327 ·
709 2310 784 2363 ut
805 2316 1142 2363 numerus
1165 2309 1403 2363 certus
1423 2299 2013 2363 scholasticorum
2030 2317 2067 2362 e
2090 2299 2390 2379 singulis
2404 2299 2793 2380 provinciis
2809 2298 3167 2361 Viennam

709 2408 1101 2471 mitteretur
1129 2408 1250 2487 qui
1278 2408 1681 2486 theologiae
1711 2407 1964 2470 darent
1994 2424 2316 2487 operam,
2352 2414 2421 2468 et
2462 2406 2552 2469 ad
2594 2406 2881 2469 ordines
2919 2421 3166 2469 sacros

708 2523 1315 2593 promoverentur,
1350 2523 1420 2576 et
1456 2513 1817 2594 parochiis
1868 2513 2119 2578 deinde
2167 2522 2604 2594 praeessent.
2653 2512 2968 2592 Insuper,
3017 2530 3166 2575 sco·

710 2638 877 2700 pum
918 2621 1240 2684 eumdem
1278 2621 1636 2701 intuendO,
1684 2621 2076 2701 Collegium
2114 2620 2489 2684 Societatis
2527 2621 2892 2683 instituere
2931 2620 3167 2683 decre·

710 2729 834 2809 vit,
877 2739 953 2792 ut
1001 2747 1093 2793 ex
1131 2747 1217 2792 eo
1258 2740 1327 2793 et
1363 2729 1803 2810 professores
1842 2730 2240 2810 theologiae
2279 2739 2349 2792 et
2390 2729 2855 2792 scholasticos
2904 2728 3164 2792 habere

709 2846 976 2916 posset,
1020 2837 1140 2917 qui
1186 2855 1330 2900 non
1379 2839 1608 2901 solum
1656 2839 1982 2918 exemplo
2037 2838 2228 2901 vitae
2278 2837 2434 2899 ali-is
2482 2836 2993 2916 praelucerent,
3039 2833 3165 2899 sed

711 2944 921 3008 etiam
949 2952 1026 3006 ut
1057 2927 1527 3008 scholasticae
1558 2945 1959 3024 theologiae
1990 2944 2554 3022 exercitationeS,
2582 2942 2974 3023 quusmodi
3003 2950 3166 3006 sunt

713 3050 1230 3130 disputationes
1261 3060 1328 3114 et
1357 3061 1562 3114 actus
1590 3052 1663 3114 in
1693 3051 2291 3115 Universitatibus
2313 3050 2465 3114 fieri
2493 3051 2704 3129 soliti,
2730 3069 2856 3131 per
2883 3059 3166 3114 nostros

709 3158 1229 3223 inducerentur.
1267 3158 1355 3222 Et
1392 3159 1507 3221 hic
1545 3166 1697 3223 erat
1726 3160 2153 3239 praecipuus
2189 3158 2482 3236 fructus,
2529 3176 2737 3238 quem
2774 3159 2973 3221 initio
3011 3156 3166 3222 Rex

706 3284 796 3329 ex
826 3264 1142 3345 Collegio
1173 3265 1537 3346 sperabat;
1570 3267 1898 3346 quamvis
1928 3266 2048 3329 alii
2069 3266 2433 3329 uberiores
2455 3284 2545 3329 ex
2568 3283 2652 3328 eo
2683 3266 3163 3346 provenerint.

705 3373 795 3439 Et
828 3373 986 3435 ideo
1037 3370 1285 3435 Patres
1328 3373 1698 3437 Claudium
1746 3382 1816 3435 et
1863 3374 2240 3453 Lanoyum
2286 3373 2564 3453 publice
2608 3374 3044 3451 praelegere,
3096 3380 3167 3434 et

709 3480 891 3542 alios
930 3497 1021 3542 ex
1060 3480 1324 3542 nostris
1375 3480 1735 3543 auditores
1773 3496 1929 3542 esse
1970 3479 2391 3560 theologiae,
2433 3498 2600 3543 nam
2630 3480 2720 3543 ad
2765 3496 2922 3542 eam
2961 3486 3168 3557 aptos

707 3602 869 3654 fisse
898 3586 1216 3665 putabat,
1248 3587 1493 3650 voluit.
1521 3586 1697 3649 Tres
1720 3586 2043 3650 Viennae
2074 3587 2144 3649 id
2173 3587 2511 3667 temporis
2535 3587 2933 3666 theologiae
2955 3587 3165 3648 lecto·

708 3709 824 3760 res
853 3701 1078 3771 erant,
1113 3701 1181 3755 et
1211 3693 1457 3755 decem
1493 3701 1769 3756 tantum
1797 3693 2160 3756 auditores
2198 3693 2582 3773 habebant,
2627 3694 2808 3756 inter
2837 3710 3013 3773 quos
3042 3693 3168 3755 vix

707 3799 1016 3866 ,unusad
1046 3799 1486 3878 theologicas
1513 3800 1853 3863 lectiones
1881 3810 2035 3864 erat
2066 3800 2399 3879 idoneus;
2432 3810 2500 3863 et
2530 3818 2691 3863 cum
2718 3801 2982 3863 vellent
3009 3816 3164 3881 pro-

707 3903 1015 3970 fessores
1045 3907 1407 3985 recedere,
1444 3908 1802 3984 lectioneS,
1837 3916 1915 3972 ut
1943 3908 2269 3988 superius
2299 3908 2566 3971 dictum
2593 3917 2722 3986 est,
2756 3908 2895 3970 duo
2919 3907 3167 3970 Patres

703 4013 934 4080 nostri
961 4013 1408 4102 inchoarunt.
1445 4013 1627 4093 Quia
1656 4024 1894 4078 tamen
1933 4016 2122 4078 italis
2159 4014 2237 4078 Ρ.
2281 4015 2620 4079 Claudius
2659 4014 3067 4078 concionari
3098 4023 3168 4077 et

791 4307 805 4339 Ι
866 4305 1121 4350 Polaneus
1143 4305 1356 4350 Claudio
1376 4307 1506 4362 Jaio,
1528 4308 1647 4362 quid
1665 4320 1779 4352 cum
1793 4308 2114 4364 Imperatore
2138 4308 2325 4352 Carolo
2344 4314 2398 4352 et
2420 4308 2618 4362 Regina
2639 4307 2804 4352 Maria
2825 4308 3079 4362 agendum
3096 4308 3165 4351 sit

697 4377 801 4432 ’pro
822 4378 1100 4422 obtinenda
1118 4378 1346 4432 ipsorum
1367 4380 1519 4424 venia
1540 4387 1596 4424 ut
1617 4380 1669 4423 in
1688 4378 1939 4425 Flandria
1959 4387 2011 4424 et
2034 4379 2230 4435 Belgio,
2253 4379 2471 4424 Lovanli
2489 4381 2814 4434 praesertim,
2836 4381 3034 4424 institui
3055 4391 3167 4434 pos·

708 4450 809 4494 sint
830 4448 1106 4494 Societatls
1123 4450 1373 4505 Collegia.
1395 4452 1590 4495 Addita
1605 4456 1685 4495 est
1706 4454 1882 4497 brevis
1898 4453 2163 4500 enarratio
2180 4463 2373 4506 eorum,
2396 4463 2527 4507 quae
2544 4451 2595 4495 in
2611 4452 2908 4506 obsequium
2925 4452 3167 4498 Caesaris

708 4523 774 4564 ab
794 4521 998 4575 Ignatio
1019 4522 1228 4577 eJusque
1251 4522 1643 4577 consang-uineis
1663 4525 1798 4568 bello
1819 4531 1870 4568 et
1891 4535 2017 4579 pace
2038 4529 2189 4579 gesta
2209 4530 2345 4578 sunt,
2363 4525 2417 4567 24
2432 4523 2935 4578 Februarii—Idem,
2954 4536 3019 4568 ex
3034 4535 3169 4569 com·

703 4594 985 4660 missione,
1003 4594 1186 4648 eidem,
1208 4596 1270 4638 de
1290 4596 1580 4654 othneudis
1600 4595 1759 4651 Regis
1779 4596 2126 4655 Romanorum
2146 4597 2339 4641 litteris
2358 4598 2424 4641 ad
2445 4597 2822 4654 Imperatorem
2842 4604 2894 4643 et
2916 4597 3168 4653 Reginam

707 4664 759 4707 in
782 4664 1017 4708 savorem
1032 4663 1451 4710 Lovaniensium.
