3679 5414
696 460 836 521 2298
1672 458 1926 520 Canon.
1971 459 2124 520 Soc.
2166 461 2322 534 Jsss„

723 609 860 671 hac
899 607 986 670 de
1037 623 1256 670 causa
1299 607 1372 668 in
1411 623 1773 669 carcerem
1815 605 2073 687 conjici
2109 606 2328 687 aliqui
2363 606 2814 684 videbantur,
2859 605 3194 668 neetiam

726 715 1335 791 Claramontanus
1353 713 1780 793 EpiscopuS,
1814 713 1935 793 qui
1965 713 2260 793 Collegii
2296 712 2720 776 parisiensis
2748 710 3192 775 sustentandi

726 837 976 883 curam
998 819 1394 899 suscepisse
1424 819 1866 896 credebatur,
1892 819 2222 900 injuriam
2244 820 2376 883 sibi
2398 820 2667 882 illatam
2687 827 2990 899 putaret,
3020 835 3186 882 con·

724 927 937 990 suluit
959 926 1284 1005 eumdem
1306 925 1733 1006 Episcopum
1760 925 1838 988 P.
1873 925 2213 990 Violaeus
2242 945 2334 990 an
2362 927 2498 1007 ipsi
2524 926 2888 989 videretur
2919 924 3191 1004 aliquos

727 1051 883 1096 esse
934 1032 1385 1096 dimittendos
1433 1033 1573 1095 alio
1616 1050 1779 1095 cum
1812 1051 1963 1096 non
2010 1042 2302 1114 possent
2341 1033 2748 1096 sustentari.
2803 1029 3192 1112 Respondit

726 1141 1122 1220 Episcopus
1142 1149 1241 1217 ut,
1269 1156 1429 1202 cum
1451 1129 1747 1219 penuria
1768 1140 2197 1221 laborarent,
2225 1141 2317 1204 ad
2345 1157 2421 1204 se
2444 1126 2794 1218 venirent;
2827 1147 2898 1201 et
2928 1137 3193 1218 aliquid

729 1246 1023 1311 subsidii
1052 1247 1154 1309 eis
1183 1247 1394 1325 misit;
1426 1246 1659 1310 minus
1687 1255 1927 1310 tamen
1954 1248 2385 1311 incalescere
2415 1264 2629 1328 quam
2652 1246 3044 1310 necessitas
3073 1263 3193 1308 no-

728 1364 1042 1418 strorum
1070 1353 1506 1433 postulabat,
1540 1353 1937 1417 videbatur.
1970 1355 2204 1429 Unde,
2237 1354 2313 1418 P.
2350 1355 2626 1434 Ignatio
2657 1361 3038 1431 annuente,
3074 1351 3191 1414 ali-

731 1478 930 1540 quOS,
966 1469 1041 1523 ut
1071 1461 1396 1540 superius
1425 1461 1690 1523 dictum
1718 1471 1847 1539 est,
1879 1460 2181 1524 Romam
2209 1460 2283 1524 Ρ.
2319 1460 2682 1540 ViolaeuS,
2715 1460 2997 1524 dimisit.
3031 1458 3192 1521 Non

732 1568 1098 1631 omittebat
1126 1576 1365 1630 tamen
1403 1568 1591 1631 idem
1617 1568 1693 1631 P.
1729 1568 2045 1648 Ignatius
2084 1568 2533 1632 occasionem
2575 1566 3008 1631 accendendi
3038 1565 3190 1629 Cla·

727 1675 1131 1739 ramontani
1154 1674 1486 1755 Episcopi
1508 1675 1844 1755 animum,
1870 1676 2057 1739 unde
2086 1676 2364 1739 curavit
2393 1684 2469 1738 ut
2499 1675 2666 1738 Dux
2697 1674 3022 1738 Gandiae
3046 1672 3198 1736 suis

731 1781 986 1845 litteris
1013 1798 1174 1844 eum
1197 1783 1559 1862 salutaret,
1594 1799 1773 1862 quas
1803 1800 1881 1845 se
1905 1783 2268 1863 accepisse
2297 1784 2542 1863 plenas
2572 1781 3040 1845 suavissimae
3071 1779 3195 1842 hu-

731 1888 1093 1951 manitatis
1141 1897 1210 1951 et
1262 1888 1693 1952 christianae
1741 1889 2026 1968 pietatis
2078 1888 2471 1969 Episcopus
2518 1887 2906 1968 respondit,
2969 1886 3197 1949 eidem

733 2003 1009 2058 tantam
1032 1994 1395 2073 religionis
1416 1995 1897 2074 integritatem
1919 1996 2484 2075 congratulando
2511 2004 2579 2059 et
2599 1995 2777 2058 bene
2806 1992 3188 2074 precand0.

736 2101 1087 2165 Paulatim
1134 2110 1373 2164 tamen
1422 2118 1594 2164 suae
1643 2103 2031 2165 voluntatis
2073 2102 2363 2166 effectus
2395 2103 2467 2165 in
2509 2102 2644 2165 hac
2683 2111 2885 2182 parte
2916 2101 3194 2163 demon·

737 2207 1014 2272 strabat
1040 2206 1081 2266 ¹.

854 2314 997 2378 267.
1086 2313 1263 2377 Cum
1291 2323 1526 2377 autem
1556 2315 1644 2378 de
1672 2316 2031 2379 mittendis
2061 2316 2435 2379 Billomum
2458 2315 2724 2395 aliquot
2761 2313 3205 2377 scholasticis

745 2421 931 2484 idem
953 2420 1346 2501 Episcopus
1369 2411 1790 2502 scripsisset,
1817 2423 2203 2503 explicavit
2225 2422 2301 2486 P.
2334 2423 2658 2502 Baptista
2686 2421 2836 2501 eJus
2864 2421 3201 2499 animum,

741 2545 883 2608 quo
915 2527 1006 2590 ad
1027 2543 1400 2591 numerum
1429 2528 1698 2608 attinet,
1732 2538 1808 2592 ut
1837 2538 1984 2592 tres
2013 2531 2127 2592 vel
2158 2539 2459 2609 quatuor
2491 2537 2757 2607 essent,
2793 2528 2911 2607 qui
2938 2525 3203 2589 scholis

740 2634 1281 2696 Billomensibus
1310 2646 1755 2717 praeessent,
1789 2646 1860 2700 et
1899 2637 2079 2700 alios
2126 2629 2528 2700 saeculares
2566 2642 3097 2717 praeceptores,
3138 2632 3202 2696 si

738 2758 885 2803 non
913 2742 1092 2803 bene
1123 2758 1199 2804 se
1237 2752 1598 2823 gererent,
1633 2744 1933 2807 docendi
1962 2744 2191 2807 officio
2233 2745 2521 2825 privare
2553 2751 2866 2824 possent.
2913 2742 3207 2822 Oporte-

738 2848 860 2911 bat
890 2857 1147 2926 autem,
1182 2866 1344 2911 cum
1373 2859 1608 2913 essent
1637 2851 1917 2915 docturi
1948 2850 2422 2932 J‘uventutem,
2465 2859 2542 2914 ut
2580 2851 2881 2930 gallicae
2924 2849 3212 2929 linguae

738 2954 948 3034 periti
987 2965 1242 3034 essent,
1298 2964 1368 3018 et
1417 2974 1599 3019 unus
1638 2958 1922 3038 quidem
1960 2976 2206 3021 eorum
2249 2958 2341 3021 ad
2384 2957 2848 3037 theologiam,
2899 2956 3081 3019 alter
3119 2954 3215 3017 ad

739 3060 1287 3141 philosophiam,
1342 3063 1591 3126 tertius
1641 3064 1733 3127 ad
1781 3064 2212 3127 rhetoricam
2263 3064 2659 3128 docendam
2709 3063 3036 3141 idoneus;
3091 3062 3210 3143 qui

741 3177 981 3231 autem
1016 3169 1447 3248 theologiam
1489 3170 1827 3236 docturus
1866 3182 2050 3251 erat,
2094 3182 2303 3252 aptus
2343 3173 2559 3235 etiam
2598 3188 2754 3235 esse
2785 3170 3084 3233 debebat
3111 3169 3210 3232 ad

738 3275 996 3354 gallice
1026 3276 1614 3357 concionandum;
1649 3278 1837 3358 quod
1868 3279 1927 3341 si
1957 3280 2135 3342 tales
2157 3274 2338 3342 mitti
2366 3296 2509 3342 non
2538 3286 2847 3357 possent,
2879 3293 3025 3339 non
3055 3292 3214 3338 esse

743 3382 1123 3445 mittendos
1149 3381 1226 3445 P.
1263 3380 1606 3446 Violaeus
1643 3384 2090 3449 admonebat.
2146 3387 2233 3449 Et
2272 3386 2372 3449 ita
2410 3385 2546 3448 hoc
2592 3385 2874 3466 quidem
2923 3399 3110 3447 anno
3142 3392 3213 3444 et

747 3489 958 3552 modo
990 3489 1129 3551 hoc
1159 3507 1412 3552 munus
1440 3488 1759 3560 Societas
1780 3510 1924 3555 non
1953 3494 2263 3574 suscepit
2284 3492 2329 3556 ¹.

865 3595 1006 3659 268.
1096 3596 1274 3660 Cum
1303 3597 1801 3661 Armachanus
1841 3600 2237 3680 Episcopus
2267 3618 2526 3663 caecus
2553 3599 2629 3663 P.
2663 3598 2917 3662 Violae
2946 3595 3203 3677 signifi·

750 3712 983 3766 casset
1012 3720 1088 3766 se
1118 3702 1269 3783 ejus
1299 3719 1516 3782 opera
1545 3704 1647 3766 uti
1676 3707 1859 3768 velle
1890 3722 2268 3787 secumque
2298 3724 2460 3770 eum
2490 3704 2837 3770 deducere
2862 3705 2933 3766 in
2962 3703 3208 3766 Hiber-

747 3809 960 3888 niam,
996 3809 1353 3888 suggessit
1381 3809 1457 3873 P.
1493 3809 1706 3873 Viola
1744 3828 1820 3874 se
1864 3812 1973 3875 sui
2007 3811 2185 3891 juris
2224 3830 2367 3876 non
2397 3830 2589 3893 esse;
2623 3804 2715 3876 ad
2746 3811 2822 3874 P.
2856 3810 3217 3890 Ignatium

748 3916 1043 3995 proinde
1091 3935 1168 3979 se
1206 3926 1675 3980 converteret.
1723 3918 1852 3997 At,
1899 3920 2126 4000 inquit
2153 3921 2301 3997 ille,
2342 3937 2706 4002 nunquam
2745 3937 2787 3981 a
2821 3919 2897 3982 P.
2940 3916 3217 3997 Ignatio

749 4038 1171 4102 quemquam
1199 4022 1287 4086 de
1316 4020 1674 4087 Societate
1699 4034 1950 4088 nostra
1988 4035 2412 4107 extorquere
2451 4027 2683 4107 potui;
2724 4025 2851 4088 sed
2889 4042 3017 4105 per
3048 4023 3216 4087 Car-

750 4305 757 4312 ,
831 4263 849 4295 ¹
907 4263 1176 4314 Polancus,
1194 4275 1260 4307 ex
1280 4276 1438 4317 com„
1457 4267 1680 4311 nondum
1711 4273 1915 4322 tempus
1949 4276 2290 4322 opportunum
2323 4281 2435 4312 esse
2465 4275 2522 4314 ut
2552 4269 2614 4312 de
2645 4268 2794 4312 domo
2823 4266 3214 4333 (professorum)

752 4336 965 4380 Parisiis
985 4336 1229 4390 erigenda
1249 4343 1441 4391 agatur
1456 4339 1546 4382 sed
1567 4339 1629 4382 de
1646 4341 1879 4394 collegio,
1900 4341 1948 4384 21
1972 4341 2001 4394 J
2005 4342 2110 4385 ulii.

831 4407 854 4438 ²
907 4406 1185 4461 PolancuS,
1209 4419 1275 4451 ex
1295 4420 1452 4462 com„
1472 4409 1618 4453 Patri
1640 4410 1826 4463 joanni
1849 4412 2119 4467 Baptistae
2149 4413 2211 4457 de
2232 4412 2404 4457 Violis
2430 4420 2488 4457 ut
2520 4412 2979 4457 claramontanum
3008 4409 3221 4464 Episco-

746 4490 871 4533 pum
884 4491 1096 4524 movere
1118 4485 1261 4525 curet
1281 4487 1339 4523 ut
1360 4491 1476 4524 eum
1496 4481 1548 4524 in
1568 4482 1813 4536 erigendo
1834 4483 2037 4528 Billomi
2061 4483 2290 4538 Collegio
2312 4485 2476 4528 teneri
2500 4484 2706 4528 modum
2737 4484 2971 4537 patiatur
2991 4487 3043 4524 et
3065 4481 3212 4534 velit,

751 4562 902 4604 quem
921 4552 1085 4595 tenuit
1105 4551 1375 4596 Salmeron
1396 4550 1637 4606 Neapoli,
1667 4560 1720 4597 et
1742 4565 1773 4597 a
1793 4555 2129 4599 fundamento
2163 4557 2518 4600 humaniorum
2562 4555 2857 4598 litterarum
2886 4552 3126 4606 incipiat,
3159 4551 3213 4594 12

754 4622 996 4675 Augusti.
1014 4622 1251 4676 Ignatiua
1270 4622 1673 4668 claramontano
1702 4625 1960 4681 Episcopo
1981 4627 2162 4670 eadem
2182 4627 2289 4681 die,
2324 4638 2440 4671 eum
2468 4638 2690 4671 exorans
2718 4637 2779 4669 ne
2809 4625 3081 4680 permittat
3101 4632 3195 4677 pro

756 4699 871 4747 pter
893 4692 1204 4737 Billomense
1226 4693 1500 4747 collegium
1519 4702 1575 4738 ut
1595 4698 1898 4752 parisiensis
1918 4699 2097 4742 domus
2116 4698 2392 4752 quidquam
2408 4698 2704 4742 detrimenti
2725 4699 2925 4741 subeat.
