3679 5414
1687 439 1813 498 Aa.
1861 438 1993 499 1551
2828 399 2832 404 ’
2953 434 3071 494 ‚309

606 584 1189 661 asservabantur,
1263 586 1354 648 ad
1416 585 1900 649 eremitorium
1964 584 2194 647 Divae
2257 582 2724 662 Magdalenae
2790 582 3067 644 delatae

602 689 920 768 fuerunt}
956 691 1328 755 multitudo
1360 701 1594 756 autem
1624 682 1900 771 eorum,
1935 692 2056 772 qui
2081 689 2610 771 processionem
2638 689 2823 751 hanc
2854 689 3066 751 comi-

607 798 737 861 tati
767 808 962 877 sunt,
997 807 1067 861 et
1096 798 1215 878 qui
1244 799 1357 862 die
1388 800 1708 880 sequenti
1737 799 1828 862 ad
1850 797 2234 879 J'ubilaeum
2264 796 2718 861 obtinendum
2747 797 2831 859 eo
2860 813 3063 858 vene-

604 913 799 983 runt,
832 905 1148 967 maxima
1177 923 1350 968 sane
1378 906 1510 969 fuit
1539 915 1609 970 et
1638 906 1729 970 ad
1758 900 1977 969 millia
2005 906 2245 969 nescio
2285 913 2454 985 quot
2495 904 2853 985 pervenit;
2900 921 3066 966 nam

605 1011 819 1074 etiam
846 1029 937 1074 ex
975 1012 1233 1075 vicinis
1274 1012 1552 1093 oppidis
1593 1012 1952 1093 Azpeitia,
1995 1011 2353 1091 Azcoitia,
2395 1009 2727 1090 Vergara
2766 1019 2835 1072 et
2872 1001 3064 1072 Mon·

604 1117 880 1197 dragon
919 1118 1238 1182 homines
1287 1101 1809 1199 convenerant,
1853 1130 1924 1183 et
1962 1122 2053 1183 ex'
2092 1119 2416 1183 omnibus
2459 1117 2737 1198 oppidis
2785 1116 3066 1197 provin-

606 1225 758 1288 ciae
792 1229 1127 1289 venturos
1155 1244 1311 1289 esse
1341 1227 1673 1308 creditur,
1707 1228 1769 1291 si
1799 1229 1871 1291 in
1901 1228 2038 1290 illis
2060 1225 2444 1306 jubilaeum
2476 1226 2612 1287 hoc
2640 1224 2888 1287 fuisset
2908 1239 3064 1303 pro·

604 1333 1019 1411 mulgatum,
1046 1351 1209 1396 cum
1231 1337 1505 1397 summo
1529 1335 1929 1397 devotionis
1953 1333 2209 1397 affectu
2233 1332 2309 1395 P.
2337 1332 2395 1395 F
2395 1333 2802 1395 ranciscum
2830 1346 3068 1411 prose-

608 1449 1010 1518 querentur.

724 1545 864 1609 287.
953 1547 1210 1611 Comes
1253 1548 1512 1611 Montis
1556 1548 1747 1612 acuti
1788 1549 2075 1629 scripsit
2115 1550 2192 1612 P.
2238 1548 2625 1612 Francisco
2664 1546 2756 1609 ad
2793 1562 2956 1609 eum
2991 1561 3070 1607 se

609 1653 852 1716 Venire
899 1655 1081 1717 velle
1130 1664 1205 1717 ut
1254 1654 1556 1717 formam
1595 1673 1680 1717 ac
1732 1655 2016 1726 modum
2059 1655 2173 1736 pie
2217 1653 2505 1717 vivendi
2535 1654 2866 1732 disceret,
2919 1650 3073 1731 ejus

607 1761 794 1824 enim
824 1769 1027 1840 pater
1069 1762 1284 1824 morti
1310 1762 1675 1842 proximus
1704 1763 1771 1824 ei
1799 1772 1996 1825 arcte
2027 1761 2653 1825 commendaverat
2680 1769 2756 1823 ut
2786 1759 3071 1823 omnino

609 1868 698 1930 ab
727 1868 962 1947 aliquo
1006 1868 1093 1931 de
1131 1867 1488 1932 Societate
1530 1878 1781 1932 nostra
1821 1869 2093 1933 institui
2122 1887 2197 1932 se
2229 1869 2301 1931 in
2338 1869 2550 1932 rebus
2592 1866 3073 1948 spiritualibus

610 1983 912 2038 curaret.
948 1973 1411 2055 Significabat
1439 1976 1516 2039 P.
1549 1976 1978 2040 Franciscus
2009 1994 2343 2057 magnam
2372 1993 2675 2039 messem
2704 1974 2931 2038 amitti
2958 1973 3072 2036 de-

608 2082 796 2144 fectu
836 2081 1132 2163 alicujus
1181 2083 1626 2164 confessarii,
1682 2085 1803 2165 qui
1853 2085 2339 2147 cantabricam
2389 2083 2734 2163 linguam·
2759 2082 3071 2158 calleret,

608 2198 685 2251 ut
714 2190 1072 2269 mulieres,
1108 2207 1289 2270 quae
1320 2192 1781 2254 castellanam
1809 2210 1954 2254 non
1984 2192 2295 2271 capiunt,
2330 2190 2574 2253 audire
2604 2198 2874 2270 posset;
2907 2205 3072 2250 nam

608 2297 758 2377 ipse
805 2295 1087 2377 quidem
1125 2314 1287 2360 cum
1325 2297 1541 2360 Sociis
1574 2299 2037 2362 castellanam
2074 2298 2546 2379 intelligentes
2585 2296 2830 2359 audire
2878 2304 3071 2375 pote-

610 2412 746 2482 rat,
780 2412 848 2466 et
877 2404 1122 2466 nullibi
1151 2414 1299 2467 tam
1327 2404 1747 2485 dispositam
1774 2423 2079 2469 messem
2111 2423 2186 2468 se
2217 2405 2483 2467 vidisse
2514 2403 2930 2467 affirmabat.

728 2508 870 2573 288.
960 2510 1137 2573 Cum
1173 2510 1247 2574 15
1272 2511 1697 2580 Novembris
1725 2513 2085 2592 publicata
2115 2520 2302 2575 esset
2340 2511 2591 2589 Missa,
2639 2511 2713 2573 in
2743 2528 2912 2590 qua,
2956 2510 3076 2589 qui

609 2634 767 2680 eam
798 2618 1210 2697 audiebant,
1246 2636 1289 2681 a
1318 2617 1392 2681 P.
1440 2619 1828 2683 Francisco
1859 2620 2138 2683 variam
2169 2619 2679 2699 indulgentiam
2716 2636 2758 2680 a
2788 2616 3079 2680 Summo

611 2723 953 2789 Pontifice
998 2742 1413 2788 concessam
1456 2729 2100 2808 consequebantur,
2146 2736 2214 2790 et
2246 2727 2528 2807 quidem
2580 2726 2652 2789 in
2690 2723 2948 2807 oppido
2991 2724 3079 2787 de

610 2831 969 2912 Vergara,
1025 2850 1108 2895 eo
1160 2849 1236 2895 se
1287 2834 1581 2897 contulit
1634 2833 1710 2898 P.
1766 2834 2197 2897 Franciscus
2248 2834 2474 2914 pridie
2525 2831 2676 2912 ejus
2726 2832 2893 2910 diei,
2945 2848 3079 2894 nec

600 2938 800 3001 *aliud
840 2955 1050 3018 quam
1086 2939 1458 3019 hospitalis
1496 2941 1879 3021 hospitium
1918 2941 2179 3004 habere
2220 2942 2464 3003 voluit.
2520 2939 2655 3002 Die
2698 2948 2940 3003 autem
2975 2956 3077 3001 se·

608 3046 848 3125 quenti
876 3033 1170 3108 Missam
1201 3047 1589 3111 celebravit
1629 3065 1789 3110 cum
1819 3047 2090 3126 ingenti
2118 3048 2532 3128 provinciae
2563 3046 2748 3109 illius
2787 3036 3076 3108 concur-

606 3169 709 3214 su.
747 3150 1159 3215 Communis
1189 3162 1342 3216 erat
1374 3152 1869 3233 indigenarum
1898 3153 2247 3217 sententia
2287 3164 2435 3217 tam
2473 3155 2856 3216 solemnem
2895 3152 3079 3214 diem

608 3258 679 3320 in
717 3257 853 3320 illis
882 3258 1235 3322 montibus
1262 3261 1644 3340 pyrenaeis
1672 3261 1908 3323 visum
1936 3260 2151 3324 fuisse
2182 3275 2572 3340 nunquam;
2619 3260 2805 3322 ultra
2834 3258 3079 3321 decem

607 3364 970 3427 hominum
994 3365 1213 3428 millia
1236 3366 1327 3429 ad
1350 3384 1510 3429 eam
1532 3367 2044 3447 indulgentiam
2070 3377 2526 3430 accesserunt
2554 3366 2849 3429 Missam
2885 3365 3079 3427 illam

607 3471 1007 3552 audientes;
1062 3474 1589 3553 processionem
1640 3485 1877 3538 autem
1926 3492 2087 3537 cum
2137 3474 2720 3537 confraternitate
2768 3471 3076 3536 Sanctis·

608 3579 768 3640 simi
818 3577 1262 3643 Sacramenti
1301 3579 1495 3661 fecit,
1540 3581 1953 3646 deducendo
1992 3582 2520 3645 sanctissimam
2558 3579 3079 3643 Eucharistiam

612 3694 680 3747 et
722 3702 852 3748 sua
902 3703 1115 3748 manu
1166 3705 1323 3750 eam
1372 3688 1517 3752 fere
1568 3689 2107 3769 quadringentis
2157 3687 2743 3765 communicavit3
2799 3694 2869 3749 et
2913 3685 3079 3765 quia

608 3794 947 3873 templum
977 3801 1252 3856 tantam
1288 3796 1803 3859 multitudinem
1835 3813 2092 3876 capere
2131 3812 2273 3857 non
2303 3802 2606 3875 poterat,
2654 3810 2835 3873 quae
2864 3793 3078 3855 etiam

608 3917 650 3961 a
687 3899 947 3979 viginti
982 3910 1285 3980 quatuor
1324 3901 1741 3965 milliaribus
1784 3911 1853 3965 et
1894 3902 2198 3982 amplius
2237 3909 2570 3980 venerat,
2616 3901 3079 3963 concionatus

605 4014 714 4069 est
737 4005 809 4068 in
832 4007 986 4086 ipso
1012 4010 1285 4087 camp03
1317 4008 1568 4071 deinde
1592 4009 1684 4072 ad
1706 4010 2191 4073 eremitorium
2221 4007 2526 4072 Sanctae
2558 4006 2813 4070 Annae
2845 4025 3075 4088 perre-

605 4122 884 4192 xerunt,
917 4114 992 4177 P.
1020 4113 1407 4178 Francisco
1426 4114 1784 4179 deferente
1814 4114 2354 4179 Sanctissimum
2370 4114 2931 4194 Sacramentum,
2957 4113 3076 4177 ubi

606 4236 808 4282 suam
856 4206 1154 4284 Missam
1203 4222 1380 4285 dixit
1430 4240 1592 4285 cum
1642 4240 1915 4285 summa
1963 4223 2443 4287 consolatione
2495 4222 2965 4300 audientium,
3008 4231 3077 4283 et

606 4326 1183 4408 archipresbyter
1213 4330 1661 4410 provinciae,
1698 4329 1815 4408 qui
1842 4330 2180 4409 reliquias
2209 4337 2655 4410 portaverat,
2691 4329 2762 4390 in
2793 4328 3078 4390 diaconi

606 4432 838 4496 officio
868 4434 933 4496 ei
964 4434 1369 4514 inservivit3
1404 4436 1655 4499 deinde
1687 4453 1849 4499 cum
1871 4436 2119 4500 eadem
2142 4436 2598 4515 processione
2621 4434 2712 4497 ad
2737 4435 3079 4513 templum

605 4538 731 4603 Sti.
781 4539 973 4603 Petri
1001 4541 1209 4604 rediit
1240 4551 1340 4622 et,
1375 4543 1543 4606 data
1573 4543 2096 4622 benedictione,
2149 4559 2360 4622 super
2398 4542 2586 4605 mille
2627 4550 2695 4604 et
2733 4542 3077 4605 ducentos

610 4664 746 4709 sua
777 4665 992 4710 manu
1024 4651 1605 4730 communicavit,
1639 4659 1708 4713 et
1739 4651 1917 4713 duas
1954 4650 2170 4712 horas
2209 4646 2355 4712 sere
2394 4660 2553 4730 post
2591 4649 2955 4713 meridiem
2984 4650 3081 4713 ad
