3679 5414
1538 487 1662 545 Au.
1711 487 1843 546 1551
2812 488 2925 547 259

442 632 541 694 ab
599 648 686 693 ea
739 629 1210 710 professione,
1254 647 1438 712 quae
1492 632 1605 693 vel
1653 632 1962 695 maxime
2011 650 2096 694 eo
2145 641 2462 712 tempore
2512 633 2917 696 necessaria

446 747 629 801 erat.

499 898 503 906 ,
570 843 712 908 201.
800 845 880 908 In
909 845 1267 909 exercitiis
1296 845 1776 926 spiritualibus
1806 845 2021 925 aliqui
2051 843 2273 926 adjuti
2300 855 2463 908 sunt
2481 893 2495 922 ,
2527 845 2709 908 inter
2740 863 2920 926 quos

447 952 812 1032 parochus
840 952 1127 1031 quidam
1150 953 1291 1033 qui,
1318 953 1584 1017 relictis
1607 953 1878 1033 ovibuS,
1906 951 2318 1031 Ingolstadii
2338 952 2781 1032 versabatur,
2815 954 2917 1017 sic

450 1058 753 1139 profecit
781 1069 859 1122 ut
887 1060 1126 1122 multis
1154 1060 1491 1140 lacrymis
1518 1060 1741 1123 vitam
1764 1068 2169 1122 anteactam
2192 1059 2478 1139 deflens,
2503 1059 2596 1122 ad
2624 1075 2921 1139 gregem

450 1184 684 1242 suum,
718 1183 979 1245 magno
1010 1167 1245 1229 animo
1275 1167 1470 1230 illum
1500 1167 1837 1247 pascendi
1875 1175 1944 1229 et
1979 1167 2201 1230 verbo
2233 1147 2463 1229 Dei'et
2493 1166 2743 1230 crebro
2786 1184 2919 1231 usu

453 1273 918 1337 confessionis
948 1291 1034 1336 ac
1066 1274 1601 1353 communioniS,
1633 1273 2030 1337 recesserit.
2062 1271 2304 1354 Adjuti
2335 1283 2498 1336 sunt
2526 1281 2596 1336 et
2633 1273 2753 1336 alii
2780 1281 2918 1337 stu-

453 1379 640 1444 diosi
677 1380 789 1443 his
836 1382 1087 1444 saltem
1130 1381 1773 1460 exercitationibuS,
1807 1398 1988 1460 quae
2024 1397 2245 1460 usque
2282 1381 2374 1444 ad
2403 1380 2919 1444 confessionem

444 1489 861 1567 *generalem
889 1489 1077 1552 tradi
1113 1488 1369 1562 solent;
1415 1497 1485 1552 et
1513 1489 1586 1551 hi
1629 1488 1965 1569 privatim
2006 1488 2222 1550 etiam
2263 1487 2916 1566 declamationibuS,

455 1604 534 1659 ut
581 1595 848 1659 dictum
897 1605 1025 1670 est,
1077 1596 1421 1660 habendis
1471 1613 1667 1658 more
1704 1594 2090 1659 coloniensi
2132 1605 2203 1658 et
2241 1595 2670 1673 germanicis
2707 1595 2922 1658 etiam

457 1702 916 1766 concionibus
946 1703 1133 1766 intra
1162 1704 1470 1783 parietes
1508 1702 1828 1783 privatos
1872 1702 2416 1781 exercebantur3
2459 1702 2647 1780 quod
2677 1702 2750 1765 in
2778 1719 2920 1766 ma·

444 1826 674 1889 gnam
695 1810 1070 1874 utilitatem
1094 1811 1334 1890 populi
1364 1827 1731 1873 cessurum
1757 1809 2154 1883 videbatur,
2189 1809 2306 1888 qui
2333 1808 2732 1889 hujusmodi
2760 1809 2919 1873 fide-

454 1918 630 1981 lium
659 1918 1241 1980 concionatorum
1269 1934 1530 1997 magna
1560 1917 1929 1979 laborabat
1967 1917 2284 1996 penuria.
2317 1915 2471 1979 Hac
2510 1933 2684 1979 vero
2724 1934 2918 1980 exer-

459 2024 795 2088 citatione
837 2024 1183 2103 absoluta,
1237 2041 1472 2103 genua
1522 2024 1613 2087 ad
1663 2017 2057 2086 orationem
2098 2022 2496 2102 flectebant,
2550 2024 2785 2102 aliquo
2830 2040 2921 2086 ex

453 2132 720 2195 nostris
747 2140 1153 2211 praeeunte,
1189 2139 1258 2194 et
1284 2132 1559 2212 aliquas
1588 2148 1836 2211 preces
1865 2130 2020 2193 Deo
2051 2128 2407 2209 offerente,
2441 2130 2692 2209 quibus
2720 2130 2919 2193 scho-

454 2239 688 2302 lastici
708 2238 1025 2302 vicissim
1045 2238 1590 2319 respondebant,
1615 2248 1691 2301 ut
1713 2255 1842 2318 pro
1864 2237 2051 2300 felici
2078 2254 2416 2300 successu
2444 2236 2763 2316 Concilii,
2790 2253 2918 2318 pro

445 2346 967 2426 >exstirpatione
997 2346 1400 2425 haeresum,
1435 2363 1563 2425 pro
1592 2337 1993 2425 pace,''·etc.,
2027 2353 2097 2407 et
2127 2345 2254 2407 sub
2284 2344 2495 2407 finem
2525 2345 2918 2407 recitabant

457 2453 774 2532 litanias;
827 2462 897 2516 et
947 2454 1389 2516 mirabantur
1427 2452 1742 2515 nonnulli
1778 2453 1899 2532 qui
1947 2451 2144 2515 fieret
2189 2460 2265 2523 ut
2305 2451 2645 2515 Germani
2691 2452 2919 2515 adole·

459 2569 760 2640 scentes,
796 2560 978 2623 inter
1009 2578 1189 2640 quos
1218 2570 1420 2622 erant
1451 2560 1666 2639 aliqui
1689 2558 1948 2622 artium
1972 2559 2321 2637 magistri,
2356 2558 2446 2620 ad
2476 2537 2614 2621 hoc
2643 2559 2925 2639 pietatis

448 2668 878 2734 exercitium
920 2670 1105 2732 ultro
1148 2666 1432 2731 domum
1461 2675 1782 2731 nostram
1812 2666 2264 2745 accederent,
2298 2666 2580 2746 quando
2610 2667 2825 2731 etiam
2851 2666 2925 2731 in

460 2778 722 2858 templo
753 2794 960 2839 orare
989 2760 1393 2856 pudendum
1430 2775 1577 2838 fere
1615 2774 1993 2838 videretur.
2041 2772 2180 2837 Sed
2222 2783 2291 2837 et
2331 2775 2401 2837 in
2440 2775 2773 2853 ecclesia,
2806 2763 2925 2838 ubi

458 2884 907 2965 vespertinas
930 2883 1312 2946 decantant
1332 2882 1577 2946 laudes
1601 2882 1920 2961 studiosi,
1947 2898 2215 2944 morem
2238 2882 2564 2945 eumdem
2584 2882 2924 2962 precandi

463 3000 873 3072 sequuntur,
906 2999 1150 3054 nostro
1174 2990 1407 3069 aliquo
1431 2989 1806 3070 incipiente
1829 3006 1916 3051 ac
1938 2996 2310 3069 praesente
2339 2988 2666 3068 Rectore;
2698 3006 2829 3051 nec
2852 2989 2925 3053 id

463 3101 692 3164 solum
714 3118 757 3162 a
786 3098 1119 3162 studiosis
1142 3107 1250 3160 est
1278 3098 1751 3177 impetratum,
1777 3112 2030 3158 verum
2056 3095 2269 3157 etiam
2293 3096 2620 3158 omnibus
2650 3096 2921 3159 concio-

465 3206 831 3270 natoribus
867 3222 1287 3286 persuasum
1324 3214 1401 3267 ut
1452 3205 1785 3284 populum
1834 3202 1925 3264 ad
1967 3201 2366 3282 huJ'usmodi
2403 3219 2652 3281 preces
2692 3203 2923 3266 horta·

467 3323 731 3378 rentur.
777 3312 1083 3375 Invaluit
1111 3328 1285 3392 ergo
1314 3311 1653 3391 paulatim
1691 3310 1805 3373 hic
1834 3327 2003 3373 usus
2042 3318 2117 3372 ut
2155 3308 2358 3372 flexis
2395 3310 2725 3389 genibus,
2759 3308 2924 3373 dum

468 3421 605 3502 ipsi
642 3420 1187 3483 concionatores
1223 3418 1669 3498 precationes
1707 3417 2133 3496 recitabant,
2177 3434 2299 3479 eos
2338 3417 2643 3497 populus
2679 3434 2924 3480 conce-

459 3507 607 3610 'ptis
637 3527 878 3590 verbis
905 3526 1260 3604 recitaret,
1286 3525 1468 3588 inter
1490 3541 1668 3605 quas
1690 3534 1893 3587 erant
1922 3524 2201 3604 aliquae
2222 3541 2351 3603 pro
2381 3521 2671 3587 Summo
2693 3523 2926 3587 Ponti·

468 3636 631 3714 fiee,
663 3652 793 3715 pro
821 3633 1276 3714 Imperatore,
1311 3640 1443 3695 etc.
1476 3630 1720 3711 Itaque
1748 3633 1942 3694 nulla
1981 3630 2149 3693 dum
2178 3631 2427 3693 concio
2457 3631 2702 3694 diebus
2730 3631 2929 3696 festis

469 3743 883 3820 habebatur,
911 3741 1079 3820 quin
1109 3740 1389 3820 publica
1418 3738 1817 3820 hujusmodi
1845 3738 2159 3818 precatio
2188 3747 2623 3818 sequeretur.

590 3849 731 3912 202.
818 3846 958 3911 Sed
994 3856 1062 3910 et
1100 3847 1270 3910 illud
1305 3861 1600 3927 prorsus
1637 3846 2049 3908 inusitatum
2089 3861 2393 3924 magnae
2431 3853 2668 3908 tamen
2698 3845 2924 3910 aedifi·

471 3956 775 4021 cationis
823 3965 978 4018 erat
1001 4003 1016 4033 ,
1070 3961 1147 4017 ut
1196 3953 1395 4016 multi
1446 3953 1720 4031 crebro,
1775 3953 1994 4015 multo
2041 3952 2282 4032 plures
2330 3959 2566 4016 autem
2613 3953 2686 4015 in
2730 3951 2930 4017 festis

472 4062 1041 4141 solemnioribus,
1101 4060 1193 4124 ad
1247 4058 1787 4124 Sanctissimum
1844 4059 2336 4121 Eucharistiae
2391 4057 2931 4123 Sacramentum

472 4171 917 4235 accederent.
964 4167 1413 4231 Professores
1443 4167 1657 4230 etiam
1684 4165 2215 4243 UniversitatiS‚
2244 4183 2387 4229 una
2411 4183 2574 4228 cum
2615 4166 2762 4228 suis
2790 4174 2952 4229 stu·x

466 4278 727 4357 diosis,
757 4277 832 4340 in
860 4275 1059 4339 festis
1088 4274 1362 4339 Natalis
1390 4274 1705 4352 Domini,
1746 4289 2002 4352 panem
2034 4272 2120 4336 de
2151 4274 2350 4336 coelo
2389 4272 2930 4337 descendentem

475 4404 567 4449 ex
594 4385 919 4448 manibus
947 4391 1355 4448 nostrorum
1383 4381 1707 4461 accipere
1736 4380 2147 4460 voluerunt,
2181 4397 2386 4443 suam
2427 4396 2600 4460 erga
2648 4390 2932 4445 nostros

474 4492 1041 4557 benevolentiam
1068 4498 1137 4553 et
1166 4488 1374 4552 fidem
1401 4489 1517 4551 vel
1544 4488 1682 4550 hoc
1718 4486 1928 4550 modo
1971 4485 2436 4550 declarantes,
2479 4487 2568 4550 Et
2595 4488 2934 4568 quamvis
2984 4506 2988 4511 ·

474 4610 754 4681 tempus
774 4597 1312 4678 frigidissimum
1333 4606 1517 4659 esset
1540 4594 1977 4674 Ingolstadii,
2010 4594 2556 4674 frequentissimi
2584 4603 2820 4658 tamen
2845 4597 2935 4660 ad

472 4707 860 4772 conciones
910 4705 1375 4782 accedebant,
1422 4702 1554 4765 etsi
1592 4702 1704 4765 die
1754 4701 1880 4764 vix
1922 4702 2371 4767 illucescente
2409 4689 2789 4767 conciones
2839 4704 2936 4768 in·
