3679 5414
721 477 795 535 42
1643 476 1896 537 ennon.
1939 477 2092 537 Soc.
2133 477 2274 550 Jsss.

722 625 856 686 hac
898 624 1046 685 vita
1097 622 1422 685 decessit.
1478 622 1658 686 Cum
1695 623 1881 685 enim
1919 624 2130 703 paulo
2181 632 2346 685 ante
2384 623 2600 685 verba
2653 624 2773 685 illa
2806 630 3184 701 repeteret:

722 730 910 792 beati
940 729 1245 807 mortui,
1275 728 1502 808 quiin
1544 729 1853 792 Domino
1887 729 2329 808 moriuntur,
2360 739 2428 792 et
2465 729 2598 792 ΡΡ.
2633 730 2918 809 Laynez
2948 739 3017 791 et
3045 726 3185 792 Do-

722 838 1048 917 menech,
1083 837 1169 899 de
1196 837 1745 916 praeparatione
1785 836 1875 899 ad
1919 846 2221 899 mortem
2257 854 2420 899 cum
2450 837 2568 899 illo
2599 845 2892 916 agentes
2914 886 2928 915 ,
2975 837 3183 899 inter·

722 952 1119 1024 rogassent,
1152 943 1572 1007 libentiusne
1595 954 1780 1007 esset
1804 944 2235 1025 aliquamdiu
2259 944 2332 1006 in
2361 945 2496 1007 hac
2520 944 2671 1008 vita
2694 960 3072 1006 mansurus
3095 961 3186 1006 an

721 1051 814 1113 ad
841 1051 1251 1131 paradisum
1280 1052 1539 1126 ituruS,
1577 1068 1739 1115 cum
1765 1051 2122 1114 hilaritate
2152 1050 2522 1131 respondit
2553 1069 2568 1113 :
2618 1051 2709 1113 ad
2747 1049 3181 1131 paradisum,

722 1158 813 1221 ad
860 1158 1289 1237 paradisum.
1345 1158 1686 1238 Magnam
1721 1158 1792 1221 in
1832 1158 2276 1238 aegritudine
2325 1159 2620 1222 molesta
2657 1158 3073 1238 patientiam
3117 1166 3185 1220 et

721 1282 883 1328 cum
910 1268 1275 1328 voluntate
1306 1263 1444 1327 Dei
1472 1264 2046 1328 conformitatem
2088 1283 2367 1346 semper
2404 1265 2750 1346 exhibuit,
2785 1264 2963 1328 adeo
2992 1272 3070 1327 ut
3100 1265 3186 1327 de

720 1373 840 1434 illo
869 1371 1008 1434 dici
1036 1372 1281 1452 possit,
1314 1381 1392 1435 ut
1422 1370 1757 1451 Superior
1787 1371 1938 1451 eJus
1959 1372 2334 1436 scribebat:
2363 1390 2506 1435 non
2528 1389 2844 1435 murmur
2872 1381 3182 1451 resonat,

718 1496 863 1541 non
891 1478 1398 1558 quaerimonia,
1431 1479 1559 1542 sed
1587 1479 1802 1542 corde
1824 1479 2045 1542 tacito
2069 1496 2270 1542 mens
2290 1479 2469 1542 bene
2491 1480 2778 1542 conscia
2801 1489 3183 1543 conservat

720 1586 1156 1665 patientiam.
1192 1585 1396 1648 Nona
1426 1585 1538 1648 die
1562 1585 1829 1666 Aprilis
1859 1604 1949 1648 ex
1979 1587 2115 1649 hac
2145 1586 2296 1649 vita
2335 1586 2660 1649 decessit.

841 1690 943 1753 86.
1030 1691 1431 1770 Resumpsit
1473 1691 1550 1754 P.
1606 1691 1896 1773 Laynez
1937 1692 2542 1773 praedicationem
2586 1693 3014 1756 christianae
3063 1693 3181 1756 do·

722 1799 993 1861 ctrinae
1022 1797 1114 1862 ad
1143 1798 1632 1878 scholasticOS,
1669 1800 1922 1879 quibus
1953 1799 2543 1879 quadragesimae
2571 1809 2886 1880 tempore
2914 1799 2991 1862 P.
3025 1799 3186 1862 Hie·

721 1922 1063 1985 ronymus
1106 1904 1547 1984 Domenech,
1590 1925 1679 1969 ne
1717 1906 2328 1986 praedicationum
2369 1916 2490 1969 aut
2527 1907 2908 1969 lectionum
2952 1906 3184 1969 fructu

721 2013 1194 2092 privarentur,
1227 2022 1390 2091 post
1418 2013 1724 2092 primum
1755 2030 2044 2075 sacrum
2073 2014 2494 2089 absolutum,
2528 2022 2908 2093 antequam
2948 2013 3186 2076 lectio·

722 2137 849 2182 nes
897 2120 1346 2200 inchoarent,
1402 2120 1866 2183 concionatus
1916 2128 2045 2182 est.
2102 2119 2180 2182 In
2232 2120 2696 2182 xenodochiis
2745 2137 2907 2182 cum
2955 2121 3188 2183 fructu

725 2227 937 2289 etiam
967 2227 1195 2289 nostri
1224 2227 1492 2289 versati
1522 2236 1706 2289 sunt.

838 2332 941 2395 87.
1028 2334 1184 2396 Hoc
1215 2342 1530 2413 tempore
1560 2350 1724 2396 cum
1762 2332 2060 2396 Pro-rex
2099 2334 2373 2413 aliquos
2417 2334 2820 2412 religiOSOS‚
2864 2333 2985 2413 qui
3022 2332 3188 2395 faci·

722 2440 961 2503 norosi
998 2440 1299 2520 fuerant,
1355 2440 1515 2521 capi
1564 2450 1920 2519 curasset,
1973 2448 2040 2502 et
2094 2440 2282 2520 quod
2331 2457 2582 2503 eorum
2618 2440 3019 2520 superiores
3056 2456 3187 2502 nec

722 2547 1080 2610 ministros
1111 2547 1201 2609 ad
1226 2545 1682 2626 judicandum
1714 2547 2093 2610 admodum
2124 2547 2447 2625 idoneOS,
2483 2565 2614 2609 nec
2642 2546 2826 2627 quod
2854 2545 3188 2627 puniendi

721 2654 947 2717 zelum
978 2653 1320 2717 haberent
1357 2654 1830 2733 existimaret,
1872 2663 1949 2718 ut
1988 2654 2347 2717 stimulum
2384 2654 2486 2717 eis
2526 2653 2846 2734 adderet,
2891 2652 3191 2733 injunxit

721 2770 798 2823 ut
838 2761 929 2823 ad
980 2778 1056 2824 se
1105 2761 1451 2824 referrent
1502 2779 1642 2841 qua
1691 2762 2055 2842 punitione
2106 2779 2228 2824 eos
2271 2764 2754 2831 mulctassent.
2797 2760 2979 2840 Quia
3015 2778 3192 2823 vero

714 2866 1276 2946 jurisdictionem
1325 2865 1884 2932 ecclesiasticam
1923 2886 2008 2932 ea
2046 2870 2118 2930 in
2154 2877 2358 2949 parte
2387 2868 2572 2931 laedi
2601 2868 2676 2932 P.
2711 2869 3194 2948 Hieronymus

716 2973 1090 3053 judicavit,
1138 2985 1420 3055 praeter
1458 2976 1972 3039 emendationis
2009 2976 2450 3056 propositum
2491 2976 2579 3038 ab
2629 2993 2714 3038 eo
2757 2977 2994 3055 exegit
3031 2984 3107 3039 ut
3145 2995 3186 3039 a

723 3079 1012 3143 Summo
1062 3080 1402 3144 Pontifice
1450 3080 1537 3144 de
1587 3082 1990 3162 praeteritis
2043 3082 2556 3144 absolutionem
2613 3090 2918 3163 peteret;
2973 3091 3041 3145 et
3091 3083 3188 3146 ita

724 3189 797 3251 P.
832 3189 1107 3269 Ignatio
1138 3189 1421 3269 scripsit
1449 3189 1769 3265 Pro-rex,
1805 3198 1882 3251 ut
1909 3189 2199 3252 Summo
2222 3188 2542 3251 Pontifici
2573 3206 2703 3268 pro
2732 3207 2818 3252 ea
2845 3189 3080 3269 gratia
3106 3207 3191 3252 ac

722 3295 1210 3358 benedictione
1240 3295 1671 3376 supplicaret
1704 3294 1745 3358 ¹.

840 3401 941 3465 88.
1029 3402 1263 3466 Rediit
1291 3420 1380 3465 ex
1413 3403 1610 3465 curia
1642 3403 2096 3482 Imperatoris
2134 3402 2373 3467 Caroli
2401 3413 2469 3466 et
2497 3412 2784 3483 praeter
2812 3403 2975 3482 alia,
3009 3420 3189 3483 quae

724 3526 814 3570 ex
842 3509 1191 3572 sententia
1220 3508 1581 3588 Pro-regis
1620 3508 1978 3573 Caesarea
2003 3508 2342 3590 Majestas
2373 3518 2856 3589 concesserat,
2887 3510 3192 3590 primam

725 3614 1104 3693 abbatiam,
1139 3632 1318 3695 quae
1348 3625 1713 3694 vacasset,
1759 3615 1962 3695 quus
2003 3616 2272 3679 reditus
2302 3617 2393 3680 ad
2442 3617 2864 3697 quingentos
2893 3617 3010 3679 vel
3038 3634 3190 3679 sex·

724 3730 971 3784 centos
1033 3721 1333 3784 ducatos
1403 3721 1853 3802 ascenderet,
1923 3721 2241 3802 Collegio
2301 3722 2806 3786 Panormitano
2865 3723 3179 3786 donavit.

726 3829 908 3908 Quia
956 3836 1196 3891 tamen
1233 3827 1629 3909 Imperator
1677 3829 2043 3909 respondit
2070 3829 2371 3909 privatis
2416 3830 2668 3893 litteris
2714 3829 3078 3908 Pro-regis
3116 3847 3192 3892 se

630 3963 635 3970 ·
726 3934 877 4015 ejus
906 3934 1390 3998 informationi
1425 3935 1634 3998 fidem
1675 3935 2109 4014 adhibuisse,
2153 3937 2239 3999 de
2279 3936 2632 4000 Societate
2668 3946 2909 4000 tamen
2944 3946 3192 4000 nostra

808 4285 824 4316 ¹
882 4281 1118 4337 Ignatius
1137 4280 1321 4334 Joanni
1353 4282 1413 4326 de
1443 4281 1612 4337 Vega,
1648 4281 1856 4328 Siciliae
1892 4283 2148 4338 Pro-regi.
2185 4285 2307 4339 quid
2341 4296 2455 4328 cum
2493 4284 2740 4328 Pontifice
2774 4284 2941 4338 egerit
2976 4283 3042 4327 ad
3082 4282 3195 4337 ejus

726 4355 1099 4399 absolutionem
1122 4365 1153 4397 a
1174 4354 1405 4398 censuris
1425 4354 1754 4399 obtinendam
1770 4361 1823 4398 et
1841 4360 1898 4399 ut
1918 4356 1968 4399 in
1989 4363 2254 4412 posterum
2273 4357 2319 4400 ei
2343 4357 2499 4400 liceat
2521 4357 2572 4400 in
2590 4356 2958 4400 monachorum
2978 4360 3031 4398 et
3047 4353 3192 4397 cleri-

726 4438 902 4470 corum
923 4425 1357 4475 reformationem,
1378 4426 1607 4469 servatis
1626 4428 1915 4481 servandis,
1939 4428 2249 4482 incumbere,
2271 4429 2325 4471 29
2344 4427 2535 4471 Martii.
2563 4427 2843 4482 Polancus,
2866 4438 2932 4470 ex
2952 4425 3195 4469 commis·

726 4500 902 4552 sione,
924 4498 1239 4553 Hieronymo
1260 4496 1581 4551 Domenech,
1604 4498 1665 4542 de
1686 4499 1853 4542 tribus
1868 4532 1878 4550 ,
1910 4511 2040 4554 quae
2064 4510 2095 4543 a
2115 4498 2362 4543 Pontifice
2385 4499 2435 4541 in
2467 4499 2698 4542 savorem
2727 4496 2939 4550 joannis
2958 4498 3020 4540 de
3042 4495 3192 4550 Vega

727 4568 1029 4623 impetravit
1049 4568 1297 4622 Ignatius.
1318 4568 1498 4611 eadem
1518 4568 1616 4611 die.
1639 4568 1779 4612 Idem
1800 4570 1944 4613 Patri
1967 4569 2192 4627 Lnyncz,
2215 4570 2335 4625 quid
2351 4570 2403 4613 in
2419 4580 2576 4613 causa
2593 4569 2654 4612 de
2669 4568 2869 4612 violata
2885 4568 3190 4611 clericorum

728 4641 1046 4696 exemptione
1067 4639 1135 4682 sit
1156 4645 1344 4690 actum,
1369 4638 1420 4681 12
1440 4638 1650 4691 Aprilis.
1673 4638 1813 4683 Idem
1835 4640 2016 4694 eidem,
2041 4640 2332 4685 Cardinalis
2353 4639 2585 4684 Farncsii
2609 4641 2991 4692 quaerimoniae
3010 4639 3194 4684 adver-

727 4723 815 4756 sus
836 4711 1149 4765 Pro-regem,
1173 4709 1224 4752 17
1244 4708 1382 4753 Maii.
