3679 5414
659 425 729 483 54
1587 426 1842 487 Canon.
1885 425 2048 487 Soc.'
2079 428 2219 501 Jas.

660 568 943 648 dientia,
976 571 1366 634 humilitate
1396 582 1465 635 et
1491 572 1838 637 charitate
1861 583 1969 638 est
1997 574 2487 652 reformatum;
2513 575 2696 639 unde
2717 594 2879 640 cum
2900 578 3136 644 bonus

662 677 838 740 odor
888 676 1094 756 huJus
1143 678 1551 742 mutationis
1608 679 1697 743 ad
1758 681 1899 743 alia
1964 682 2395 745 monasteria
2458 683 2927 764 pervenisset,
2992 687 3122 766 spi-

664 785 948 847 ritualia
979 785 1192 848 etiam
1248 786 1589 849 exercitia
1649 787 1780 849 sibi
1828 788 2130 868 proponi
2186 790 2540 869 petebant.
2594 789 3016 856 Sacerdotes
3057 803 3125 856 et

665 891 784 953 alii
815 909 978 954 cum
1026 893 1319 972 egregia
1368 894 1559 956 vitae
1620 894 2011 957 mutatione
2061 896 2237 958 haec
2297 896 2639 960 exercitia
2674 910 3122 980 peregerunt;

665 998 880 1078 aliqui
910 999 1122 1062 etiam
1153 999 1244 1061 ad
1269 998 1648 1063 Societatis
1685 1009 1974 1064 nostrae
2012 1002 2407 1066 institutum
2456 1022 2499 1066 a
2543 1004 2849 1067 Domino
2888 1009 3127 1071 vocati

666 1116 852 1169 sunt.

797 1214 928 1277 115.
1015 1213 1436 1278 Sacerdotes
1480 1215 1701 1292 multi,
1758 1216 2066 1294 quadam
2114 1215 2192 1279 P.
2248 1217 2616 1281 Francisci
2665 1218 2914 1283 Palmii
2964 1238 3125 1284 con·

668 1324 870 1387 cione
899 1323 1170 1400 audita,
1206 1339 1387 1401 quae
1419 1321 1508 1384 ad
1538 1322 1979 1385 sacerdotale
2011 1323 2314 1387 officium
2343 1342 2428 1388 ac
2467 1326 2933 1390 ministerium
2969 1346 3128 1408 pro·

667 1431 818 1510 prie
867 1429 1294 1509 pertinebat,
1350 1428 1804 1491 vehementer
1866 1431 2272 1509 compuncti
2330 1448 2415 1493 ac
2465 1433 2725 1495 multas
2773 1435 3136 1514 lacrymas

668 1536 1136 1613 effundentes,
1188 1551 1452 1612 magna
1492 1536 1985 1599 benevolentia
2034 1538 2366 1618 prosequi
2411 1537 2836 1604 Societatem
2886 1558 3129 1622 coepe-

668 1654 852 1722 runt,
889 1643 1001 1707 cui
1030 1644 1224 1722 prius
1254 1642 1627 1705 detrahere
1658 1642 1945 1723 quidam
1976 1661 2221 1707 eorum
2251 1645 2570 1708 solebant
2603 1645 2643 1708 ¹.

795 1749 927 1813 116.
1015 1749 1436 1812 Scholastici
1466 1749 1691 1812 nostri
1712 1749 1996 1812 scholas
2019 1759 2304 1830 apertas
2325 1770 2468 1814 non
2491 1751 2864 1831 habebant,
2892 1772 3128 1835 quam·

669 1858 780 1921 vis
819 1858 1139 1938 privatas
1174 1856 1447 1937 aliquas
1485 1857 1823 1920 lectiones
1867 1857 2056 1920 domi
2098 1858 2461 1937 haberent;
2515 1860 2639 1923 sed
2690 1861 2780 1924 ad
2830 1862 3132 1926 lectores

670 1964 818 2045 ejus
854 1964 1357 2029 Universitatis
1397 1963 1783 2026 audiendos
1823 1964 2288 2040 accedebant,
2330 1975 2399 2028 et
2440 1967 2658 2030 verbo
2700 1976 2769 2030 et
2806 1970 3131 2049 exemplo

669 2071 1132 2136 scholasticos
1174 2069 1497 2134 caeteros
1545 2071 1638 2134 ad
1686 2071 1933 2134 salutis
1982 2089 2152 2134 suae
2202 2073 2563 2152 negotium
2608 2076 3132 2154 procurandum

670 2179 1020 2243 adducere
1050 2179 1474 2241 nitebantur.
1510 2177 1865 2241 Suadente
1896 2185 2129 2241 autem
2166 2179 2401 2260 aliquo
2430 2190 2865 2260 nostrorum,
2901 2200 3130 2262 quem-

671 2287 836 2349 dam
875 2285 1474 2365 ludimagistrum,
1531 2282 1731 2363 cujus
1768 2285 1997 2347 virtus
2038 2284 2223 2365 apud
2272 2297 2554 2350 nostros
2603 2290 2903 2368 probata
2953 2300 3127 2367 erat,

669 2393 886 2456 vicini
924 2402 1385 2471 acceperunt,
1434 2392 1553 2471 qui
1601 2391 1762 2454 filiis
1800 2392 1947 2454 suis
1985 2401 2053 2454 et
2091 2393 2249 2455 aliis
2288 2394 2714 2473 pauperibus
2751 2395 3134 2474 parochiae

668 2501 943 2563 litteras
971 2499 1178 2562 simul
1210 2509 1278 2562 et
1306 2500 1532 2562 bonos
1559 2516 1794 2561 mores
1835 2499 2151 2579 doceret,
2196 2500 2383 2579 quod
2421 2500 2535 2563 ille
2574 2501 2947 2580 diligenter
2985 2511 3134 2565 tum

668 2607 992 2686 exemplo
1024 2606 1214 2684 (nam
1244 2614 1502 2669 octavo
1535 2601 1824 2686 quoque
1844 2604 1958 2668 die
1999 2615 2159 2685 post
2200 2606 2712 2670 confessionem
2752 2610 3132 2672 communi·

669 2715 924 2793 cabat),
950 2724 1100 2777 tum
1122 2715 1342 2776 verbo
1362 2714 1795 2795 praestabat;
1822 2706 2009 2776 unde
2038 2712 2187 2793 ejus
2216 2715 2541 2794 discipuli
2562 2716 2863 2796 singulis
2886 2720 3134 2780 saltem

670 2821 1023 2883 mensibus
1054 2821 1144 2884 ad
1176 2819 1690 2883 confessionem
1719 2819 2174 2883 accedebant.
2213 2821 2412 2883 Alius
2438 2822 2689 2885 deinde
2712 2834 3133 2903 praeceptor

1016 2988 1100 2997 --

753 3103 769 3133 ¹
828 3099 1098 3150 Polancus,
1122 3110 1187 3142 ex
1217 3099 1609 3148 commissione,
1629 3098 1775 3142 Patri
1798 3098 2078 3142 Paschasio
2099 3097 2273 3150 Broet,
2297 3100 2356 3141 de
2382 3097 2641 3142 Canonico
2664 3099 3129 3144 Bartholomaeoin

669 3170 986 3214 Societatem
1004 3169 1243 3223 admisso,
1266 3175 1319 3213 et
1341 3168 1404 3212 de
1423 3169 1533 3224 ejus
1555 3170 1873 3224 parentibus,
1897 3168 1949 3211 18
1968 3168 2202 3221 januarii
2225 3174 2277 3212 et
2299 3169 2353 3212 22
2367 3168 2657 3223 Februarii;
2681 3171 2743 3213 de
2764 3171 2985 3225 quodam
2999 3170 3135 3215 Gon-

666 3245 793 3297 zalo,
819 3242 921 3297 qui,
943 3241 988 3285 si
1008 3241 1233 3285 Patavio
1255 3239 1539 3284 Bononiam
1557 3251 1613 3284 se
1632 3240 1879 3292 conferet,
1901 3251 1928 3282 e
1950 3239 2213 3283 Societate
2235 3241 2335 3283 erit
2355 3240 2716 3294 dimittendus,
2739 3242 2788 3285 ni
2810 3253 3004 3296 coquus
3022 3253 3136 3287 esse

667 3314 927 3358 Bononiae
948 3314 999 3357 in
1019 3314 1248 3367 collegio
1270 3312 1417 3366 velit,
1436 3312 1465 3354 8
1483 3310 1675 3356 Martii.
1696 3311 1790 3364 (V.
1812 3310 1949 3354 infra
1970 3322 2017 3354 n.
2044 3311 2165 3361 129.)
2185 3311 2616 3355 Bartholomaeus
2637 3314 2935 3367 canonicus,
2953 3315 3062 3368 jam
3084 3315 3136 3358 in

667 3385 988 3441 probationis
1008 3384 1171 3434 domo.
1189 3382 1330 3437 patri
1351 3394 1459 3434 suo,
1481 3382 1535 3425 22
1554 3380 1745 3435 Martii;
1768 3381 2038 3435 Polancns,
2063 3392 2129 3424 ex
2149 3383 2544 3434 commissione,
2565 3383 2817 3428 fratribus
2839 3383 3062 3429 Morales
3082 3391 3134 3428 et

668 3457 894 3510 Ange10‚
919 3455 1179 3499 Bononiae
1200 3455 1530 3508 degentibus,
1550 3453 1604 3496 23
1624 3452 1815 3496 Martii.
1839 3451 1978 3496 Idem
1995 3452 2141 3496 Patri
2164 3452 2339 3507 Broet,
2363 3453 2425 3496 de
2448 3454 2667 3508 quodam
2689 3455 2881 3511 Ayllon
2895 3489 2906 3509 ,
2929 3456 2991 3499 de
3013 3455 3132 3510 Epi-

665 3539 820 3581 scopo
842 3526 1109 3570 Cauriensi
1131 3526 1536 3580 Archiepiscopo
1560 3525 1809 3579 Burgensi
1833 3524 1971 3568 facto
1986 3557 1997 3578 ,
2020 3525 2082 3567 de
2104 3523 2362 3569 Canonico
2383 3525 2784 3571 Bartholomaeo
2801 3559 2811 3572 .
2831 3528 2879 3570 11
2903 3527 3050 3580 Maii;
3073 3527 3138 3569 de

667 3599 1016 3652 resignatione
1045 3598 1407 3642 beneficiorum
1426 3609 1458 3640 a
1480 3597 1880 3641 Bartholomaeo
1901 3597 2137 3640 facienda
2151 3630 2162 3651 ,
2184 3602 2236 3640 et
2257 3609 2317 3640 ne
2340 3597 2555 3641 Romam
2576 3597 2674 3642 hac
2694 3604 2898 3642 aestate
2919 3598 3010 3642 sed
3030 3598 3136 3643 alio

667 3671 924 3724 Angelum
952 3674 1313 3723 aegrotantem
1342 3668 1543 3719 mittat.
1580 3668 1632 3710 17
1649 3666 1797 3720 Maii,
1828 3667 1890 3710 de
1923 3668 2103 3711 eodem
2134 3668 2533 3711 Bartholomaeo
2554 3680 2586 3711 a
2614 3667 2874 3712 Societate
2893 3668 3140 3723 profugo,

668 3748 724 3786 ut
746 3753 862 3785 eum
876 3741 943 3785 ad
963 3744 1144 3784 sanam
1164 3746 1386 3783 mentem
1403 3750 1651 3782 revocare
1667 3744 1836 3792 curet,
1860 3739 1921 3781 de
1943 3740 2054 3794 ejus
2074 3740 2382 3783 canonicatu
2408 3746 2459 3782 et
2483 3739 2760 3793 beneficiis,
2783 3747 2900 3792 etc„
2921 3740 2974 3783 2⁴
2993 3739 3133 3793 Mam

667 3814 835 3857 eidem
855 3812 1278 3864 Bartholomaeo,
1302 3812 1362 3856 de
1384 3811 1495 3866 eJns
1515 3811 1663 3865 ruga,
1685 3811 1968 3865 beneficiis,
2001 3810 2251 3855 reditibus
2267 3845 2277 3865 ,
2313 3818 2411 3855 etc.
2430 3845 2440 3864 ,
2477 3817 2555 3864 et,
2578 3811 2619 3855 si
2651 3812 2782 3855 velit
2811 3816 2934 3856 voto
2965 3812 3136 3866 ingre·

669 3884 839 3930 diendi
870 3884 1185 3928 Societatem
1205 3883 1363 3935 solvi,
1386 3891 1441 3926 ut
1460 3884 1604 3937 prius
1625 3882 1817 3926 Romae
1844 3882 2047 3936 Ignatio
2067 3894 2122 3925 se
2144 3889 2196 3926 et
2217 3884 2595 3937 quamprimum
2613 3883 2798 3937 sistat,
2820 3884 2847 3926 7
2876 3882 3039 3939 Junii;
3073 3883 3137 3927 de

670 3958 850 4001 iisdem
869 3956 1050 4000 eadem
1072 3956 1153 3999 die
1175 3955 1317 3999 Patri
1343 3955 1525 4009 Broet;
1546 3954 1709 3998 eidem
1732 3954 1880 3998 Patri
1901 3954 2082 4008 Broet,
2105 3965 2204 3998 non
2226 3966 2374 4008 posse
2396 3954 2853 3999 Bartholomaeum
2874 3961 2991 4000 tuta
3022 3966 3139 3999 con-

670 4029 886 4074 scientia
916 4028 1142 4078 absolvi,
1171 4028 1222 4070 14
1240 4026 1393 4079 Junii.
1424 4028 1658 4082 Ignatius
1679 4025 2038 4080 vice-Legata
2060 4027 2398 4080 Bononiensi,
2423 4028 2484 4070 de
2513 4027 2692 4070 eodem
2713 4028 3131 4082 Bartholomaeo,

669 4102 723 4146 Ξ
742 4100 902 4154 Junii;
926 4100 1180 4144 Polancus
1199 4099 1481 4144 Paschasio
1502 4099 1659 4142 Broet
1675 4132 1685 4152 ,
1709 4099 1770 4141 de
1792 4099 1972 4143 eodem
1990 4098 2201 4153 ejusque
2216 4098 2403 4143 debitis
2424 4105 2478 4143 et
2501 4099 2692 4143 Romae
2709 4134 2721 4152 ,
2743 4100 3042 4154 priusquam
3065 4101 3142 4145 su·

672 4186 794 4229 gam
814 4179 1043 4230 caperet,
1061 4172 1244 4226 gestis,
1272 4172 1454 4215 eadem
1472 4171 1570 4215 die.
1592 4170 1827 4225 Ignatius
1848 4169 2202 4224 vice-Legato
2225 4171 2528 4215 Bononiensi
2546 4205 2555 4223 ,
2580 4172 2700 4225 quid
2721 4173 2772 4216 in
2794 4183 2951 4215 causa
2971 4171 3138 4215 Cano·

675 4248 774 4291 nici
795 4245 1183 4290 Bartholomaei
1205 4256 1235 4287 a
1256 4245 1476 4299 quinque
1497 4243 1795 4288 curialibus
1817 4250 1871 4287 et
1891 4243 2110 4299 quinque
2129 4244 2384 4298 theologis
2405 4244 2472 4287 sit
2491 4243 2684 4287 Romae
2714 4244 2956 4293 decisum.
2985 4245 3012 4286 2
3037 4244 3138 4287 Au·

676 4319 831 4374 gusti.
856 4318 1033 4362 Eidem
1052 4316 1452 4361 Bartholomaeo
1474 4316 1748 4369 Polancus,
1771 4321 1827 4358 ut
1849 4327 1902 4358 se
1925 4315 2278 4370 vice-Legato
2298 4316 2452 4359 sistat
2474 4316 2682 4370 ejusque
2700 4316 2892 4370 judicio
2912 4322 3034 4370 stet,
3058 4327 3144 4359 ea·

678 4390 793 4432 dem
813 4391 910 4433 die.
932 4389 1072 4433 Idem
1101 4388 1246 4432 Patri
1278 4387 1556 4432 paschasio
1591 4387 1773 4439 Broet,
1808 4387 1870 4430 de
1902 4388 2098 4430 duobus
2127 4388 2273 4431 bonis
2305 4387 2518 4430 flandris
2551 4386 2762 4439 (joanne
2792 4388 3053 4431 Gambaro
3088 4393 3138 4429 et

679 4461 907 4504 Arnoldo
938 4461 1115 4512 Hezio)
1143 4459 1424 4503 Bononiam
1454 4459 1688 4503 Venetiis
1708 4459 1972 4502 mittendis
1993 4466 2045 4503 et
2065 4459 2127 4502 de
2149 4458 2523 4512 christophoro
2560 4458 2770 4513 Laynez
2785 4491 2796 4511 ,
2814 4459 2870 4502 30
2899 4458 3140 4512 Augusti:

678 4532 813 4576 idem
843 4530 1121 4575 Francisco
1140 4530 1337 4575 Palmio
1351 4564 1362 4584 ,
1386 4531 1447 4574 de
1469 4530 1647 4574 iisdem
1667 4536 1719 4574 et
1739 4529 2004 4585 Stephano
2025 4529 2399 4584 Capumsacho,
2429 4530 2479 4572 13
2497 4528 2819 4584 Septembris
2838 4543 2849 4582 ;
2873 4531 2935 4573 de
2955 4538 3139 4584 aegro-

679 4603 926 4657 tantibus,
949 4604 1229 4648 paschasio
1251 4603 1433 4656 Broet‚
1458 4601 1721 4657 Stephano
1743 4601 2100 4656 Capumsacho
2121 4607 2173 4646 et
2193 4602 2326 4654 aliis,
2349 4602 2374 4644 4
2393 4600 2942 4646 Octobris—Litterae
2966 4601 3145 4645 Patris

678 4676 946 4720 Paschasii
968 4675 1125 4721 Broet
1148 4676 1214 4720 ad
1237 4676 1498 4730 Ignatium
1520 4679 1571 4717 et
1592 4673 1887 4718 Polancum.
