3679 5414
1652 482 1778 540 AN.
1826 482 1965 540 1552
2936 481 3057 539 493.

569 631 770 707 dam,
804 647 986 709 quae
1019 647 1370 693 venenum
1398 629 1780 709 propinare
1811 629 2096 691 cuidam
2125 629 2500 707 satagebat
2515 647 2536 706 -;
2572 629 2697 690 sed
2725 629 2922 708 prius
2953 629 3046 694 ab

567 756 653 800 eo
684 736 895 799 Patre
938 753 1081 798 non
1121 737 1415 799 recessit
1457 754 1667 816 quam
1713 757 1753 800 a
1797 736 2195 799 detestabili
2238 736 2503 814 flagitio
2555 745 2925 814 revocata,
2975 745 3041 798 et

571 845 809 907 animo
851 861 1145 923 prorsus
1187 845 1593 923 immutatO,
1641 844 1730 906 ab
1776 861 1899 923 e0,
1953 844 2066 905 cui
2115 844 2578 923 propinatura
2629 853 2783 906 erat
2835 860 3040 906 vene·

570 970 770 1027 num,
815 953 1005 1014 nullo
1047 961 1313 1015 retecto
1359 952 1695 1031 crimine,
1746 952 2044 1032 supplex
2087 953 2372 1014 veniam
2413 953 2829 1032 postularet.
2877 951 3041 1014 Alia

572 1059 787 1122 etiam
817 1068 1000 1138 erat,
1036 1076 1217 1137 quae
1262 1061 1442 1121 mori
1487 1059 1822 1122 mallebat
1864 1076 2075 1139 quam
2119 1057 2449 1138 injuriam
2479 1059 2792 1136 cuidam,
2829 1077 2869 1120 a
2900 1077 3054 1137 quo

569 1167 765 1228 laesa
796 1166 1060 1245 fuerat,
1098 1167 1535 1244 condonare3
1584 1175 1654 1228 et
1697 1166 2028 1245 quamvis
2070 1165 2299 1244 prima
2343 1165 2742 1228 exhortatio
2773 1165 3040 1228 frustra

571 1273 780 1335 suerit
825 1272 1100 1353 habita,
1148 1273 1220 1335 in
1265 1274 1576 1336 secunda
1620 1272 1862 1335 divina
1915 1274 2039 1335 lux
2083 1271 2233 1352 ejus
2278 1273 2496 1336 animi
2539 1273 2867 1335 tenebras
2905 1273 3052 1335 dis-f

573 1381 833 1458 cussit,
869 1390 936 1443 et
982 1380 1302 1443 delusam
1341 1398 1417 1443 se
1460 1400 1502 1443 a
1549 1381 1895 1443 daemone
1937 1397 2374 1459 agnoscenS,
2425 1380 2892 1459 experientia,
2941 1381 3050 1443 inm

571 1488 748 1566 quit,
784 1488 1029 1575 didici,
1066 1487 1583 1550 confessionem
1613 1506 1767 1550 esse
1798 1487 2133 1550 vitiorum
2162 1487 2778 1568 expugnatricem,
2821 1488 3036 1563 virtu-

572 1595 800 1674 tisque
853 1595 1240 1657 cultricem.
1295 1594 1458 1656 Alia
1509 1595 1744 1672 etiam,
1795 1612 1976 1674 quae
2014 1594 2255 1674 priora
2301 1594 2767 1672 Magdalenae
2822 1611 3040 1674 opera

572 1701 843 1763 imitata
874 1699 1136 1779 suerat,
1172 1701 1569 1782 posteriora
1613 1702 1826 1764 etiam
1872 1702 2144 1764 imitata
2175 1710 2313 1780 est,
2362 1712 2429 1764 et
2475 1719 2551 1763 se
2586 1710 2810 1764 totam
2843 1701 3046 1765 Chri<-

570 1818 680 1870 sto
726 1826 1017 1871 sacrare
1062 1817 1130 1870 et
1168 1809 1264 1870 illi
1309 1809 1443 1871 soli
1486 1826 1749 1871 vacare
1796 1809 2133 1871 decrevit.
2167 1808 2312 1871 Nec
2353 1809 2483 1870 soli
2527 1809 2688 1871 huic
2731 1810 3044 1887 gratiam

571 1916 756 1977 hanc
790 1916 1033 1977 divina
1080 1917 1377 1979 contulit
1415 1916 1723 1993 bonitas;
1771 1915 1896 1978 sed
1939 1926 2007 1978 et
2046 1925 2374 1978 matrona
2419 1916 2766 1996 quaedam
2799 1917 3040 1979 haere-

568 2023 729 2084 ticis
774 2023 1263 2101 conglutinata
1305 2033 1373 2085 et
1418 2022 1787 2086 familiaris
1829 2022 2288 2085 daemonibus
2327 2022 2607 2101 effecta,
2655 2033 2723 2085 et
2766 2042 2808 2086 a
2845 2023 3036 2086 Chri-

570 2130 805 2192 stiana
864 2130 1187 2192 doctrina
1241 2147 1527 2208 aversa,
1591 2147 1898 2210 suosque
1955 2147 2234 2192 errores
2284 2148 2374 2191 ex
2424 2132 2607 2192 male
2668 2131 3054 2193 intellectis.

571 2254 779 2299 sacra
832 2237 1093 2316 pagina
1147 2247 1215 2299 et
1263 2236 1658 2299 Doctorum
1709 2237 2134 2300 testimoniis
2184 2238 2580 2316 procaciter
2629 2237 3036 2317 defendenS,

569 2344 781 2406 simul
812 2362 855 2405 a
884 2344 1314 2423 turpitudine
1344 2345 1534 2406 vitae
1566 2354 1632 2408 et
1665 2344 2025 2406 erroribus
2066 2326 2495 2423 intellectuS,
2541 2344 2617 2406 P.
2673 2344 3039 2408 Paschasii

570 2468 816 2531 opera,
872 2450 1007 2514 Dei
1058 2452 1375 2514 bonitate
1426 2452 1723 2513 liberata
1775 2451 1936 2529 fuit,
1990 2460 2059 2513 et
2108 2469 2288 2530 quae
2332 2451 2528 2531 prius
2579 2436 3038 2516 deliramenta

569 2558 946 2637 sentiebat,
974 2558 1120 2638 jam
1154 2559 1443 2620 oracula
1475 2558 1904 2636 certissima,
1941 2576 2116 2621 vera
2146 2567 2214 2620 et
2246 2559 2670 2621 inconcussa
2694 2559 2828 2621 fide
2852 2568 3050 2623 tene*

581 2667 701 2729 bat
731 2676 801 2729 et
831 2665 1128 2730 colebat.

700 2773 832 2835 190.
922 2773 1181 2836 Multos
1224 2774 1504 2836 demum
1539 2793 1581 2836 a
1610 2774 1911 2854 pristina
1955 2774 2529 2852 conversatione,
2575 2777 2855 2838 animae
2887 2794 3042 2839 cor-

568 2880 861 2961 porique
890 2880 1439 2960 periculosa„P.
1483 2880 1851 2942 Paschasii
1897 2881 2212 2944 charitas
2258 2883 2651 2944 revocavit.
2689 2882 2825 2945 Sed
2857 2885 3037 2946 inter

569 2988 746 3050 alios
776 3005 958 3050 unus
988 2989 1344 3067 excelluit,
1392 2988 1502 3050 cui
1549 3004 1691 3049 non
1720 2989 1896 3050 satis
1940 2998 2093 3051 erat
2134 2988 2780 3067 deploratissimam
2820 3005 3036 3067 agere

568 3096 810 3173 vitam,
872 3095 993 3158 sed
1052 3113 1345 3158 uxorem
1412 3096 1624 3158 etiam
1683 3092 1938 3173 injuste
1988 3112 2282 3174 prorsus
2335 3094 2658 3157 occidere
2706 3095 3030 3174 parabat;

567 3203 754 3265 hunc
785 3219 958 3281 ergo
992 3202 1094 3265 sic
1133 3201 1598 3264 mansuefecit
1638 3202 1881 3264 divina
1911 3202 2218 3279 bonitaS,
2265 3200 2469 3280 hujus
2513 3200 2746 3263 Patris
2790 3220 3047 3282 opera„

567 3318 643 3372 ut
672 3319 843 3371 voto
875 3327 951 3372 se
982 3308 1469 3386 obstrinxerit,
1505 3309 1565 3370 si
1594 3307 2071 3370 valetudinem
2108 3317 2591 3387 recuperaret,
2629 3325 2703 3370 se
2733 3308 3032 3371 benevo-

566 3417 856 3478 lentiam
915 3425 981 3479 et
1031 3432 1376 3493 amorem,
1432 3433 1638 3494 quem
1691 3415 2124 3477 matrimonii
2183 3412 2647 3477 Sacramento
2707 3416 3030 3494 debebat,

566 3522 802 3601 uxori,
837 3541 1017 3603 quae
1049 3523 1119 3584 in
1160 3523 1299 3584 alia
1335 3522 1626 3585 civitate
1667 3521 1957 3600 agebat,
1991 3522 2532 3600 praestiturum3
2567 3532 2636 3584 et
2667 3532 2832 3585 tunc
2863 3535 3031 3584 tem-

565 3647 739 3710 pore
784 3631 1020 3711 aliquo
1065 3630 1264 3692 brevi
1309 3630 1767 3706 succedente,
1818 3629 2005 3708 quod
2058 3628 2349 3690 innoxia
2396 3639 2582 3691 esset
2624 3648 2666 3691 a
2713 3629 3044 3704 crimine„

566 3747 853 3823 propter
897 3738 1083 3816 quod
1126 3738 1190 3800 ei
1233 3737 1532 3800 maritus
1577 3736 2073 3814 succensebat,
2107 3735 2573 3824 comprobata
2605 3746 2732 3799 est.
2779 3736 3027 3816 Hujus-

567 3844 756 3906 modi
807 3844 1176 3907 charitatis
1228 3842 1707 3906 functionibus
1758 3851 2126 3922 tantopere
2185 3843 2412 3905 bonus
2465 3842 2539 3905 P.
2604 3843 3049 3907 Paschasius.

566 3952 1082 4031 oblectabatur,
1139 3968 1296 4013 cum
1347 3949 1683 4030 Spiritum
1733 3948 2070 4012 Sanctum
2127 3950 2199 4011 in
2256 3951 2404 4012 suis
2462 3952 2811 4014 creaturis
2860 3953 3047 4017 talia⁴

566 4067 978 4137 operantem
1008 4066 1462 4138 agnosceret,
1497 4065 1571 4119 ut
1615 4056 1829 4119 etiam
1859 4056 1929 4118 in
1961 4072 2237 4132 mensa,
2280 4074 2454 4136 prae
2497 4059 2767 4120 laetitia
2797 4067 2867 4120 et
2897 4060 3028 4120 sol-

563 4165 926 4228 licitudine
966 4149 1362 4244 hujusmodi
1408 4180 1732 4244 operum,
1782 4163 2016 4226 cibum
2060 4180 2316 4243 capere
2360 4164 2740 4245 aliquando
2786 4165 3027 4228 oblivi-

564 4281 913 4350 sceretur;
949 4282 1026 4336 ut
1055 4274 1269 4335 alium
1300 4273 1534 4334 cibum
1564 4271 1969 4334 suaviorem
2001 4288 2075 4333 se
2108 4272 2400 4351 habere,
2435 4289 2595 4334 cum
2628 4273 2718 4335 ad
2749 4273 3028 4353 capien-

564 4378 729 4441 dum
763 4380 954 4441 illum
985 4379 1244 4443 fratres
1275 4378 1867 4458 exhortabantur,
1902 4378 2136 4441 dicere
2167 4388 2427 4457 posset.

691 4485 822 4549 191.
913 4486 1237 4566 Plerique
1289 4487 1652 4566 utriusque
1683 4487 1998 4567 generiS‚
2054 4486 2487 4549 catechismo
2532 4489 2727 4566 prius
2772 4489 3025 4550 instru-

562 4594 655 4656 cti
697 4613 736 4656 a
777 4595 1077 4674 nostris,
1111 4594 1539 4675 baptismum
1576 4596 1861 4658 demum
1902 4594 2366 4674 accipiebant.
2402 4594 2491 4656 Hi
2523 4595 2613 4657 ad
2642 4594 3038 4658 Dominum·

441 4759 451 4776 ,
495 4751 498 4755 Α
562 4700 1041 4780 Augustinum
1080 4702 1421 4780 Mostum,
1468 4703 1842 4781 hospitalis
1880 4701 2182 4764 Sanctae
2222 4702 2475 4765 Annae
2518 4703 3038 4782 praepositum„
