3679 5414
1592 520 1718 578 Ax.
1765 521 1903 579 1550
2902 519 2975 576 27

491 664 694 727 votio
731 675 830 741 ut,
866 665 1058 743 quod
1101 665 1293 728 vires
1332 665 1651 743 corporis
1690 663 2080 742 negabant,
2118 663 2435 725 charitas
2466 663 2970 741 extorqueret):

494 771 812 834 familia
794 771 1020 849 ipsius
1049 770 1385 851 Episcopi
1415 779 1563 833 tota
1593 769 1684 833 ad
1708 768 2182 832 confitendum
2213 778 2282 831 et
2312 768 2973 832 communicandum

498 890 762 942 octavo
806 896 1090 959 quoque
1121 878 1234 942 die
1264 878 1572 941 adducta
1603 887 1709 941 est
1743 874 1782 940 ¹.

621 986 721 1047 51.
809 986 972 1068 Jam
1002 995 1155 1049 tum
1184 984 1601 1048 mutinensis
1631 985 2026 1064 Episcopus
2053 984 2329 1063 aliquos
2358 944 2444 1045 de
2468 992 2715 1045 nostra
2743 981 2974 1046 Socie-

501 1102 650 1155 tate
679 1091 996 1155 Mutinae
1027 1091 1337 1155 residere
1370 1090 1681 1171 optabat,
1718 1090 2076 1171 quamviS,
2122 1090 2491 1169 penuriam
2529 1089 2830 1152 fortasse
2872 1091 2973 1152 vi·

503 1200 682 1262 dens
702 1249 716 1275 ,
759 1218 802 1261 a
844 1198 920 1261 P.
965 1199 1239 1278 Ignatio
1269 1208 1511 1279 petere
1541 1215 1683 1260 non
1707 1197 2030 1272 auderet;
2058 1196 2185 1259 sed
2208 1194 2404 1258 Patri
2425 1194 2832 1273 Paschasio,
2859 1195 2978 1276 qui

502 1306 869 1369 Bononiae
910 1305 1286 1384 residebat,
1321 1322 1527 1368 suum
1557 1303 1985 1383 desiderium
2015 1303 2314 1383 aperuit;
2347 1320 2478 1365 nec
2508 1303 2696 1364 enim
2723 1302 2799 1364 P.
2827 1300 2977 1381 Syl-

502 1422 746 1476 vester
776 1412 1306 1476 confessionum
1336 1421 1405 1474 et
1426 1411 2004 1474 communionum
2026 1419 2094 1473 et
2117 1409 2589 1489 spiritualium
2610 1408 2980 1471 exercitio·

504 1537 665 1582 rum
717 1519 1167 1599 occupationi
1212 1536 1343 1598 par
1387 1536 1542 1581 esse
1579 1526 1891 1598 poterat,
1936 1526 2005 1579 et
2044 1516 2370 1596 quamvis
2415 1533 2492 1578 se
2532 1516 2606 1578 in
2655 1515 2980 1578 cubiculo

407 1686 416 1693 .
503 1636 801 1706 propter
829 1625 1308 1691 valetudinem
1335 1626 1716 1688 adversam
1744 1624 2158 1702 contineret,
2193 1640 2277 1685 eo
2301 1625 2417 1685 vel
2445 1622 2834 1685 necessitas
2856 1622 2977 1685 vel

507 1733 799 1796 devotio
828 1734 1208 1795 multorum
1235 1732 1691 1811 irrumpebat.
1728 1731 2147 1810 Augebatur
2185 1730 2468 1793 interim
2508 1728 2818 1792 Mutinae
2857 1728 2979 1791 mi-

507 1858 669 1903 rum
717 1841 791 1902 in
833 1838 1121 1902 modum
1160 1856 1497 1902 numerus
1542 1839 1790 1901 crebro
1842 1837 2322 1900 confitentium
2364 1846 2433 1911 et
2462 1836 2982 1898 communican-

508 1948 717 2026 tium,
767 1956 836 2010 et
878 1948 948 2009 in
977 1947 1186 2009 domo
1230 1946 1450 2026 ipsius
1487 1945 1822 2024 Episcopi
1861 1945 2172 2026 quotidie
2222 1944 2595 2006 lectionem
2644 1960 2859 2006 unam
2897 1943 2983 2005 de

507 2054 914 2134 praeceptis
935 2053 1250 2131 Domini,
1283 2054 1497 2115 aliam
1526 2061 1761 2116 autem
1790 2052 1980 2132 apud
2011 2067 2399 2114 conversos
2431 2050 2517 2112 de
2557 2050 2987 2112 christianae

507 2163 877 2224 doctrinae
905 2161 1345 2240 expositione
1373 2160 1852 2240 praelegebat;
1879 2176 2009 2221 nec
2034 2175 2286 2238 parum
2308 2157 2677 2220 recreabat
2700 2156 2987 2235 Episco-

507 2287 682 2348 pum
702 2278 855 2332 tum
884 2268 1194 2331 civitatis
1221 2267 1494 2330 fructus
1517 2276 1667 2328 tum
1698 2267 1787 2343 iS,
1821 2266 1942 2344 qui
1966 2283 2055 2328 ex
2085 2264 2374 2327 visitata
2406 2262 2710 2377 dioecesi
2739 2279 2986 2341 prove-

512 2376 776 2452 niebat,
813 2384 882 2438 et
911 2375 1003 2437 ad
1032 2391 1194 2437 eum
1224 2371 1742 2437 deferebatur.

630 2482 735 2544 52.
825 2481 980 2544 Hoc
1020 2498 1205 2543 anno
1256 2481 1329 2542 in
1367 2479 1822 2560 neapolitano
1862 2442 2085 2556 regno
2127 2476 2202 2540 P.
2258 2476 2620 2539 Bobadilla
2660 2484 2991 2538 versatus

513 2598 645 2668 est,
679 2598 749 2651 et
780 2588 1009 2669 primo
1033 2588 1104 2650 in
1128 2587 1538 2667 episcopatu
1561 2585 1958 2663 Policastri,
1985 2583 2278 2646 deinde
2260 2602 2332 2645 m
2356 2583 2992 2663 Archiepiscopatu

514 2695 908 2775 Bisignani,
943 2695 1060 2759 ubi
1090 2695 1335 2775 primis
1366 2682 1724 2757 mensibus
1755 2691 2129 2756 Societatis
2156 2675 2544 2755 ministeria
2574 2689 2890 2753 exercuit
2920 2699 2991 2751 et

515 2804 808 2865 uberem
857 2802 1258 2865 admodum·
1289 2801 1597 2863 fructum
1646 2800 2087 2879 provenisse,
2142 2799 2468 2879 quamvis
2516 2813 2778 2876 magno
2828 2813 2991 2859 cum

517 2909 739 2989 ipsius
768 2910 1043 2988 labore,
1088 2917 1407 2971 testatur.
1453 2907 1857 2969 Rossanum
1894 2915 2252 2984 postremo
2290 2904 2650 2986 profectus
2687 2914 2823 2982 est,
2867 2903 2994 2971 ubi

514 3016 916 3079 Cardinalis
945 3015 1239 3094 Veralli,
1275 3015 1388 3076 cui
1425 3013 1964 3076 commendatus
2004 3021 2156 3075 erat
2194 3012 2255 3073 is
2284 3010 2985 3090 Archiepiscopatus‚

514 3123 940 3186 auctoritate
970 3122 1201 3200 coepit
1232 3122 1319 3184 de
1346 3120 1695 3200 proximis
1718 3120 1790 3182 in
1814 3137 1898 3182 ea
1922 3118 2229 3181 dioecesi
2249 3117 2707 3179 benemereti.
2737 3114 3001 3194 Quam-·

519 3230 629 3292 vis
657 3241 896 3292 tamen
924 3238 993 3291 et
1021 3229 1225 3291 bonis
1253 3229 1566 3308 placeret
1598 3226 1979 3305 plurimum
2012 3233 2082 3287 et
2110 3225 2201 3286 ab
2233 3224 2558 3286 omnibus
2591 3222 2993 3286 reverentia

521 3345 590 3397 et
615 3335 886 3398 honore
915 3352 1179 3414 magno
1211 3333 1630 3410 afficeretur,
1667 3350 1755 3394 ne
1785 3348 2139 3394 venenum
2170 3331 2235 3393 ei
2256 3348 2298 3392 a
2329 3330 2686 3409 perversis
2718 3328 2989 3409 quibus—

517 3441 681 3505 dam
706 3442 1111 3504 hominibus
1141 3441 1635 3519 propinaretur
1665 3439 1883 3517 aliqui
1903 3437 2266 3515 timebant;
2293 3445 2384 3514 et,
2414 3454 2576 3499 cum
2597 3436 2670 3498 in
2692 3452 2991 3515 gravem

525 3549 846 3611 morbum
896 3547 1278 3626 incidisset,
1334 3547 1676 3610 creditum
1727 3555 1833 3609 est
1880 3543 2067 3624 quod
2117 3544 2401 3606 omnino
2451 3560 2808 3606 venenum
2857 3542 2993 3623 ipsi

522 3656 767 3718 datum
793 3655 1045 3733 fuerat,
1080 3664 1149 3718 et
1178 3654 1364 3735 quod
1393 3654 1734 3716 miraculo
1774 3652 2164 3731 periculum
2202 3651 2543 3729 evaserit,
2587 3649 2991 3730 quindecim

524 3762 875 3825 continuis
898 3762 1144 3824 diebus
1166 3761 1439 3825 vomitu
1461 3760 1731 3839 ingenti
1753 3759 2164 3822 subsecuto,
2194 3757 2695 3836 NihilominuS,
2723 3757 2841 3818 ubi
2870 3773 2987 3817 va-

524 3868 906 3931 letudinem
949 3868 1427 3947 recuperavit,
1466 3866 1953 3934 reformationi
1995 3864 2167 3927 dare
2194 3881 2484 3944 operam
2514 3864 2698 3927 serio
2732 3862 2988 3940 coepit,

526 3992 683 4038 cum
711 3976 913 4057 prius
941 3975 1015 4037 in
1038 3973 1583 4055 quadragesima
1608 3973 2031 4035 concionum
2074 3971 2503 4060 curriculum
2537 3987 2799 4048 magno
2831 3985 2992 4031 cum

527 4083 765 4146 labore
793 4081 1239 4160 absolvisset,
1274 4080 1345 4142 in
1369 4079 1620 4160 quibus
1644 4079 1979 4158 epistolas
2002 4087 2458 4141 occurrentes
2480 4077 2985 4156 explicaverat.

529 4188 851 4252 Addebat
894 4188 1110 4251 etiam
1154 4186 1523 4249 dominicis
1566 4195 1634 4248 et
1677 4186 1877 4249 festis
1922 4185 2166 4248 diebus
2195 4203 2442 4248 sacras
2479 4184 2814 4246 lectiones
2852 4182 2992 4261 epi-

604 4468 621 4498 ¹
677 4466 914 4521 Ignatius
936 4465 1195 4520 Episcopo
1216 4462 1508 4517 Mutinensi,
1532 4464 1592 4506 de
1615 4462 1890 4519 sylvestro
1912 4461 2162 4516 Landino,
2184 4463 2238 4506 23
2254 4461 2497 4516 Augusti3
2519 4460 2652 4503 idem
2682 4458 2860 4509 eidem,
2880 4457 2995 4501 offl—

530 4539 679 4591 ciose,
700 4539 756 4582 29
774 4537 1102 4583 Novembris.

604 4611 628 4642 ²
679 4609 955 4662 Polancus,
996 4618 1062 4650 ex
1092 4606 1483 4658 commissione,
1518 4603 1790 4660 Sylvestro
1825 4603 2065 4657 Laudini,
2102 4610 2158 4647 ut
2191 4609 2337 4646 curet
2370 4615 2431 4646 ne
2467 4615 2593 4657 quos
2628 4603 2689 4645 de
2725 4599 2993 4645 Societate

529 4678 813 4735 Episcopus
833 4676 1135 4723 Mutiiiensis
1169 4678 1235 4719 ab
1267 4674 1472 4730 Ignatio
1506 4680 1769 4729 exposcat,
1803 4675 1992 4718 librum
2026 4674 2410 4718 Exercitiorum
2438 4673 2690 4727 Episcopo
2723 4672 2916 4725 tradat,
2939 4676 2991 4713 et

535 4749 742 4795 Romam
763 4753 873 4805 lpse
892 4754 1009 4804 post
1028 4748 1266 4804 hyemem
1284 4748 1480 4801 veniat,
1501 4747 1555 4789 m
1574 4746 1893 4792 Decembris·
