3679 5414
680 462 783 525 12⁴
1587 462 1842 524 Cimon.
1883 461 2037 521 Soc·
2080 462 2218 535 Jsss.

680 617 927 686 genter
958 606 1401 685 expetebant,
1434 606 1555 669 ubi
1582 615 1829 687 postea
1859 607 2199 687 temporis
2235 624 2572 670 successu
2610 606 3006 687 Collegium
3046 618 3151 671 est

680 712 1111 776 inchoatum.
1144 712 1342 774 Tunc
1375 722 1614 775 autem
1641 712 1741 775 illi
1771 722 1841 775 et
1869 713 2157 777 domum
2185 723 2253 776 et
2284 723 2605 793 sumptus
2635 713 3145 791 concionatori,

682 819 802 899 qui
830 819 1046 882 etiam
1077 818 1390 882 consiliis
1421 827 1488 881 et
1521 819 2084 883 confessionibus
2112 838 2198 883 ac
2236 820 2716 901 spiritualibus
2755 821 3144 885 meditatio·

682 926 889 989 nibus
916 934 1187 989 mentes
1217 941 1460 989 eorum
1487 925 1562 988 in
1591 925 1726 989 Dei
1765 944 2009 989 amore
2052 926 2502 1007 accenderet,
2546 928 2989 991 necessarios
3028 928 3142 991 ob·

679 1034 1010 1096 tulerunt.

800 1139 944 1203 296.
1029 1139 1215 1203 Inter
1248 1157 1373 1203 eos
1404 1149 1671 1220 autem,
1706 1140 1826 1220 qui
1857 1140 1932 1203 in
1959 1140 2447 1221 spiritualibus
2475 1142 3047 1206 meditationibus
3077 1160 3154 1205 se

681 1256 1174 1326 exercuerunt,
1209 1264 1391 1310 unus
1418 1247 1548 1310 fuit
1577 1247 1849 1311 Doctor
1878 1247 2273 1328 TorrensiS,
2310 1250 2699 1313 canonicus
2729 1229 3158 1329 Segontinus

682 1372 770 1417 ac
806 1362 1054 1434 postea
1085 1353 1484 1417 Chanariae
1524 1354 1951 1437 EpiscopuS,
1995 1355 2116 1434 qui
2156 1372 2317 1418 cum
2357 1371 2793 1435 magnopere
2821 1355 3153 1436 profecis-

681 1442 791 1524 set
820 1470 889 1523 et
918 1459 1009 1522 ad
1039 1460 1547 1524 monasterium
1577 1460 1666 1523 D.
1708 1460 2147 1541 Hieronymi,
2201 1462 2287 1524 de
2331 1478 2472 1542 quo
2511 1463 2721 1542 paulo
2762 1471 2925 1525 ante
2965 1479 3152 1526 men-

682 1569 949 1631 tionem
974 1566 1293 1645 fecimuS,
1328 1568 1765 1647 divertisset,
1800 1569 1903 1630 sic
1934 1569 2174 1631 evexit
2200 1568 2454 1631 horum
2482 1568 2986 1632 exercitiorum
3014 1568 3156 1632 fru-

681 1682 898 1753 ctum,
941 1684 1018 1736 ut
1056 1675 1156 1737 illi
1193 1674 1528 1754 religiosi,
1577 1693 1739 1738 cum
1788 1675 1880 1738 ad
1929 1693 2006 1737 se
2056 1693 2198 1738 non
2247 1685 2537 1756 possent
2574 1675 2652 1738 P.
2696 1676 3153 1739 Villanovam

684 1791 978 1861 propter
1008 1782 1539 1861 occupationeS‚
1588 1782 1842 1861 quibus
1872 1781 2369 1859 distinebatur,
2405 1782 2790 1861 adducere,
2824 1783 3157 1845 decreve-

687 1895 851 1950 runt
879 1888 1014 1969 ipsi
1046 1887 1495 1969 Complutum
1524 1889 1799 1967 venire3
1845 1898 1914 1952 et
1943 1889 2123 1952 inter
2155 1898 2479 1953 caeteros
2508 1907 2754 1952 eorum
2784 1888 3010 1967 Prior,
3044 1890 3157 1952 vir

684 1996 1137 2058 venerandus
1166 2004 1233 2058 et
1271 2013 1513 2070 senex,
1548 1996 1703 2074 fuit,
1736 1997 1856 2075 qui
1888 1997 2046 2059 aliis
2075 1996 2273 2077 prius
2304 1997 2377 2059 in
2405 2014 2489 2059 eo
2521 1997 2767 2059 ordine
2799 1996 3160 2074 dignitati-

684 2102 817 2164 bus
864 2100 1149 2164 functus
1197 2101 1450 2165 fuerat.
1497 2102 1801 2182 Quidam
1853 2111 2090 2165 autem
2143 2102 2471 2166 dicebant
2519 2120 2664 2166 non
2714 2103 2965 2165 decere
3015 2111 3162 2166 tam

683 2226 950 2288 graves
991 2209 1190 2272 viros
1229 2219 1338 2289 ut,
1390 2210 1659 2273 relictis
1709 2211 1858 2273 suis
1902 2210 2483 2289 institutionibus,
2528 2211 2778 2274 alienis
2828 2228 2904 2273 se
2948 2210 3162 2273 imbui

687 2325 1131 2395 paterentur,
1164 2325 1234 2378 et
1265 2333 1427 2379 cum
1457 2316 1686 2379 Priori
1715 2334 1802 2379 ac
1830 2317 2289 2398 Procuratori
2319 2318 2537 2381 semel
2576 2335 2662 2380 ac
2703 2318 2963 2380 iterum
2991 2316 3164 2379 talia

691 2430 1268 2502 suggererentur,
1303 2423 1821 2503 responderunt
1850 2424 1992 2486 viri
2023 2424 2337 2502 religiosi
2376 2441 2462 2486 ac
2500 2425 2883 2504 prudentes
2911 2441 2988 2486 se
3016 2440 3160 2486 non

689 2528 799 2591 his
827 2529 1084 2592 animis
1111 2529 1251 2591 huc
1283 2530 1672 2593 accessisse
1703 2539 1777 2593 ut
1819 2528 2066 2594 Sancti
2105 2530 2338 2594 Patris
2366 2531 2790 2611 Hieronymi
2821 2531 3164 2609 dogmata

698 2635 1128 2716 desererent,
1164 2636 1287 2698 sed
1317 2645 1394 2698 ut
1421 2654 1592 2699 suae
1631 2638 2000 2717 religionis
2040 2646 2305 2700 statuta
2344 2638 2594 2700 melius
2633 2637 3017 2700 observare
3047 2637 3161 2700 do·

686 2751 1034 2805 cerentur.
1070 2744 1159 2806 Et
1189 2760 1348 2806 cum
1380 2745 1720 2808 honorem
1748 2754 1816 2808 et
1847 2746 2344 2808 auctoritatem
2386 2746 2697 2826 ipsorum
2728 2744 2915 2826 apud
2946 2762 3162 2825 popu-

686 2850 832 2911 lum
859 2849 1246 2929 periclitari
1277 2851 1757 2914 admonitores
1787 2852 1887 2914 illi
1918 2852 2275 2932 docerent,
2311 2850 2829 2932 responderunt
2860 2851 2961 2915 illi
2987 2852 3168 2920 nibil.

686 2972 910 3036 aeque
942 2956 1260 3037 ipsorum
1290 2958 1501 3020 saluti
1533 2957 1931 3021 conducere
1962 2976 2046 3021 ac
2077 2958 2140 3020 si
2169 2959 2359 3037 quod
2405 2959 2749 3043 honorem
2778 2959 2913 3039 ipsi
2941 2976 3151 3022 voca·

683 3062 886 3142 bant,
949 3063 1227 3144 penitus
1276 3064 1810 3143 interciderent,
1873 3065 2307 3145 multumque
2356 3082 2436 3127 se
2483 3066 2937 3128 emolumenti
2994 3083 3153 3129 con-

684 3178 1078 3248 secuturOS,
1133 3170 1195 3233 si
1237 3189 1326 3233 ex
1376 3172 1485 3234 his
1525 3171 2153 3235 exercitationibus
2180 3170 2407 3234 fastus
2436 3171 2864 3251 honorisque
2908 3171 3147 3254 despe-

685 3278 992 3340 ctionem
1014 3286 1483 3357 reportarent,
1505 3295 1667 3341 cum
1689 3279 1808 3341 illa
1830 3279 2217 3357 religiones
2247 3295 2426 3358 pene
2470 3278 2543 3341 in
2575 3278 2925 3359 Hispania
2961 3296 3158 3342 ever·

684 3385 956 3447 tissent.
991 3383 1507 3448 Obmutuerunt
1538 3385 1636 3447 illi
1673 3385 2154 3448 admonitores
2192 3403 2278 3448 ac
2307 3384 2631 3448 veritatis
2669 3385 2964 3465 ponderi
3008 3403 3155 3449 ces·

686 3501 950 3554 serunt.
986 3490 1188 3554 Prior
1219 3492 1432 3554 etiam
1462 3493 1754 3555 alterius
1785 3491 2198 3560 monasterii
2228 3489 2541 3570 ejusdem
2572 3492 2842 3555 ordinis
2870 3492 3155 3556 Patrem

687 3597 1073 3660 Villanova
1102 3599 1388 3677 rogavit
1416 3608 1494 3661 ut
1536 3599 1838 3679 aliquem
1877 3598 1963 3662 de
2005 3598 2366 3663 Societate
2406 3599 2498 3661 ad
2538 3616 2614 3661 se
2649 3598 2999 3678 mitteret,
3042 3600 3163 3678 qui

691 3704 762 3765 in
796 3695 1279 3783 spiritualibus
1303 3704 1414 3768 his
1445 3704 2016 3768 meditationibus
2048 3723 2294 3768 omnes
2334 3722 2501 3768 suos
2543 3705 2933 3768 monachos
2963 3723 3159 3768 exer-

691 3817 903 3873 ceret.
949 3808 1153 3873 Prius
1202 3812 1712 3875 monasterium
1756 3811 2149 3890 Tendillae,
2204 3811 2340 3875 hoc
2391 3811 2792 3892 Expegiera
2831 3811 3037 3891 burgi
3076 3811 3162 3875 de

695 3915 917 3979 Osma
944 3925 1268 3980 vocatur.

807 4024 949 4086 297.
1036 4022 1333 4105 Scripsit
1382 4033 1620 4088 autem
1669 4025 1755 4087 de
1812 4042 1889 4087 se
1938 4024 2311 4088 Torrensis
2368 4025 2483 4088 ille
2538 4025 2664 4088 Dr.
2728 4025 3157 4105 CanonicuS,

688 4140 887 4194 tanto
917 4148 993 4193 se
1022 4131 1281 4193 lumine
1312 4132 1500 4211 apud
1531 4140 1815 4194 nostros
1852 4131 2281 4194 illustratum
2330 4131 2402 4193 in
2441 4131 2926 4213 spiritualibus
2967 4150 3161 4195 exer-

690 4238 873 4310 citiis
903 4237 1143 4317 fuisse,
1179 4247 1253 4301 ut
1285 4238 1694 4301 existimare
1725 4239 2264 4319 compelleretur
2296 4248 2459 4302 ante
2488 4238 2659 4302 illud
2689 4248 2965 4319 tempus
2994 4257 3161 4318 vere

687 4362 767 4408 se
797 4345 1261 4408 christianum
1288 4363 1430 4408 non
1453 4345 1701 4435 fuisse,
1736 4346 1899 4409 licet
1924 4345 2278 4420 omnibuS,
2308 4363 2489 4426 quae
2520 4343 2999 4409 Sacrosancta
3029 4346 3156 4409 Ec·

690 4452 906 4515 clesia
937 4452 1289 4515 credenda
1318 4452 1668 4536 proponit,
1695 4470 1974 4534 semper
1999 4451 2408 4531 crediderit;
2435 4460 2503 4515 et
2523 4454 2661 4516 hoc
2685 4453 2916 4533 ipsum
2941 4452 3159 4516 omni-

697 4558 828 4620 bus
878 4559 1273 4621 affirmabat
1333 4559 1518 4638 quod
1569 4559 1794 4622 divini
1844 4559 2134 4640 spiritus
2177 4558 2456 4622 afflatus
2494 4559 2875 4640 sentiebat;
2920 4569 2989 4623 et
3037 4560 3162 4644 vix

691 4681 769 4727 se
810 4683 1019 4746 posse
1060 4677 1455 4756 temperare
1503 4667 1866 4756 asserebat
1913 4666 2102 4758 quin
2131 4666 2202 4754 in
2248 4666 2704 4758 concionibus
2747 4666 2884 4729 hoc
2927 4667 3164 4747 ipsum
