3679 5414
1617 471 1746 531 Ax.
1791 473 1923 531 1551
2892 475 2994 535 179

524 637 696 682 cum
745 618 822 681 P.
865 617 1274 681 Salmerone
1315 618 1381 681 ei
1420 617 1838 698 injunxisset
1880 628 1949 681 et
1989 618 2061 681 id
2102 635 2230 697 per
2268 618 2539 680 litteras
2592 617 2991 683 Cardinalis

525 726 830 790 Maffeus
859 725 1350 805 significasset,
1383 743 1528 788 non
1556 744 1632 788 se
1660 742 1874 807 posse
1898 725 2033 788 hoc
2059 724 2528 788 concionandi
2555 742 2734 790 onus
2757 726 2991 790 subire

523 833 899 897 canonicis
926 832 1287 912 respondit
1318 831 1360 895 ¹.

651 940 752 1003 31.
840 939 1285 1003 Infirmorum
1312 938 1815 1018 confessiones,
1850 940 1968 1020 qui
1991 940 2063 1003 in
2083 939 2417 1020 hospitali
2444 942 2533 1006 D.
2567 941 2769 1006 Pauli
2790 952 2993 1006 erant

525 1048 643 1125 (in
680 1062 819 1127 quo
871 1047 1020 1126 ipse
1072 1044 1281 1109 Pater
1319 1046 1745 1125 habitabat),
1796 1063 2141 1127 persaepe
2190 1048 2555 1127 audiebat;
2607 1050 2683 1112 in
2733 1060 2989 1112 octava

526 1164 770 1218 autem
819 1153 909 1216 D.
962 1151 1257 1234 Joannis
1306 1152 1669 1232 Baptistae
1724 1152 1939 1216 etiam
1995 1155 2130 1218 hoc
2188 1173 2375 1231 anno
2425 1173 2587 1219 cum
2642 1155 2992 1237 frequenti

524 1261 916 1326 admodum
946 1269 1014 1323 et
1045 1268 1315 1323 attento
1346 1259 1697 1348 auditorio
1726 1260 2192 1325 concionatus
2222 1272 2351 1343 est,
2385 1272 2455 1326 et
2477 1281 2721 1327 omnes
2750 1263 2842 1332 ad
2871 1264 2988 1326 ali·

525 1386 748 1451 quam
779 1369 1174 1432 orationem
1204 1367 1527 1430 absoluta
1556 1367 1899 1430 concione
1929 1368 2345 1433 hortabatur
2373 1380 2441 1434 et
2470 1371 2622 1450 ipse
2643 1370 2985 1450 praeibat.

523 1477 843 1541 Coactus
884 1483 990 1538 est
1029 1474 1120 1537 ad
1158 1473 1705 1553 praedicationis
1756 1474 2331 1539 commoditatem
2360 1478 2451 1540 ab
2479 1476 2814 1557 hospitali
2844 1476 2991 1558 jam

528 1584 723 1647 dicto
774 1579 1443 1660 adArchiepiscopi
1490 1580 1779 1643 domum
1827 1583 2088 1661 templo
2136 1582 2448 1647 vicinam
2491 1584 2985 1663 commigrare.

529 1690 629 1753 Ibi
680 1705 855 1768 ergo
909 1687 1090 1767 dies,
1145 1703 1323 1767 quos
1370 1686 1771 1750 Florentiae
1821 1688 2090 1766 exegit,
2146 1687 2528 1768 antequ'am
2576 1690 2990 1754 Tridentum

528 1796 925 1874 recederet,
980 1781 1123 1857 non
1162 1794 1313 1856 sine
1358 1810 1621 1872 magna
1669 1793 1971 1857 utilitate
2021 1795 2368 1875 spirituali
2418 1797 2761 1860 transacti
2800 1805 2985 1874 sunt;

522 1903 856 1984 quamvis
886 1901 1181 1980 Collegii
1209 1899 1577 1980 negotium
1613 1909 1759 1963 tam
1796 1900 2051 1979 frigide
2089 1902 2515 1981 procedebat
2543 1911 2620 1966 ut
2649 1921 2792 1967 non
2822 1904 2984 1967 leviss

526 2020 636 2073 ter
664 2008 1081 2089 patientiam
1109 2006 1185 2069 Ρ.
1217 2006 1468 2090 Jacobi
1495 2016 1882 2070 exerceret.
1916 2006 2234 2074 Tandem
2273 2009 2546 2073 decima
2583 2009 2778 2091 Julii,
2826 2028 2986 2074 cum

521 2117 671 2198 jam
698 2116 1114 2179 Tridentum
1143 2132 1304 2177 cum
1332 2113 1408 2176 Ρ.
1440 2112 1853 2177 Salmerone
1891 2123 2077 2178 esset
2113 2132 2527 2179 recessurus
2548 2162 2562 2191 ,
2604 2117 2794 2197 quod
2830 2118 2984 2180 ulti-

529 2225 664 2287 mis
703 2223 839 2286 illis
879 2223 1123 2286 diebus
1162 2239 1323 2285 cum
1359 2220 1676 2285 Ducibus
1725 2231 2006 2300 egerat,
2051 2222 2330 2300 scribit;
2374 2240 2674 2303 quorum
2709 2241 2982 2288 summa

520 2332 706 2394 haec
734 2339 918 2393 erat:
952 2328 1347 2408 Collegium
1375 2328 1555 2392 Pisis
1584 2328 1838 2391 saltem
1866 2346 1951 2391 eo
1988 2337 2303 2409 tempore
2332 2330 2844 2410 inchoandum,
2894 2331 2986 2395 ad

528 2437 1020 2518 Collegialium
1077 2452 1429 2515 expensas
1488 2435 1719 2515 ipsum
1785 2434 2062 2498 Ducem
2117 2436 2462 2500 ducentos
2517 2454 2775 2520 aureos
2828 2453 2984 2502 esse

523 2545 891 2621 daturum,
933 2542 1315 2606 Ducissam
1354 2550 1591 2604 autem
1630 2541 2140 2622 quinquaginta
2179 2551 2248 2605 et
2286 2560 2509 2623 usque
2548 2545 2637 2607 ad
2676 2554 2978 2624 centum,

522 2661 597 2715 et
624 2653 908 2715 demum
938 2650 1101 2732 quia
1131 2649 1309 2714 Pisis
1337 2657 1407 2713 et
1434 2649 1865 2714 frumentum
1892 2657 1962 2713 et
1989 2649 2233 2713 vinum
2261 2650 2334 2713 in
2357 2651 2696 2715 reditibus
2731 2654 2984 2726 annuis

527 2758 909 2838 habebant,
973 2775 1152 2838 quae
1208 2757 1614 2823 necessaria
1664 2765 1869 2820 erant
1925 2757 2297 2820 duodecim
2350 2757 2852 2839 Collegialibus
2907 2779 2982 2825 se

528 2867 824 2929 daturos
852 2865 1394 2946 pollicebantur;
1428 2863 1714 2927 domum
1748 2863 1963 2926 etiam
1992 2861 2390 2927 sedaturos
2423 2875 2870 2946 receperunt,
2915 2877 2984 2930 et

526 2982 843 3052 tempore
866 2958 1350 3035 renovationis
1371 2970 1765 3033 studiorum
1784 2986 1995 3049 posse
2018 2969 2440 3049 Collegiales
2460 2972 2663 3049 mitti;
2687 2973 2811 3036 sed
2835 2974 2984 3053 ipse

527 3081 815 3159 omnino
847 3079 1156 3158 aliquem
1181 3076 1774 3158 praemittendum
1803 3077 2170 3154 censebat,
2217 3077 2336 3157 qui
2373 3078 2876 3143 habitationem
2915 3090 2983 3143 et

529 3204 644 3249 res
683 3185 1124 3249 necessarias
1164 3184 1483 3247 venturis
1529 3191 2034 3263 praepararet;
2076 3192 2146 3246 et
2180 3185 2541 3263 suggessit
2581 3184 2656 3247 P.
2698 3185 2985 3265 Laynez

528 3295 606 3358 P.
659 3293 1016 3373 Elpidium
1064 3292 1156 3355 ad
1207 3292 1340 3354 hoc
1391 3290 1721 3354 idoneum
1768 3289 1943 3352 sore.
1999 3289 2175 3353 Cum
2225 3289 2528 3354 Ducissa
2578 3292 2791 3355 etiam
2840 3292 2986 3370 egit

528 3400 603 3463 P.
660 3401 951 3480 Laynez
989 3407 1065 3461 ut
1104 3396 1195 3461 ad
1235 3396 1601 3461 Summum
1651 3380 2062 3459 Pontificem
2111 3389 2453 3459 scriberet
2498 3399 2613 3460 vel
2652 3399 2741 3462 ad
2780 3416 2986 3462 suum

528 3516 885 3570 oratorem
917 3514 993 3568 ut
1021 3503 1437 3568 Pontificem
1458 3504 1933 3583 alloqueretur
1956 3511 2026 3565 et
2047 3501 2334 3565 Patrem
2364 3503 2581 3566 etiam
2608 3504 2979 3583 Ignatium.

528 3615 836 3678 Litteras
881 3614 1098 3676 etiam
1125 3611 1578 3692 Apostolicas
1613 3612 1787 3673 velle
1817 3628 1894 3673 se
1933 3610 2248 3673 obtinere
2286 3609 2594 3674 Ducissa
2638 3612 2983 3691 significa·

531 3722 650 3783 bat
678 3728 755 3783 ut
780 3719 858 3782 P.
890 3719 1178 3800 Laynez
1207 3719 1297 3782 ab
1325 3716 1476 3797 eJ’us
1505 3717 1768 3780 ditione
1792 3717 1942 3779 sine
1972 3715 2194 3780 Ducis
2216 3727 2342 3780 aut
2367 3718 2587 3798 ipsius
2610 3719 2820 3782 venia
2841 3737 2982 3782 non

530 3827 921 3906 recederet3
953 3835 1023 3889 et
1051 3827 1178 3906 sic,
1212 3833 1506 3904 accepto
1535 3823 1800 3886 viatico
1826 3824 1917 3886 ab
1946 3822 2194 3887 eadem
2215 3823 2543 3905 Ducissa,
2572 3825 2985 3905 Tridentum

529 3952 690 3996 cum
718 3933 795 3997 P.
842 3932 1251 3996 Salmerone
1288 3930 1647 4011 profectus
1685 3940 1824 4008 est,
1869 3928 2054 3992 unde
2104 3947 2283 4010 opus
2319 3949 2463 3994 non
2504 3932 2747 3995 habuit
2784 3934 2984 3996 viati·

529 4059 691 4104 cum
719 4041 909 4120 illud,
945 4040 1134 4121 quod
1160 4039 1236 4103 P.
1270 4039 1588 4119 Ignatius
1618 4038 1990 4116 obtulerat,
2022 4037 2346 4117 accipere
2375 4037 2420 4102 ².

610 4281 626 4312 ¹
687 4280 964 4333 Polancus,
999 4290 1065 4323 ex
1096 4279 1501 4330 commissione,
1519 4277 1666 4321 Patri
1688 4275 1923 4332 Laynez.
1954 4274 2147 4319 Summi
2177 4275 2440 4320 pontificis
2460 4278 2782 4322 voluntatem
2799 4290 2911 4322 esse
2932 4284 2987 4322 ut

529 4352 594 4396 ad
635 4351 917 4396 Concilium
952 4357 1065 4405 eat;
1096 4351 1211 4395 ideo
1243 4350 1396 4403 nihil,
1431 4350 1599 4405 quoad
1634 4347 2037 4392 concionandum
2058 4345 2359 4391 Florentiae
2387 4350 2592 4409 attinet,
2625 4351 2915 4404 promittat,
2941 4351 2992 4394 13

530 4424 689 4475 Junii.
2293 4425 2301 4433 ’
2953 4458 2957 4468 .

609 4497 633 4527 ³
685 4493 955 4547 PolancuS,
978 4505 1043 4537 ex
1062 4494 1455 4553 commissione,
1486 4491 1634 4535 Patri
1666 4489 1894 4544 Laynez,
1923 4496 1979 4533 ut
2014 4490 2067 4533 in
2091 4481 2400 4534 'memoriam
2434 4490 2661 4536 Ducibus
2694 4491 2990 4538 Florentiae

529 4571 742 4610 revocet
763 4576 939 4610 eorum
958 4566 1212 4619 promissa
1231 4565 1373 4609 circa
1394 4564 1680 4618 Collegium
1693 4596 1704 4617 ,
1726 4568 1777 4605 et
1799 4561 2016 4606 Romam
2046 4571 2223 4606 eorum
2251 4561 2458 4607 nomina
2487 4564 2663 4608 mittat
2684 4565 2771 4619 qui
2791 4563 2991 4609 Perusii

532 4635 781 4695 Societati
803 4635 1068 4689 favebant,
1084 4636 1112 4678 7
1131 4634 1331 4688 Mat-tin
1353 4634 1517 4678 eidem
1532 4666 1543 4687 ,
1579 4639 1636 4677 ut
1670 4632 1874 4677 omnino
1895 4638 2239 4688 opportunam
2258 4640 2479 4685 quaerat
2502 4635 2824 4691 arripiatque
2845 4647 2994 4680 occa-

529 4707 724 4750 sionem
744 4706 932 4761 agendi
953 4718 1068 4750 cum
1088 4706 1316 4751 Ducibus
1337 4706 1399 4749 de
1422 4704 1653 4760 Collegio
1684 4703 1960 4748 societatis
1991 4701 2284 4747 Florentiae
2304 4701 2548 4759 erigendo
2568 4717 2579 4757 ;
2610 4705 2776 4749 eidem
2809 4705 2993 4751 Polan·
