<?xml version="1.0" encoding="UTF-8"?>
<!DOCTYPE html PUBLIC "-//W3C//DTD XHTML 1.0 Transitional//EN"
    "http://www.w3.org/TR/xhtml1/DTD/xhtml1-transitional.dtd">
<html xmlns="http://www.w3.org/1999/xhtml" xml:lang="en" lang="en">
 <head>
  <title>
</title>
<meta http-equiv="Content-Type" content="text/html;charset=utf-8" />
  <meta name='ocr-system' content='tesseract 3.04.00' />
  <meta name='ocr-capabilities' content='ocr_page ocr_carea ocr_par ocr_line ocrx_word'/>
</head>
<body>
  <div class='ocr_page' id='page_1' title='image "./vitaignatiiloio03polagoog_0075.png"; bbox 0 0 3679 5414; ppageno 0'>
   <div class='ocr_carea' id='block_1_1' title="bbox 1542 432 2933 518">
    <p class='ocr_par' dir='ltr' id='par_1_1' title="bbox 1542 432 2933 518">
     <span class='ocr_line' id='line_1_1' title="bbox 1542 432 2933 518; baseline -0.001 -1"><span class='ocrx_word' id='word_1_1' title='bbox 1542 459 1668 517; x_wconf 84' lang='lat' dir='ltr'>AN.</span> <span class='ocrx_word' id='word_1_2' title='bbox 1715 458 1854 518; x_wconf 84' lang='lat'>1550</span> <span class='ocrx_word' id='word_1_3' title='bbox 2859 432 2933 516; x_wconf 80' lang='lat'>69</span> 
     </span>
    </p>
   </div>
   <div class='ocr_carea' id='block_1_2' title="bbox 453 592 2988 3682">
    <p class='ocr_par' dir='ltr' id='par_1_2' title="bbox 460 592 2988 2718">
     <span class='ocr_line' id='line_1_2' title="bbox 462 592 2928 685; baseline -0.001 -16"><span class='ocrx_word' id='word_1_4' title='bbox 462 616 753 685; x_wconf 86' lang='lat' dir='ltr'>gerente</span> <span class='ocrx_word' id='word_1_5' title='bbox 771 655 786 685; x_wconf 96' lang='lat'>,</span> <span class='ocrx_word' id='word_1_6' title='bbox 820 606 892 668; x_wconf 92' lang='lat' dir='ltr'>id</span> <span class='ocrx_word' id='word_1_7' title='bbox 924 606 1133 669; x_wconf 88' lang='lat' dir='ltr'>facile</span> <span class='ocrx_word' id='word_1_8' title='bbox 1163 607 1482 669; x_wconf 87' lang='lat' dir='ltr'><strong>obtinuit.</strong></span> <span class='ocrx_word' id='word_1_9' title='bbox 1517 592 1720 670; x_wconf 91' lang='lat' dir='ltr'>Unde</span> <span class='ocrx_word' id='word_1_10' title='bbox 1747 614 2131 668; x_wconf 91' lang='lat' dir='ltr'>revocatus</span> <span class='ocrx_word' id='word_1_11' title='bbox 2159 604 2235 667; x_wconf 91' lang='lat' dir='ltr'>P.</span> <span class='ocrx_word' id='word_1_12' title='bbox 2264 604 2677 684; x_wconf 80' lang='lat' dir='ltr'>&#39;Alphonsus</span> <span class='ocrx_word' id='word_1_13' title='bbox 2705 605 2928 683; x_wconf 87' lang='lat' dir='ltr'>Ingol-</span> 
     </span>
     <span class='ocr_line' id='line_1_3' title="bbox 464 710 2928 794; baseline -0 -19"><span class='ocrx_word' id='word_1_14' title='bbox 464 712 715 787; x_wconf 82' lang='lat' dir='ltr'>stadiO,</span> <span class='ocrx_word' id='word_1_15' title='bbox 742 713 826 776; x_wconf 79' lang='lat'>24</span> <span class='ocrx_word' id='word_1_16' title='bbox 846 714 962 776; x_wconf 93' lang='lat' dir='ltr'>die</span> <span class='ocrx_word' id='word_1_17' title='bbox 988 712 1442 794; x_wconf 80' lang='lat' dir='ltr'>Septembri5‚</span> <span class='ocrx_word' id='word_1_18' title='bbox 1471 713 1835 776; x_wconf 82' lang='lat' dir='ltr'>Veronam</span> <span class='ocrx_word' id='word_1_19' title='bbox 1861 731 1951 774; x_wconf 86' lang='lat' dir='ltr'>ex</span> <span class='ocrx_word' id='word_1_20' title='bbox 1976 712 2363 776; x_wconf 84' lang='lat' dir='ltr'>Germania</span> <span class='ocrx_word' id='word_1_21' title='bbox 2384 710 2611 774; x_wconf 89' lang='lat' dir='ltr'>rediit.</span> <span class='ocrx_word' id='word_1_22' title='bbox 2645 710 2802 774; x_wconf 92' lang='lat' dir='ltr'>Non</span> <span class='ocrx_word' id='word_1_23' title='bbox 2830 721 2928 774; x_wconf 89' lang='lat' dir='ltr'>ta-</span> 
     </span>
     <span class='ocr_line' id='line_1_4' title="bbox 462 818 2928 900; baseline -0.001 -17"><span class='ocrx_word' id='word_1_24' title='bbox 462 838 616 884; x_wconf 91' lang='lat' dir='ltr'>men</span> <span class='ocrx_word' id='word_1_25' title='bbox 639 822 837 900; x_wconf 90' lang='lat' dir='ltr'>prius</span> <span class='ocrx_word' id='word_1_26' title='bbox 858 820 1298 898; x_wconf 88' lang='lat' dir='ltr'>Ingolstadio</span> <span class='ocrx_word' id='word_1_27' title='bbox 1322 821 1638 896; x_wconf 85' lang='lat' dir='ltr'>recessit,</span> <span class='ocrx_word' id='word_1_28' title='bbox 1664 838 1880 899; x_wconf 88' lang='lat' dir='ltr'>quam</span> <span class='ocrx_word' id='word_1_29' title='bbox 1901 837 1984 881; x_wconf 92' lang='lat' dir='ltr'>eo</span> <span class='ocrx_word' id='word_1_30' title='bbox 2004 818 2275 882; x_wconf 91' lang='lat' dir='ltr'>Doctor</span> <span class='ocrx_word' id='word_1_31' title='bbox 2298 818 2360 881; x_wconf 96' lang='lat' dir='ltr'>N</span> <span class='ocrx_word' id='word_1_32' title='bbox 2364 820 2633 882; x_wconf 90' lang='lat' dir='ltr'>icolaus</span> <span class='ocrx_word' id='word_1_33' title='bbox 2648 818 2928 882; x_wconf 88' lang='lat' dir='ltr'>Gauda·</span> 
     </span>
     <span class='ocr_line' id='line_1_5' title="bbox 461 925 2925 1007; baseline -0 -18"><span class='ocrx_word' id='word_1_34' title='bbox 461 945 589 989; x_wconf 85' lang='lat' dir='ltr'>nus</span> <span class='ocrx_word' id='word_1_35' title='bbox 613 944 778 989; x_wconf 90' lang='lat' dir='ltr'>cum</span> <span class='ocrx_word' id='word_1_36' title='bbox 801 927 1150 1007; x_wconf 86' lang='lat' dir='ltr'>magistro</span> <span class='ocrx_word' id='word_1_37' title='bbox 1172 925 1383 989; x_wconf 89' lang='lat' dir='ltr'>Petro</span> <span class='ocrx_word' id='word_1_38' title='bbox 1405 925 1820 990; x_wconf 87' lang='lat' dir='ltr'>Schorichio</span> <span class='ocrx_word' id='word_1_39' title='bbox 1861 935 1937 988; x_wconf 91' lang='lat' dir='ltr'>ut</span> <span class='ocrx_word' id='word_1_40' title='bbox 1962 943 2177 1005; x_wconf 88' lang='lat' dir='ltr'>supra</span> <span class='ocrx_word' id='word_1_41' title='bbox 2210 925 2476 988; x_wconf 91' lang='lat' dir='ltr'>dictum</span> <span class='ocrx_word' id='word_1_42' title='bbox 2508 934 2647 1005; x_wconf 90' lang='lat' dir='ltr'>est,</span> <span class='ocrx_word' id='word_1_43' title='bbox 2682 942 2925 1006; x_wconf 89' lang='lat' dir='ltr'>perve-</span> 
     </span>
     <span class='ocr_line' id='line_1_6' title="bbox 460 1030 2928 1113; baseline 0 -18"><span class='ocrx_word' id='word_1_44' title='bbox 460 1035 745 1112; x_wconf 87' lang='lat' dir='ltr'>nissent,</span> <span class='ocrx_word' id='word_1_45' title='bbox 774 1034 891 1113; x_wconf 91' lang='lat' dir='ltr'>qui</span> <span class='ocrx_word' id='word_1_46' title='bbox 923 1044 994 1096; x_wconf 92' lang='lat' dir='ltr'>et</span> <span class='ocrx_word' id='word_1_47' title='bbox 1015 1052 1060 1096; x_wconf 89' lang='lat' dir='ltr'>a</span> <span class='ocrx_word' id='word_1_48' title='bbox 1083 1034 1310 1113; x_wconf 90' lang='lat' dir='ltr'>primo</span> <span class='ocrx_word' id='word_1_49' title='bbox 1341 1033 1744 1096; x_wconf 87' lang='lat' dir='ltr'>consiliario</span> <span class='ocrx_word' id='word_1_50' title='bbox 1776 1051 1863 1095; x_wconf 89' lang='lat' dir='ltr'>ac</span> <span class='ocrx_word' id='word_1_51' title='bbox 1894 1033 2318 1095; x_wconf 89' lang='lat' dir='ltr'>cancellario</span> <span class='ocrx_word' id='word_1_52' title='bbox 2348 1030 2570 1095; x_wconf 90' lang='lat' dir='ltr'>Ducis</span> <span class='ocrx_word' id='word_1_53' title='bbox 2608 1041 2928 1096; x_wconf 88' lang='lat' dir='ltr'>amanter</span> 
     </span>
     <span class='ocr_line' id='line_1_7' title="bbox 463 1136 2925 1222; baseline -0.001 -18"><span class='ocrx_word' id='word_1_54' title='bbox 463 1142 734 1222; x_wconf 81' lang='lat' dir='ltr'>excepti</span> <span class='ocrx_word' id='word_1_55' title='bbox 765 1136 959 1221; x_wconf 79' lang='lat' dir='ltr'>sunt3</span> <span class='ocrx_word' id='word_1_56' title='bbox 987 1153 1055 1204; x_wconf 91' lang='lat' dir='ltr'>et</span> <span class='ocrx_word' id='word_1_57' title='bbox 1087 1159 1249 1204; x_wconf 91' lang='lat' dir='ltr'>cum</span> <span class='ocrx_word' id='word_1_58' title='bbox 1285 1150 1520 1204; x_wconf 83' lang='lat' dir='ltr'>essent</span> <span class='ocrx_word' id='word_1_59' title='bbox 1548 1140 1951 1220; x_wconf 86' lang='lat' dir='ltr'>Augustae,</span> <span class='ocrx_word' id='word_1_60' title='bbox 1985 1158 2229 1203; x_wconf 89' lang='lat' dir='ltr'>coram</span> <span class='ocrx_word' id='word_1_61' title='bbox 2258 1140 2409 1220; x_wconf 89' lang='lat' dir='ltr'>ipso</span> <span class='ocrx_word' id='word_1_62' title='bbox 2449 1139 2521 1202; x_wconf 88' lang='lat' dir='ltr'>P.</span> <span class='ocrx_word' id='word_1_63' title='bbox 2558 1140 2925 1219; x_wconf 89' lang='lat' dir='ltr'>Alphonso</span> 
     </span>
     <span class='ocr_line' id='line_1_8' title="bbox 462 1245 2926 1342; baseline 0 -32"><span class='ocrx_word' id='word_1_64' title='bbox 462 1249 740 1328; x_wconf 80' lang='lat' dir='ltr'>scripsit</span> <span class='ocrx_word' id='word_1_65' title='bbox 769 1249 959 1312; x_wconf 90' lang='lat' dir='ltr'>idem</span> <span class='ocrx_word' id='word_1_66' title='bbox 980 1249 1425 1342; x_wconf 75' lang='lat' dir='ltr'>consiliarius</span> <span class='ocrx_word' id='word_1_67' title='bbox 1455 1257 1531 1311; x_wconf 90' lang='lat' dir='ltr'>ut</span> <span class='ocrx_word' id='word_1_68' title='bbox 1561 1248 1809 1311; x_wconf 91' lang='lat' dir='ltr'>eodem</span> <span class='ocrx_word' id='word_1_69' title='bbox 1838 1249 1993 1310; x_wconf 92' lang='lat' dir='ltr'>loco</span> <span class='ocrx_word' id='word_1_70' title='bbox 2024 1248 2481 1323; x_wconf 88' lang='lat' dir='ltr'>haberentur,</span> <span class='ocrx_word' id='word_1_71' title='bbox 2509 1264 2646 1326; x_wconf 90' lang='lat' dir='ltr'>quo</span> <span class='ocrx_word' id='word_1_72' title='bbox 2677 1245 2926 1310; x_wconf 87' lang='lat' dir='ltr'>Patres</span> 
     </span>
     <span class='ocr_line' id='line_1_9' title="bbox 463 1353 2923 1436; baseline -0.001 -18"><span class='ocrx_word' id='word_1_73' title='bbox 463 1355 798 1419; x_wconf 86' lang='lat' dir='ltr'>Claudius</span> <span class='ocrx_word' id='word_1_74' title='bbox 820 1366 889 1418; x_wconf 92' lang='lat' dir='ltr'>et</span> <span class='ocrx_word' id='word_1_75' title='bbox 912 1357 1210 1436; x_wconf 89' lang='lat' dir='ltr'>ipsemet</span> <span class='ocrx_word' id='word_1_76' title='bbox 1236 1354 1311 1417; x_wconf 91' lang='lat' dir='ltr'>P.</span> <span class='ocrx_word' id='word_1_77' title='bbox 1339 1354 1750 1436; x_wconf 87' lang='lat' dir='ltr'>Alphonsus</span> <span class='ocrx_word' id='word_1_78' title='bbox 1787 1353 2155 1418; x_wconf 87' lang='lat' dir='ltr'>Salmeron</span> <span class='ocrx_word' id='word_1_79' title='bbox 2183 1354 2403 1417; x_wconf 85' lang='lat' dir='ltr'>habiti</span> <span class='ocrx_word' id='word_1_80' title='bbox 2435 1353 2733 1416; x_wconf 88' lang='lat' dir='ltr'>fuerant.</span> <span class='ocrx_word' id='word_1_81' title='bbox 2768 1353 2923 1431; x_wconf 90' lang='lat' dir='ltr'>Ipse</span> 
     </span>
     <span class='ocr_line' id='line_1_10' title="bbox 462 1459 2920 1541; baseline -0.001 -16"><span class='ocrx_word' id='word_1_82' title='bbox 462 1476 696 1527; x_wconf 82' lang='lat' dir='ltr'>autem</span> <span class='ocrx_word' id='word_1_83' title='bbox 724 1461 802 1525; x_wconf 92' lang='lat' dir='ltr'>P.</span> <span class='ocrx_word' id='word_1_84' title='bbox 836 1462 1205 1526; x_wconf 85' lang='lat' dir='ltr'>Salmeron</span> <span class='ocrx_word' id='word_1_85' title='bbox 1227 1462 1528 1526; x_wconf 87' lang='lat' dir='ltr'>Romam</span> <span class='ocrx_word' id='word_1_86' title='bbox 1548 1463 1815 1541; x_wconf 87' lang='lat' dir='ltr'>venire,</span> <span class='ocrx_word' id='word_1_87' title='bbox 1844 1470 1912 1524; x_wconf 88' lang='lat' dir='ltr'>et</span> <span class='ocrx_word' id='word_1_88' title='bbox 1936 1479 2183 1525; x_wconf 89' lang='lat' dir='ltr'>eorum</span> <span class='ocrx_word' id='word_1_89' title='bbox 2204 1459 2493 1524; x_wconf 91' lang='lat' dir='ltr'>Patrum</span> <span class='ocrx_word' id='word_1_90' title='bbox 2516 1460 2920 1539; x_wconf 87' lang='lat' dir='ltr'>Congrega·</span> 
     </span>
     <span class='ocr_line' id='line_1_11' title="bbox 461 1550 2922 1650; baseline -0.002 -17"><span class='ocrx_word' id='word_1_91' title='bbox 461 1572 649 1649; x_wconf 91' lang='lat' dir='ltr'>tioni,</span> <span class='ocrx_word' id='word_1_92' title='bbox 684 1588 869 1650; x_wconf 90' lang='lat' dir='ltr'>quae</span> <span class='ocrx_word' id='word_1_93' title='bbox 897 1570 1157 1633; x_wconf 89' lang='lat' dir='ltr'>ibidem</span> <span class='ocrx_word' id='word_1_94' title='bbox 1185 1550 1601 1648; x_wconf 69' lang='lat' dir='ltr'>habebatur,</span> <span class='ocrx_word' id='word_1_95' title='bbox 1627 1569 1969 1632; x_wconf 88' lang='lat' dir='ltr'>interesse</span> <span class='ocrx_word' id='word_1_96' title='bbox 2000 1568 2312 1647; x_wconf 88' lang='lat' dir='ltr'>optabat;</span> <span class='ocrx_word' id='word_1_97' title='bbox 2333 1567 2458 1630; x_wconf 92' lang='lat' dir='ltr'>sed</span> <span class='ocrx_word' id='word_1_98' title='bbox 2480 1585 2639 1630; x_wconf 91' lang='lat' dir='ltr'>cum</span> <span class='ocrx_word' id='word_1_99' title='bbox 2662 1584 2922 1646; x_wconf 87' lang='lat' dir='ltr'>magno</span> 
     </span>
     <span class='ocr_line' id='line_1_12' title="bbox 463 1674 2923 1758; baseline -0.001 -19"><span class='ocrx_word' id='word_1_100' title='bbox 463 1679 702 1740; x_wconf 88' lang='lat' dir='ltr'>labore</span> <span class='ocrx_word' id='word_1_101' title='bbox 732 1687 802 1740; x_wconf 90' lang='lat' dir='ltr'>et</span> <span class='ocrx_word' id='word_1_102' title='bbox 831 1678 1161 1758; x_wconf 85' lang='lat' dir='ltr'>expensis</span> <span class='ocrx_word' id='word_1_103' title='bbox 1190 1676 1522 1757; x_wconf 89' lang='lat' dir='ltr'>Episcopi</span> <span class='ocrx_word' id='word_1_104' title='bbox 1543 1675 1910 1739; x_wconf 90' lang='lat' dir='ltr'>Veronam</span> <span class='ocrx_word' id='word_1_105' title='bbox 1930 1675 2263 1754; x_wconf 89' lang='lat' dir='ltr'>venisset,</span> <span class='ocrx_word' id='word_1_106' title='bbox 2297 1683 2367 1736; x_wconf 87' lang='lat' dir='ltr'>et</span> <span class='ocrx_word' id='word_1_107' title='bbox 2390 1674 2556 1737; x_wconf 84' lang='lat' dir='ltr'>Divi</span> <span class='ocrx_word' id='word_1_108' title='bbox 2583 1674 2923 1737; x_wconf 88' lang='lat' dir='ltr'>Matthaei</span> 
     </span>
     <span class='ocr_line' id='line_1_13' title="bbox 463 1781 2922 1865; baseline -0.001 -18"><span class='ocrx_word' id='word_1_109' title='bbox 463 1784 929 1865; x_wconf 84' lang='lat' dir='ltr'>Evangelium</span> <span class='ocrx_word' id='word_1_110' title='bbox 958 1784 1185 1864; x_wconf 86' lang='lat' dir='ltr'>prima</span> <span class='ocrx_word' id='word_1_111' title='bbox 1208 1783 1559 1846; x_wconf 84' lang='lat' dir='ltr'>dominica</span> <span class='ocrx_word' id='word_1_112' title='bbox 1583 1781 1912 1846; x_wconf 91' lang='lat' dir='ltr'>Octobris</span> <span class='ocrx_word' id='word_1_113' title='bbox 1934 1784 2343 1863; x_wconf 88' lang='lat' dir='ltr'>praelegere</span> <span class='ocrx_word' id='word_1_114' title='bbox 2366 1781 2735 1860; x_wconf 88' lang='lat' dir='ltr'>coepisset,</span> <span class='ocrx_word' id='word_1_115' title='bbox 2762 1789 2832 1843; x_wconf 93' lang='lat' dir='ltr'>et</span> <span class='ocrx_word' id='word_1_116' title='bbox 2850 1782 2922 1844; x_wconf 91' lang='lat' dir='ltr'>in</span> 
     </span>
     <span class='ocr_line' id='line_1_14' title="bbox 464 1886 2921 1969; baseline -0.001 -16"><span class='ocrx_word' id='word_1_117' title='bbox 464 1891 763 1954; x_wconf 88' lang='lat' dir='ltr'>diversis</span> <span class='ocrx_word' id='word_1_118' title='bbox 791 1890 1236 1953; x_wconf 90' lang='lat' dir='ltr'>monasteriis</span> <span class='ocrx_word' id='word_1_119' title='bbox 1266 1890 1712 1969; x_wconf 89' lang='lat' dir='ltr'>concionari,</span> <span class='ocrx_word' id='word_1_120' title='bbox 1746 1888 1932 1969; x_wconf 91' lang='lat' dir='ltr'>quod</span> <span class='ocrx_word' id='word_1_121' title='bbox 1970 1898 2038 1952; x_wconf 90' lang='lat' dir='ltr'>et</span> <span class='ocrx_word' id='word_1_122' title='bbox 2080 1889 2152 1951; x_wconf 92' lang='lat' dir='ltr'>in</span> <span class='ocrx_word' id='word_1_123' title='bbox 2196 1886 2584 1952; x_wconf 86' lang='lat' dir='ltr'>cathedrali</span> <span class='ocrx_word' id='word_1_124' title='bbox 2622 1888 2921 1950; x_wconf 89' lang='lat' dir='ltr'>ecclesia</span> 
     </span>
     <span class='ocr_line' id='line_1_15' title="bbox 465 1994 2988 2078; baseline -0.002 -18"><span class='ocrx_word' id='word_1_125' title='bbox 465 1999 611 2078; x_wconf 91' lang='lat' dir='ltr'>ipso</span> <span class='ocrx_word' id='word_1_126' title='bbox 635 1999 708 2060; x_wconf 88' lang='lat' dir='ltr'>in</span> <span class='ocrx_word' id='word_1_127' title='bbox 731 1997 1068 2061; x_wconf 87' lang='lat' dir='ltr'>Adventu</span> <span class='ocrx_word' id='word_1_128' title='bbox 1095 1996 1410 2059; x_wconf 87' lang='lat' dir='ltr'>facturus</span> <span class='ocrx_word' id='word_1_129' title='bbox 1431 2005 1607 2075; x_wconf 90' lang='lat' dir='ltr'>erat,</span> <span class='ocrx_word' id='word_1_130' title='bbox 1633 2014 1773 2060; x_wconf 91' lang='lat' dir='ltr'>non</span> <span class='ocrx_word' id='word_1_131' title='bbox 1797 1997 2030 2060; x_wconf 85' lang='lat' dir='ltr'>visum</span> <span class='ocrx_word' id='word_1_132' title='bbox 2051 2005 2156 2058; x_wconf 90' lang='lat' dir='ltr'>est</span> <span class='ocrx_word' id='word_1_133' title='bbox 2180 1994 2510 2075; x_wconf 85' lang='lat' dir='ltr'>expedire</span> <span class='ocrx_word' id='word_1_134' title='bbox 2531 2003 2610 2057; x_wconf 92' lang='lat' dir='ltr'>ut</span> <span class='ocrx_word' id='word_1_135' title='bbox 2624 2004 2787 2057; x_wconf 88' lang='lat' dir='ltr'>ante</span> <span class='ocrx_word' id='word_1_136' title='bbox 2802 2011 2919 2057; x_wconf 90' lang='lat' dir='ltr'>na·</span> <span class='ocrx_word' id='word_1_137' title='bbox 2983 2018 2988 2023; x_wconf 91' lang='lat'><em>·</em></span> 
     </span>
     <span class='ocr_line' id='line_1_16' title="bbox 465 2100 2921 2184; baseline -0.002 -17"><span class='ocrx_word' id='word_1_138' title='bbox 465 2105 687 2167; x_wconf 90' lang='lat' dir='ltr'>talitia</span> <span class='ocrx_word' id='word_1_139' title='bbox 717 2104 898 2167; x_wconf 86' lang='lat' dir='ltr'>festa</span> <span class='ocrx_word' id='word_1_140' title='bbox 927 2113 1216 2184; x_wconf 90' lang='lat' dir='ltr'>peracta</span> <span class='ocrx_word' id='word_1_141' title='bbox 1239 2103 1526 2167; x_wconf 87' lang='lat' dir='ltr'>Verona</span> <span class='ocrx_word' id='word_1_142' title='bbox 1549 2104 1934 2182; x_wconf 90' lang='lat' dir='ltr'>recederet,</span> <span class='ocrx_word' id='word_1_143' title='bbox 1964 2119 2125 2166; x_wconf 90' lang='lat' dir='ltr'>cum</span> <span class='ocrx_word' id='word_1_144' title='bbox 2147 2100 2564 2182; x_wconf 90' lang='lat' dir='ltr'>praesertim</span> <span class='ocrx_word' id='word_1_145' title='bbox 2592 2101 2921 2181; x_wconf 88' lang='lat' dir='ltr'>frequens</span> 
     </span>
     <span class='ocr_line' id='line_1_17' title="bbox 465 2207 2916 2289; baseline -0.001 -16"><span class='ocrx_word' id='word_1_146' title='bbox 465 2211 843 2275; x_wconf 87' lang='lat' dir='ltr'>admodum</span> <span class='ocrx_word' id='word_1_147' title='bbox 873 2210 1304 2273; x_wconf 88' lang='lat' dir='ltr'>auditorium</span> <span class='ocrx_word' id='word_1_148' title='bbox 1331 2227 1592 2289; x_wconf 87' lang='lat' dir='ltr'>magna</span> <span class='ocrx_word' id='word_1_149' title='bbox 1624 2227 1785 2272; x_wconf 88' lang='lat' dir='ltr'>cum</span> <span class='ocrx_word' id='word_1_150' title='bbox 1816 2210 2203 2272; x_wconf 91' lang='lat' dir='ltr'>attentione</span> <span class='ocrx_word' id='word_1_151' title='bbox 2233 2218 2337 2286; x_wconf 91' lang='lat' dir='ltr'>et,</span> <span class='ocrx_word' id='word_1_152' title='bbox 2372 2216 2447 2270; x_wconf 92' lang='lat' dir='ltr'>ut</span> <span class='ocrx_word' id='word_1_153' title='bbox 2478 2207 2916 2287; x_wconf 89' lang='lat' dir='ltr'>sperabatur,</span> 
     </span>
     <span class='ocr_line' id='line_1_18' title="bbox 464 2313 2921 2396; baseline -0.002 -16"><span class='ocrx_word' id='word_1_154' title='bbox 464 2318 692 2380; x_wconf 81' lang='lat' dir='ltr'>fructu</span> <span class='ocrx_word' id='word_1_155' title='bbox 720 2318 956 2395; x_wconf 90' lang='lat' dir='ltr'>ipsum</span> <span class='ocrx_word' id='word_1_156' title='bbox 983 2316 1279 2395; x_wconf 90' lang='lat' dir='ltr'>audiret,</span> <span class='ocrx_word' id='word_1_157' title='bbox 1316 2334 1614 2396; x_wconf 91' lang='lat' dir='ltr'>cumque</span> <span class='ocrx_word' id='word_1_158' title='bbox 1654 2315 1806 2396; x_wconf 87' lang='lat' dir='ltr'>ejus</span> <span class='ocrx_word' id='word_1_159' title='bbox 1836 2334 2053 2396; x_wconf 89' lang='lat' dir='ltr'>opera</span> <span class='ocrx_word' id='word_1_160' title='bbox 2099 2316 2495 2395; x_wconf 87' lang='lat' dir='ltr'>Episcopus</span> <span class='ocrx_word' id='word_1_161' title='bbox 2533 2314 2605 2376; x_wconf 91' lang='lat' dir='ltr'>in</span> <span class='ocrx_word' id='word_1_162' title='bbox 2645 2313 2921 2393; x_wconf 91' lang='lat' dir='ltr'>quibus-</span> 
     </span>
     <span class='ocr_line' id='line_1_19' title="bbox 462 2419 2922 2503; baseline -0.001 -18"><span class='ocrx_word' id='word_1_163' title='bbox 462 2424 620 2487; x_wconf 89' lang='lat' dir='ltr'>dam</span> <span class='ocrx_word' id='word_1_164' title='bbox 672 2424 868 2487; x_wconf 90' lang='lat' dir='ltr'>libris</span> <span class='ocrx_word' id='word_1_165' title='bbox 916 2422 1262 2502; x_wconf 81' lang='lat' dir='ltr'>videndiS,</span> <span class='ocrx_word' id='word_1_166' title='bbox 1320 2441 1495 2503; x_wconf 91' lang='lat' dir='ltr'>quos</span> <span class='ocrx_word' id='word_1_167' title='bbox 1543 2422 1861 2486; x_wconf 89' lang='lat' dir='ltr'>editurus</span> <span class='ocrx_word' id='word_1_168' title='bbox 1909 2432 2085 2501; x_wconf 88' lang='lat' dir='ltr'>erat,</span> <span class='ocrx_word' id='word_1_169' title='bbox 2140 2431 2476 2485; x_wconf 90' lang='lat' dir='ltr'>uteretur.</span> <span class='ocrx_word' id='word_1_170' title='bbox 2525 2419 2694 2483; x_wconf 90' lang='lat' dir='ltr'>Post</span> <span class='ocrx_word' id='word_1_171' title='bbox 2740 2419 2922 2483; x_wconf 85' lang='lat' dir='ltr'>festa</span> 
     </span>
     <span class='ocr_line' id='line_1_20' title="bbox 461 2526 2931 2610; baseline -0.002 -17"><span class='ocrx_word' id='word_1_172' title='bbox 461 2544 695 2594; x_wconf 83' lang='lat' dir='ltr'>autem</span> <span class='ocrx_word' id='word_1_173' title='bbox 722 2531 1046 2594; x_wconf 76' lang='lat' dir='ltr'>natalitia</span> <span class='ocrx_word' id='word_1_174' title='bbox 1086 2530 1480 2610; x_wconf 89' lang='lat' dir='ltr'>Episcopus</span> <span class='ocrx_word' id='word_1_175' title='bbox 1518 2529 1818 2593; x_wconf 91' lang='lat' dir='ltr'>Romam</span> <span class='ocrx_word' id='word_1_176' title='bbox 1860 2528 2211 2609; x_wconf 84' lang='lat' dir='ltr'>veniendi,</span> <span class='ocrx_word' id='word_1_177' title='bbox 2256 2546 2416 2591; x_wconf 91' lang='lat' dir='ltr'>cum</span> <span class='ocrx_word' id='word_1_178' title='bbox 2454 2526 2931 2608; x_wconf 87' lang='lat' dir='ltr'>promissione</span> 
     </span>
     <span class='ocr_line' id='line_1_21' title="bbox 465 2635 2160 2718; baseline -0.001 -17"><span class='ocrx_word' id='word_1_179' title='bbox 465 2650 698 2701; x_wconf 88' lang='lat' dir='ltr'>tamen</span> <span class='ocrx_word' id='word_1_180' title='bbox 728 2638 1092 2718; x_wconf 90' lang='lat' dir='ltr'>redeundi,</span> <span class='ocrx_word' id='word_1_181' title='bbox 1126 2636 1538 2700; x_wconf 90' lang='lat' dir='ltr'>facultatem</span> <span class='ocrx_word' id='word_1_182' title='bbox 1568 2636 1863 2700; x_wconf 90' lang='lat' dir='ltr'>libenter</span> <span class='ocrx_word' id='word_1_183' title='bbox 1896 2636 2086 2700; x_wconf 90' lang='lat' dir='ltr'>dedit</span> <span class='ocrx_word' id='word_1_184' title='bbox 2121 2635 2160 2698; x_wconf 91' lang='lat'>¹.</span> 
     </span>
    </p>

    <p class='ocr_par' dir='ltr' id='par_1_3' title="bbox 453 2744 2922 3682">
     <span class='ocr_line' id='line_1_22' title="bbox 581 2744 2917 2824; baseline 0 -16"><span class='ocrx_word' id='word_1_185' title='bbox 581 2747 717 2808; x_wconf 85' lang='lat'><strong>151.</strong></span> <span class='ocrx_word' id='word_1_186' title='bbox 806 2745 881 2808; x_wconf 91' lang='grc' dir='ltr'>Ρ.</span> <span class='ocrx_word' id='word_1_187' title='bbox 918 2745 1169 2808; x_wconf 90' lang='lat' dir='ltr'>Petrus</span> <span class='ocrx_word' id='word_1_188' title='bbox 1199 2745 1557 2824; x_wconf 81' lang='lat' dir='ltr'>CanisiuS,</span> <span class='ocrx_word' id='word_1_189' title='bbox 1590 2744 1850 2808; x_wconf 90' lang='lat' dir='ltr'>Rector</span> <span class='ocrx_word' id='word_1_190' title='bbox 1880 2745 2381 2808; x_wconf 89' lang='lat' dir='ltr'>Universitatis</span> <span class='ocrx_word' id='word_1_191' title='bbox 2408 2746 2917 2824; x_wconf 88' lang='lat' dir='ltr'>Ingolstadien-</span> 
     </span>
     <span class='ocr_line' id='line_1_23' title="bbox 458 2852 2918 2934; baseline -0.001 -17"><span class='ocrx_word' id='word_1_192' title='bbox 458 2856 552 2917; x_wconf 86' lang='lat' dir='ltr'>sis</span> <span class='ocrx_word' id='word_1_193' title='bbox 579 2863 869 2916; x_wconf 92' lang='lat' dir='ltr'>creatus</span> <span class='ocrx_word' id='word_1_194' title='bbox 898 2863 1025 2931; x_wconf 90' lang='lat' dir='ltr'>est;</span> <span class='ocrx_word' id='word_1_195' title='bbox 1060 2853 1179 2934; x_wconf 90' lang='lat' dir='ltr'>qui</span> <span class='ocrx_word' id='word_1_196' title='bbox 1208 2853 1455 2916; x_wconf 91' lang='lat' dir='ltr'>diebus</span> <span class='ocrx_word' id='word_1_197' title='bbox 1484 2852 1682 2916; x_wconf 87' lang='lat' dir='ltr'>festis</span> <span class='ocrx_word' id='word_1_198' title='bbox 1714 2871 1873 2916; x_wconf 90' lang='lat' dir='ltr'>cum</span> <span class='ocrx_word' id='word_1_199' title='bbox 1901 2855 2162 2932; x_wconf 90' lang='lat' dir='ltr'>populo</span> <span class='ocrx_word' id='word_1_200' title='bbox 2194 2853 2764 2932; x_wconf 82' lang='lat' dir='ltr'>concionaretur,</span> <span class='ocrx_word' id='word_1_201' title='bbox 2807 2870 2918 2916; x_wconf 92' lang='lat' dir='ltr'>oc-</span> 
     </span>
     <span class='ocr_line' id='line_1_24' title="bbox 457 2959 2920 3055; baseline -0.001 -31"><span class='ocrx_word' id='word_1_202' title='bbox 457 2963 819 3024; x_wconf 88' lang='lat' dir='ltr'>casionem</span> <span class='ocrx_word' id='word_1_203' title='bbox 867 2961 1081 3023; x_wconf 89' lang='lat' dir='ltr'>etiam</span> <span class='ocrx_word' id='word_1_204' title='bbox 1128 2960 1526 3039; x_wconf 91' lang='lat' dir='ltr'>reperiebat</span> <span class='ocrx_word' id='word_1_205' title='bbox 1577 2960 2003 3022; x_wconf 88' lang='lat' dir='ltr'>admonendi</span> <span class='ocrx_word' id='word_1_206' title='bbox 2054 2960 2439 3037; x_wconf 91' lang='lat' dir='ltr'>studiosos,</span> <span class='ocrx_word' id='word_1_207' title='bbox 2494 2968 2564 3023; x_wconf 91' lang='lat' dir='ltr'>et</span> <span class='ocrx_word' id='word_1_208' title='bbox 2614 2978 2742 3055; x_wconf 75' lang='lat' dir='ltr'>pro</span> <span class='ocrx_word' id='word_1_209' title='bbox 2790 2959 2920 3022; x_wconf 91' lang='lat' dir='ltr'>Re·</span> 
     </span>
     <span class='ocr_line' id='line_1_25' title="bbox 458 3065 2922 3147; baseline -0.001 -16"><span class='ocrx_word' id='word_1_210' title='bbox 458 3069 675 3131; x_wconf 88' lang='lat' dir='ltr'>ctoris</span> <span class='ocrx_word' id='word_1_211' title='bbox 735 3067 963 3130; x_wconf 86' lang='lat' dir='ltr'>officio</span> <span class='ocrx_word' id='word_1_212' title='bbox 1022 3066 1454 3147; x_wconf 90' lang='lat' dir='ltr'>increpandi.</span> <span class='ocrx_word' id='word_1_213' title='bbox 1520 3065 2006 3145; x_wconf 90' lang='lat' dir='ltr'>Componebat</span> <span class='ocrx_word' id='word_1_214' title='bbox 2064 3067 2278 3129; x_wconf 88' lang='lat' dir='ltr'>etiam</span> <span class='ocrx_word' id='word_1_215' title='bbox 2331 3066 2488 3129; x_wconf 89' lang='lat' dir='ltr'>lites</span> <span class='ocrx_word' id='word_1_216' title='bbox 2543 3083 2788 3129; x_wconf 87' lang='lat' dir='ltr'>eorum</span> <span class='ocrx_word' id='word_1_217' title='bbox 2834 3084 2922 3128; x_wconf 89' lang='lat' dir='ltr'>ac</span> 
     </span>
     <span class='ocr_line' id='line_1_26' title="bbox 458 3171 2914 3254; baseline -0.001 -17"><span class='ocrx_word' id='word_1_218' title='bbox 458 3175 967 3252; x_wconf 79' lang='lat' dir='ltr'>contentiOSOS,</span> <span class='ocrx_word' id='word_1_219' title='bbox 1000 3184 1436 3254; x_wconf 87' lang='lat' dir='ltr'>pugnantes,</span> <span class='ocrx_word' id='word_1_220' title='bbox 1481 3173 1800 3236; x_wconf 88' lang='lat' dir='ltr'>ebriosos</span> <span class='ocrx_word' id='word_1_221' title='bbox 1839 3173 2212 3236; x_wconf 69' lang='lat' dir='ltr'>coercebat</span> <span class='ocrx_word' id='word_1_222' title='bbox 2252 3189 2368 3252; x_wconf 87' lang='lat' dir='ltr'>ae,</span> <span class='ocrx_word' id='word_1_223' title='bbox 2415 3172 2568 3235; x_wconf 91' lang='lat' dir='ltr'>Deo</span> <span class='ocrx_word' id='word_1_224' title='bbox 2600 3171 2914 3252; x_wconf 85' lang='lat' dir='ltr'>juvante,</span> 
     </span>
     <span class='ocr_line' id='line_1_27' title="bbox 457 3279 2919 3358; baseline -0.001 -15"><span class='ocrx_word' id='word_1_225' title='bbox 457 3281 761 3344; x_wconf 88' lang='lat' dir='ltr'>officium</span> <span class='ocrx_word' id='word_1_226' title='bbox 800 3281 967 3344; x_wconf 92' lang='lat' dir='ltr'>illud</span> <span class='ocrx_word' id='word_1_227' title='bbox 1008 3281 1098 3344; x_wconf 89' lang='lat' dir='ltr'>ad</span> <span class='ocrx_word' id='word_1_228' title='bbox 1137 3282 1515 3343; x_wconf 90' lang='lat' dir='ltr'>multorum</span> <span class='ocrx_word' id='word_1_229' title='bbox 1552 3280 1926 3342; x_wconf 88' lang='lat' dir='ltr'>utilitatem</span> <span class='ocrx_word' id='word_1_230' title='bbox 1976 3279 2468 3358; x_wconf 80' lang='lat' dir='ltr'>convertebat3</span> <span class='ocrx_word' id='word_1_231' title='bbox 2511 3280 2695 3343; x_wconf 91' lang='lat' dir='ltr'>unde</span> <span class='ocrx_word' id='word_1_232' title='bbox 2738 3280 2919 3342; x_wconf 88' lang='lat' dir='ltr'>inter</span> 
     </span>
     <span class='ocr_line' id='line_1_28' title="bbox 454 3386 2914 3468; baseline -0 -18"><span class='ocrx_word' id='word_1_233' title='bbox 454 3389 807 3452; x_wconf 88' lang='lat' dir='ltr'>studiosos</span> <span class='ocrx_word' id='word_1_234' title='bbox 858 3388 1083 3468; x_wconf 89' lang='lat' dir='ltr'>major</span> <span class='ocrx_word' id='word_1_235' title='bbox 1131 3387 1476 3450; x_wconf 90' lang='lat' dir='ltr'>modestia</span> <span class='ocrx_word' id='word_1_236' title='bbox 1526 3404 1613 3450; x_wconf 91' lang='lat' dir='ltr'>ac</span> <span class='ocrx_word' id='word_1_237' title='bbox 1657 3386 2027 3466; x_wconf 90' lang='lat' dir='ltr'>disciplina</span> <span class='ocrx_word' id='word_1_238' title='bbox 2077 3387 2339 3450; x_wconf 90' lang='lat' dir='ltr'>rectior</span> <span class='ocrx_word' id='word_1_239' title='bbox 2377 3387 2623 3450; x_wconf 88' lang='lat' dir='ltr'>haberi</span> <span class='ocrx_word' id='word_1_240' title='bbox 2661 3387 2914 3467; x_wconf 91' lang='lat' dir='ltr'>coepit,</span> 
     </span>
     <span class='ocr_line' id='line_1_29' title="bbox 460 3491 2917 3575; baseline -0 -18"><span class='ocrx_word' id='word_1_241' title='bbox 460 3496 646 3575; x_wconf 90' lang='lat' dir='ltr'>quod</span> <span class='ocrx_word' id='word_1_242' title='bbox 672 3495 1052 3559; x_wconf 90' lang='lat' dir='ltr'>Eistetensi</span> <span class='ocrx_word' id='word_1_243' title='bbox 1101 3495 1436 3575; x_wconf 90' lang='lat' dir='ltr'>episcopo</span> <span class='ocrx_word' id='word_1_244' title='bbox 1467 3502 1536 3556; x_wconf 90' lang='lat' dir='ltr'>et</span> <span class='ocrx_word' id='word_1_245' title='bbox 1563 3491 2150 3574; x_wconf 89' lang='lat' dir='ltr'>Ingolstadiensis</span> <span class='ocrx_word' id='word_1_246' title='bbox 2181 3494 2613 3557; x_wconf 87' lang='lat' dir='ltr'>Academiae</span> <span class='ocrx_word' id='word_1_247' title='bbox 2645 3496 2917 3556; x_wconf 89' lang='lat' dir='ltr'>cancel-</span> 
     </span>
     <span class='ocr_line' id='line_1_30' title="bbox 453 3600 2917 3682; baseline 0 -18"><span class='ocrx_word' id='word_1_248' title='bbox 453 3602 626 3664; x_wconf 86' lang='lat' dir='ltr'>lario</span> <span class='ocrx_word' id='word_1_249' title='bbox 671 3611 1087 3682; x_wconf 84' lang='lat' dir='ltr'>pergratum</span> <span class='ocrx_word' id='word_1_250' title='bbox 1129 3600 1288 3679; x_wconf 90' lang='lat' dir='ltr'>fuit,</span> <span class='ocrx_word' id='word_1_251' title='bbox 1331 3601 1444 3663; x_wconf 91' lang='lat' dir='ltr'>cui</span> <span class='ocrx_word' id='word_1_252' title='bbox 1483 3618 1834 3665; x_wconf 91' lang='lat' dir='ltr'>summam</span> <span class='ocrx_word' id='word_1_253' title='bbox 1886 3601 2266 3681; x_wconf 90' lang='lat' dir='ltr'>quamdam</span> <span class='ocrx_word' id='word_1_254' title='bbox 2302 3600 2917 3664; x_wconf 89' lang='lat' dir='ltr'>reformandorum</span> 
     </span>
    </p>
   </div>
   <div class='ocr_carea' id='block_1_3' title="bbox 435 3841 2934 4753">
    <p class='ocr_par' dir='ltr' id='par_1_4' title="bbox 435 3841 2934 4753">
     <span class='ocr_line' id='line_1_31' title="bbox 529 3841 2913 3897; baseline -0 -11"><span class='ocrx_word' id='word_1_255' title='bbox 529 3846 544 3875; x_wconf 83' lang='lat'>¹</span> <span class='ocrx_word' id='word_1_256' title='bbox 602 3842 885 3892; x_wconf 82' lang='lat' dir='ltr'>Polancus,</span> <span class='ocrx_word' id='word_1_257' title='bbox 922 3853 987 3885; x_wconf 79' lang='lat' dir='ltr'>ex</span> <span class='ocrx_word' id='word_1_258' title='bbox 1022 3842 1424 3894; x_wconf 78' lang='lat' dir='ltr'>commissione,</span> <span class='ocrx_word' id='word_1_259' title='bbox 1458 3841 1603 3885; x_wconf 87' lang='lat' dir='ltr'>Patri</span> <span class='ocrx_word' id='word_1_260' title='bbox 1645 3842 1910 3896; x_wconf 82' lang='lat' dir='ltr'>Alphonso</span> <span class='ocrx_word' id='word_1_261' title='bbox 1942 3842 2245 3897; x_wconf 88' lang='lat' dir='ltr'>Salmeroni,</span> <span class='ocrx_word' id='word_1_262' title='bbox 2277 3851 2334 3885; x_wconf 87' lang='lat' dir='ltr'>ut</span> <span class='ocrx_word' id='word_1_263' title='bbox 2365 3842 2625 3896; x_wconf 85' lang='lat' dir='ltr'>patienter</span> <span class='ocrx_word' id='word_1_264' title='bbox 2645 3843 2781 3886; x_wconf 83' lang='lat' dir='ltr'>serat</span> <span class='ocrx_word' id='word_1_265' title='bbox 2813 3854 2913 3885; x_wconf 88' lang='lat' dir='ltr'>non</span> 
     </span>
     <span class='ocr_line' id='line_1_32' title="bbox 450 3913 2908 3969; baseline 0 -11"><span class='ocrx_word' id='word_1_266' title='bbox 450 3927 500 3958; x_wconf 82' lang='lat' dir='ltr'>se</span> <span class='ocrx_word' id='word_1_267' title='bbox 523 3923 632 3958; x_wconf 74' lang='lat' dir='ltr'>tam</span> <span class='ocrx_word' id='word_1_268' title='bbox 652 3915 758 3958; x_wconf 84' lang='lat' dir='ltr'>cito</span> <span class='ocrx_word' id='word_1_269' title='bbox 776 3925 838 3958; x_wconf 86' lang='lat' dir='ltr'>ac</span> <span class='ocrx_word' id='word_1_270' title='bbox 862 3913 1004 3969; x_wconf 86' lang='lat' dir='ltr'>cupit</span> <span class='ocrx_word' id='word_1_271' title='bbox 1025 3924 1056 3957; x_wconf 85' lang='lat' dir='ltr'>a</span> <span class='ocrx_word' id='word_1_272' title='bbox 1078 3913 1357 3957; x_wconf 81' lang='lat' dir='ltr'>Germania</span> <span class='ocrx_word' id='word_1_273' title='bbox 1379 3915 1616 3968; x_wconf 88' lang='lat' dir='ltr'>evocari,</span> <span class='ocrx_word' id='word_1_274' title='bbox 1638 3914 1728 3957; x_wconf 86' lang='lat' dir='ltr'>sed</span> <span class='ocrx_word' id='word_1_275' title='bbox 1751 3926 1812 3957; x_wconf 89' lang='lat' dir='ltr'>ne</span> <span class='ocrx_word' id='word_1_276' title='bbox 1834 3915 2071 3969; x_wconf 83' lang='lat' dir='ltr'>desperet</span> <span class='ocrx_word' id='word_1_277' title='bbox 2087 3947 2097 3967; x_wconf 89' lang='lat'>,</span> <span class='ocrx_word' id='word_1_278' title='bbox 2121 3916 2240 3969; x_wconf 86' lang='lat' dir='ltr'>quia</span> <span class='ocrx_word' id='word_1_279' title='bbox 2262 3915 2348 3958; x_wconf 86' lang='lat' dir='ltr'>vel</span> <span class='ocrx_word' id='word_1_280' title='bbox 2366 3919 2580 3968; x_wconf 87' lang='lat' dir='ltr'>propter</span> <span class='ocrx_word' id='word_1_281' title='bbox 2601 3913 2908 3965; x_wconf 78' lang='lat' dir='ltr'>jubilaeum,</span> 
     </span>
     <span class='ocr_line' id='line_1_33' title="bbox 448 3985 2911 4040; baseline 0.001 -13"><span class='ocrx_word' id='word_1_282' title='bbox 448 3989 530 4029; x_wconf 75' lang='lat' dir='ltr'>vel</span> <span class='ocrx_word' id='word_1_283' title='bbox 549 3992 766 4040; x_wconf 87' lang='lat' dir='ltr'>propter</span> <span class='ocrx_word' id='word_1_284' title='bbox 786 3986 1071 4040; x_wconf 85' lang='lat' dir='ltr'>capitulum</span> <span class='ocrx_word' id='word_1_285' title='bbox 1092 3986 1390 4040; x_wconf 86' lang='lat' dir='ltr'>(primorum</span> <span class='ocrx_word' id='word_1_286' title='bbox 1411 3985 1626 4030; x_wconf 82' lang='lat' dir='ltr'>Patrum</span> <span class='ocrx_word' id='word_1_287' title='bbox 1645 3986 1711 4029; x_wconf 86' lang='lat' dir='ltr'>ad</span> <span class='ocrx_word' id='word_1_288' title='bbox 1733 3987 2095 4040; x_wconf 81' lang='lat' dir='ltr'>approbandas</span> <span class='ocrx_word' id='word_1_289' title='bbox 2115 3985 2538 4040; x_wconf 79' lang='lat' dir='ltr'>constitutiones,</span> <span class='ocrx_word' id='word_1_290' title='bbox 2560 3992 2675 4035; x_wconf 80' lang='lat' dir='ltr'>etc..</span> <span class='ocrx_word' id='word_1_291' title='bbox 2696 3997 2911 4038; x_wconf 79' lang='lat' dir='ltr'>congre·</span> 
     </span>
     <span class='ocr_line' id='line_1_34' title="bbox 447 4057 2907 4112; baseline -0 -12"><span class='ocrx_word' id='word_1_292' title='bbox 447 4061 742 4112; x_wconf 61' lang='lat' dir='ltr'>(ationem).</span> <span class='ocrx_word' id='word_1_293' title='bbox 763 4060 852 4102; x_wconf 86' lang='lat' dir='ltr'>vel</span> <span class='ocrx_word' id='word_1_294' title='bbox 870 4057 1081 4101; x_wconf 85' lang='lat' dir='ltr'>tandem</span> <span class='ocrx_word' id='word_1_295' title='bbox 1101 4065 1315 4111; x_wconf 90' lang='lat' dir='ltr'>propter</span> <span class='ocrx_word' id='word_1_296' title='bbox 1335 4057 1617 4101; x_wconf 86' lang='lat' dir='ltr'>Concilium</span> <span class='ocrx_word' id='word_1_297' title='bbox 1651 4069 1769 4112; x_wconf 77' lang='lat' dir='ltr'>spes</span> <span class='ocrx_word' id='word_1_298' title='bbox 1804 4066 1883 4101; x_wconf 81' lang='lat' dir='ltr'>est</span> <span class='ocrx_word' id='word_1_299' title='bbox 1918 4058 2026 4100; x_wconf 85' lang='lat' dir='ltr'>fore</span> <span class='ocrx_word' id='word_1_300' title='bbox 2061 4065 2117 4101; x_wconf 89' lang='lat' dir='ltr'>ut</span> <span class='ocrx_word' id='word_1_301' title='bbox 2151 4065 2416 4111; x_wconf 86' lang='lat' dir='ltr'>evocetur,</span> <span class='ocrx_word' id='word_1_302' title='bbox 2450 4059 2505 4101; x_wconf 84' lang='lat'>23</span> <span class='ocrx_word' id='word_1_303' title='bbox 2537 4057 2736 4111; x_wconf 84' lang='lat' dir='ltr'>Martii;</span> <span class='ocrx_word' id='word_1_304' title='bbox 2774 4058 2907 4100; x_wconf 86' lang='lat' dir='ltr'>idem</span> 
     </span>
     <span class='ocr_line' id='line_1_35' title="bbox 445 4126 2906 4182; baseline 0.001 -12"><span class='ocrx_word' id='word_1_305' title='bbox 445 4129 626 4181; x_wconf 85' lang='lat' dir='ltr'>eidem,</span> <span class='ocrx_word' id='word_1_306' title='bbox 649 4129 762 4172; x_wconf 78' lang='lat' dir='ltr'>sore</span> <span class='ocrx_word' id='word_1_307' title='bbox 782 4135 841 4171; x_wconf 82' lang='lat' dir='ltr'>ut</span> <span class='ocrx_word' id='word_1_308' title='bbox 860 4139 1033 4171; x_wconf 81' lang='lat' dir='ltr'>mense</span> <span class='ocrx_word' id='word_1_309' title='bbox 1056 4126 1266 4171; x_wconf 87' lang='lat' dir='ltr'>Octobri</span> <span class='ocrx_word' id='word_1_310' title='bbox 1287 4128 1503 4172; x_wconf 83' lang='lat' dir='ltr'>Romam</span> <span class='ocrx_word' id='word_1_311' title='bbox 1523 4129 1701 4172; x_wconf 81' lang='lat' dir='ltr'>venire</span> <span class='ocrx_word' id='word_1_312' title='bbox 1725 4129 1927 4182; x_wconf 87' lang='lat' dir='ltr'>debeat,</span> <span class='ocrx_word' id='word_1_313' title='bbox 1960 4130 2011 4172; x_wconf 83' lang='lat'>17</span> <span class='ocrx_word' id='word_1_314' title='bbox 2043 4128 2190 4182; x_wconf 58' lang='grc' dir='ltr'>Μαίη</span> <span class='ocrx_word' id='word_1_315' title='bbox 2211 4129 2392 4181; x_wconf 86' lang='lat' dir='ltr'>eidem,</span> <span class='ocrx_word' id='word_1_316' title='bbox 2414 4129 2476 4173; x_wconf 86' lang='lat' dir='ltr'>de</span> <span class='ocrx_word' id='word_1_317' title='bbox 2498 4128 2607 4182; x_wconf 83' lang='lat' dir='ltr'>ejus</span> <span class='ocrx_word' id='word_1_318' title='bbox 2626 4129 2677 4172; x_wconf 88' lang='lat' dir='ltr'>in</span> <span class='ocrx_word' id='word_1_319' title='bbox 2698 4127 2906 4172; x_wconf 84' lang='lat' dir='ltr'>Italiam</span> 
     </span>
     <span class='ocr_line' id='line_1_36' title="bbox 445 4198 2934 4254; baseline -0 -12"><span class='ocrx_word' id='word_1_320' title='bbox 445 4200 612 4243; x_wconf 87' lang='lat' dir='ltr'>reditu</span> <span class='ocrx_word' id='word_1_321' title='bbox 633 4206 757 4243; x_wconf 87' lang='lat' dir='ltr'>ante</span> <span class='ocrx_word' id='word_1_322' title='bbox 776 4198 1032 4254; x_wconf 84' lang='lat' dir='ltr'>hyemem,</span> <span class='ocrx_word' id='word_1_323' title='bbox 1054 4198 1203 4252; x_wconf 88' lang='lat' dir='ltr'>quod,</span> <span class='ocrx_word' id='word_1_324' title='bbox 1224 4203 1282 4242; x_wconf 88' lang='lat' dir='ltr'>ut</span> <span class='ocrx_word' id='word_1_325' title='bbox 1303 4199 1412 4242; x_wconf 83' lang='lat' dir='ltr'>sine</span> <span class='ocrx_word' id='word_1_326' title='bbox 1432 4199 1919 4253; x_wconf 78' lang='lat' dir='ltr'>Ingolstadiensium</span> <span class='ocrx_word' id='word_1_327' title='bbox 1940 4200 2217 4244; x_wconf 73' lang='lat' dir='ltr'>offensione</span> <span class='ocrx_word' id='word_1_328' title='bbox 2239 4199 2329 4243; x_wconf 84' lang='lat' dir='ltr'>fiat</span> <span class='ocrx_word' id='word_1_329' title='bbox 2345 4233 2355 4253; x_wconf 95' lang='lat'>,</span> <span class='ocrx_word' id='word_1_330' title='bbox 2378 4205 2644 4254; x_wconf 86' lang='lat' dir='ltr'>oporteret</span> <span class='ocrx_word' id='word_1_331' title='bbox 2662 4206 2719 4243; x_wconf 88' lang='lat' dir='ltr'>ut</span> <span class='ocrx_word' id='word_1_332' title='bbox 2739 4200 2905 4252; x_wconf 85' lang='lat' dir='ltr'>ipsum</span> <span class='ocrx_word' id='word_1_333' title='bbox 2928 4232 2934 4240; x_wconf 88' lang='lat'><strong>.</strong></span> 
     </span>
     <span class='ocr_line' id='line_1_37' title="bbox 446 4268 2908 4328; baseline -0 -14"><span class='ocrx_word' id='word_1_334' title='bbox 446 4271 760 4324; x_wconf 84' lang='lat' dir='ltr'>Lipomanus</span> <span class='ocrx_word' id='word_1_335' title='bbox 779 4269 1009 4312; x_wconf 78' lang='lat' dir='ltr'>Nuncius</span> <span class='ocrx_word' id='word_1_336' title='bbox 1029 4280 1061 4312; x_wconf 82' lang='lat' dir='ltr'>a</span> <span class='ocrx_word' id='word_1_337' title='bbox 1083 4268 1329 4313; x_wconf 83' lang='lat' dir='ltr'>Pontifice</span> <span class='ocrx_word' id='word_1_338' title='bbox 1364 4270 1625 4324; x_wconf 86' lang='lat' dir='ltr'>impetret,</span> <span class='ocrx_word' id='word_1_339' title='bbox 1654 4272 1703 4313; x_wconf 87' lang='lat'>31</span> <span class='ocrx_word' id='word_1_340' title='bbox 1737 4271 1874 4326; x_wconf 87' lang='lat' dir='ltr'>Maii;</span> <span class='ocrx_word' id='word_1_341' title='bbox 1898 4271 2132 4325; x_wconf 75' lang='lat' dir='ltr'>Ignatius</span> <span class='ocrx_word' id='word_1_342' title='bbox 2161 4270 2357 4314; x_wconf 84' lang='lat' dir='ltr'>Nuncio</span> <span class='ocrx_word' id='word_1_343' title='bbox 2386 4271 2600 4328; x_wconf 80' lang='lat' dir='ltr'>Aloysio</span> <span class='ocrx_word' id='word_1_344' title='bbox 2618 4270 2908 4325; x_wconf 83' lang='lat' dir='ltr'>Lipomano</span> 
     </span>
     <span class='ocr_line' id='line_1_38' title="bbox 440 4340 2907 4396; baseline 0 -10"><span class='ocrx_word' id='word_1_345' title='bbox 440 4345 501 4387; x_wconf 83' lang='lat' dir='ltr'>de</span> <span class='ocrx_word' id='word_1_346' title='bbox 519 4342 821 4387; x_wconf 82' lang='lat' dir='ltr'>Salmerone</span> <span class='ocrx_word' id='word_1_347' title='bbox 843 4341 1107 4385; x_wconf 85' lang='lat' dir='ltr'>Veronam</span> <span class='ocrx_word' id='word_1_348' title='bbox 1123 4352 1148 4384; x_wconf 87' lang='lat' dir='ltr'>e</span> <span class='ocrx_word' id='word_1_349' title='bbox 1166 4340 1446 4385; x_wconf 75' lang='lat' dir='ltr'>Germania</span> <span class='ocrx_word' id='word_1_350' title='bbox 1466 4342 1727 4387; x_wconf 84' lang='lat' dir='ltr'>Pontificis</span> <span class='ocrx_word' id='word_1_351' title='bbox 1748 4343 2062 4388; x_wconf 87' lang='lat' dir='ltr'>auctoritate</span> <span class='ocrx_word' id='word_1_352' title='bbox 2085 4343 2366 4396; x_wconf 82' lang='lat' dir='ltr'>evocando,</span> <span class='ocrx_word' id='word_1_353' title='bbox 2390 4342 2568 4386; x_wconf 86' lang='lat' dir='ltr'>eadem</span> <span class='ocrx_word' id='word_1_354' title='bbox 2589 4342 2696 4396; x_wconf 80' lang='lat' dir='ltr'>die3</span> <span class='ocrx_word' id='word_1_355' title='bbox 2719 4342 2907 4386; x_wconf 84' lang='lat' dir='ltr'>Polan·</span> 
     </span>
     <span class='ocr_line' id='line_1_39' title="bbox 440 4412 2904 4473; baseline 0 -14"><span class='ocrx_word' id='word_1_356' title='bbox 440 4428 526 4459; x_wconf 81' lang='lat' dir='ltr'>cus</span> <span class='ocrx_word' id='word_1_357' title='bbox 549 4416 698 4459; x_wconf 83' lang='lat' dir='ltr'>Patri</span> <span class='ocrx_word' id='word_1_358' title='bbox 717 4412 1027 4461; x_wconf 82' lang='lat' dir='ltr'>Salmeroni.</span> <span class='ocrx_word' id='word_1_359' title='bbox 1045 4424 1253 4457; x_wconf 81' lang='lat' dir='ltr'>necesse</span> <span class='ocrx_word' id='word_1_360' title='bbox 1287 4425 1400 4457; x_wconf 80' lang='lat' dir='ltr'>esse</span> <span class='ocrx_word' id='word_1_361' title='bbox 1436 4421 1492 4458; x_wconf 88' lang='lat' dir='ltr'>ut</span> <span class='ocrx_word' id='word_1_362' title='bbox 1528 4415 1572 4458; x_wconf 93' lang='lat' dir='ltr'>N</span> <span class='ocrx_word' id='word_1_363' title='bbox 1577 4417 1755 4468; x_wconf 78' lang='lat' dir='ltr'>uncins</span> <span class='ocrx_word' id='word_1_364' title='bbox 1790 4417 2037 4473; x_wconf 81' lang='lat' dir='ltr'>Aloysius</span> <span class='ocrx_word' id='word_1_365' title='bbox 2069 4414 2384 4470; x_wconf 75' lang='lat' dir='ltr'>Lipomanus</span> <span class='ocrx_word' id='word_1_366' title='bbox 2421 4415 2651 4459; x_wconf 83' lang='lat' dir='ltr'>Pontifici</span> <span class='ocrx_word' id='word_1_367' title='bbox 2687 4416 2904 4468; x_wconf 80' lang='lat' dir='ltr'>scribat:</span> 
     </span>
     <span class='ocr_line' id='line_1_40' title="bbox 439 4484 2903 4542; baseline 0.001 -13"><span class='ocrx_word' id='word_1_368' title='bbox 439 4487 695 4542; x_wconf 76' lang='lat' dir='ltr'>ignatium</span> <span class='ocrx_word' id='word_1_369' title='bbox 728 4486 936 4529; x_wconf 86' lang='lat' dir='ltr'>omnino</span> <span class='ocrx_word' id='word_1_370' title='bbox 970 4486 1106 4528; x_wconf 78' lang='lat' dir='ltr'>vene</span> <span class='ocrx_word' id='word_1_371' title='bbox 1140 4490 1195 4529; x_wconf 91' lang='lat' dir='ltr'>ut</span> <span class='ocrx_word' id='word_1_372' title='bbox 1229 4487 1278 4529; x_wconf 87' lang='lat' dir='ltr'>in</span> <span class='ocrx_word' id='word_1_373' title='bbox 1313 4484 1524 4530; x_wconf 84' lang='lat' dir='ltr'>Italiam</span> <span class='ocrx_word' id='word_1_374' title='bbox 1557 4487 1661 4541; x_wconf 82' lang='lat' dir='ltr'>ipse</span> <span class='ocrx_word' id='word_1_375' title='bbox 1697 4489 1893 4540; x_wconf 87' lang='lat' dir='ltr'>veniat,</span> <span class='ocrx_word' id='word_1_376' title='bbox 1921 4488 2010 4531; x_wconf 85' lang='lat' dir='ltr'>sed</span> <span class='ocrx_word' id='word_1_377' title='bbox 2044 4495 2278 4542; x_wconf 87' lang='lat' dir='ltr'>oportere</span> <span class='ocrx_word' id='word_1_378' title='bbox 2312 4494 2368 4531; x_wconf 90' lang='lat' dir='ltr'>ut</span> <span class='ocrx_word' id='word_1_379' title='bbox 2404 4488 2683 4531; x_wconf 82' lang='lat' dir='ltr'>adventum</span> <span class='ocrx_word' id='word_1_380' title='bbox 2702 4486 2903 4532; x_wconf 83' lang='lat' dir='ltr'>Nicolai</span> 
     </span>
     <span class='ocr_line' id='line_1_41' title="bbox 438 4553 2901 4614; baseline 0.002 -14"><span class='ocrx_word' id='word_1_381' title='bbox 438 4559 675 4602; x_wconf 76' lang='lat' dir='ltr'>Gandani</span> <span class='ocrx_word' id='word_1_382' title='bbox 697 4559 751 4601; x_wconf 87' lang='lat' dir='ltr'>in</span> <span class='ocrx_word' id='word_1_383' title='bbox 773 4553 1111 4601; x_wconf 79' lang='lat' dir='ltr'>Germaniam</span> <span class='ocrx_word' id='word_1_384' title='bbox 1133 4559 1450 4613; x_wconf 86' lang='lat' dir='ltr'>opperiatur,</span> <span class='ocrx_word' id='word_1_385' title='bbox 1474 4560 1524 4601; x_wconf 71' lang='grc'>14</span> <span class='ocrx_word' id='word_1_386' title='bbox 1543 4558 1679 4611; x_wconf 86' lang='lat' dir='ltr'>Julii.</span> <span class='ocrx_word' id='word_1_387' title='bbox 1701 4558 1936 4613; x_wconf 83' lang='lat' dir='ltr'>Ignatius</span> <span class='ocrx_word' id='word_1_388' title='bbox 1957 4559 2101 4603; x_wconf 85' lang='lat' dir='ltr'>Patri</span> <span class='ocrx_word' id='word_1_389' title='bbox 2118 4560 2385 4614; x_wconf 84' lang='lat' dir='ltr'>Alphonso</span> <span class='ocrx_word' id='word_1_390' title='bbox 2407 4559 2691 4614; x_wconf 86' lang='lat' dir='ltr'>Salmeron,</span> <span class='ocrx_word' id='word_1_391' title='bbox 2714 4572 2829 4605; x_wconf 87' lang='lat' dir='ltr'>eum</span> <span class='ocrx_word' id='word_1_392' title='bbox 2849 4561 2901 4605; x_wconf 87' lang='lat' dir='ltr'>in</span> 
     </span>
     <span class='ocr_line' id='line_1_42' title="bbox 439 4627 2900 4687; baseline 0.001 -14"><span class='ocrx_word' id='word_1_393' title='bbox 439 4631 659 4684; x_wconf 78' lang='lat' dir='ltr'>Italiam,</span> <span class='ocrx_word' id='word_1_394' title='bbox 679 4630 838 4684; x_wconf 79' lang='lat' dir='ltr'>Juxta</span> <span class='ocrx_word' id='word_1_395' title='bbox 861 4627 1058 4672; x_wconf 85' lang='lat' dir='ltr'>Summi</span> <span class='ocrx_word' id='word_1_396' title='bbox 1091 4628 1352 4673; x_wconf 79' lang='lat' dir='ltr'>Pontificis</span> <span class='ocrx_word' id='word_1_397' title='bbox 1372 4631 1710 4683; x_wconf 74' lang='lat' dir='ltr'>voluntatem,</span> <span class='ocrx_word' id='word_1_398' title='bbox 1748 4631 2064 4687; x_wconf 73' lang='lat' dir='ltr'>Ingolstadio</span> <span class='ocrx_word' id='word_1_399' title='bbox 2097 4643 2364 4676; x_wconf 84' lang='lat' dir='ltr'>revocans.</span> <span class='ocrx_word' id='word_1_400' title='bbox 2395 4631 2546 4682; x_wconf 86' lang='lat' dir='ltr'>(Vide</span> <span class='ocrx_word' id='word_1_401' title='bbox 2582 4632 2717 4676; x_wconf 77' lang='lat' dir='ltr'>infra</span> <span class='ocrx_word' id='word_1_402' title='bbox 2744 4633 2805 4675; x_wconf 84' lang='lat' dir='ltr'>de</span> <span class='ocrx_word' id='word_1_403' title='bbox 2838 4633 2900 4676; x_wconf 82' lang='lat' dir='ltr'>iis</span> 
     </span>
     <span class='ocr_line' id='line_1_43' title="bbox 435 4700 1190 4753; baseline -0.003 -8"><span class='ocrx_word' id='word_1_404' title='bbox 435 4703 624 4745; x_wconf 76' lang='lat' dir='ltr'>litteris</span> <span class='ocrx_word' id='word_1_405' title='bbox 644 4701 865 4744; x_wconf 81' lang='lat' dir='ltr'>dicenda</span> <span class='ocrx_word' id='word_1_406' title='bbox 887 4701 984 4742; x_wconf 75' lang='lat' dir='ltr'>sub</span> <span class='ocrx_word' id='word_1_407' title='bbox 1006 4711 1053 4741; x_wconf 89' lang='lat' dir='ltr'>n.</span> <span class='ocrx_word' id='word_1_408' title='bbox 1079 4700 1190 4753; x_wconf 73' lang='lat'><strong>179.)</strong></span> 
     </span>
    </p>
   </div>
  </div>
 </body>
</html>
