3679 5414
1633 512 1761 570 ΑΝ.
1806 512 1939 571 1551
2902 510 3011 569 247

544 674 640 719 ex
670 657 1017 736 profunda
1045 666 1503 738 peccatorum
1545 658 1894 738 voragine
1931 676 2076 721 non
2118 660 2346 720 solum
2384 659 2702 737 emersit,
2748 658 2872 720 sed
2915 657 3010 722 ad

546 764 916 843 religionis
946 774 1228 844 portum
1256 765 1641 845 confugere
1671 774 1740 828 et
1767 765 1922 828 Deo
1964 784 2040 828 se
2078 782 2503 829 consecrare
2542 764 3009 829 confessionis

545 872 621 934 vi
652 870 893 951 adjuta
923 872 1304 936 constituit.

672 978 806 1042 180.
894 978 1010 1043 Ad
1040 980 1475 1044 infirmorum
1503 981 1717 1044 etiam
1748 981 2228 1044 confessiones
2258 982 2508 1044 crebro
2541 981 3000 1043 accerseban-

548 1098 690 1164 tur,
733 1095 809 1149 ut
849 1097 1305 1167 peccatorum
1340 1105 1553 1151 onere
1591 1096 1660 1150 et
1700 1086 2166 1168 aegritudinis
2205 1089 2612 1165 acerbitate,
2646 1105 2826 1168 quae
2866 1088 3004 1166 ple-

552 1211 844 1274 rumque
873 1204 1169 1274 peccata
1199 1197 1607 1272 comitatur,
1634 1194 1838 1275 juxta
1869 1213 2065 1277 spem
2106 1196 2457 1276 ipsorum,
2492 1196 3003 1258 relevarentur.

552 1301 1138 1366 Aedificationem
1168 1312 1405 1365 autem
1437 1303 1742 1382 augebat
1782 1303 1970 1383 quod
2007 1303 2232 1383 gratis
2270 1303 2504 1366 omnia
2545 1312 2613 1365 et
2652 1320 2740 1365 ex
2781 1302 3006 1364 chari-

549 1416 694 1471 tate
749 1408 900 1487 fieri
956 1409 1448 1490 cernebantur3
1508 1428 1675 1474 nam
1731 1411 1919 1475 dona
1976 1429 2019 1473 a
2074 1411 2393 1491 plurimis
2449 1411 2668 1473 missa
2726 1426 3008 1489 semper

552 1516 819 1578 intacta
857 1517 1336 1596 remittebant,
1379 1526 1455 1580 ut
1492 1528 1562 1581 et
1598 1518 1699 1580 illi
1735 1520 1986 1582 melius
2023 1518 2323 1582 instituti
2360 1518 2588 1580 nostri
2630 1534 2714 1578 ac
2769 1513 3006 1596 proce·
3051 1593 3068 1610 n

550 1622 763 1686 dendi
810 1625 1160 1687 rationem
1209 1626 1712 1705 intelligerent,
1767 1637 1836 1689 et
1884 1627 2108 1690 nostri
2157 1644 2316 1688 cum
2363 1626 2584 1688 Paulo
2634 1642 2777 1687 non
2827 1642 3009 1705 quae

550 1730 864 1810 ipsorum
892 1741 1085 1810 sunt,
1115 1732 1240 1794 sed
1276 1732 1468 1812 ipsos
1497 1750 1837 1813 quaerere
1870 1742 2158 1813 propter
2186 1733 2543 1797 Christum
2573 1731 3003 1795 viderentur.

672 1836 804 1899 181.
895 1837 1353 1902 Accedebant
1391 1857 1533 1901 non
1571 1840 1783 1919 pauci
1832 1839 2118 1902 domum
2160 1851 2482 1902 nostram
2521 1849 2596 1901 ut
2638 1839 3011 1902 consilium

547 1953 954 2008 nostrorum
985 1944 1177 2009 circa
1227 1963 1342 2008 res
1385 1963 1553 2009 suas
1582 1946 1908 2009 audirent
1938 1964 2022 2009 ac
2052 1954 2542 2026 sequerentur;
2579 1964 2746 2008 nam
2774 1946 3009 2008 existi-

546 2052 765 2113 matio
805 2050 890 2114 de
939 2053 1201 2115 nostris
1252 2071 1337 2115 ea
1385 2052 1456 2115 in
1496 2054 1671 2116 urbe
1709 2063 2053 2134 concepta
2094 2063 2280 2132 erat,
2323 2054 2498 2116 nihil
2536 2053 2673 2116 nisi
2713 2062 3008 2132 rectum,

547 2158 743 2237 pium
756 2168 968 2237 atque
983 2160 1356 2223 honestum
1377 2179 1419 2222 a
1439 2160 1702 2222 nostris
1723 2161 2202 2240 profecturum
2218 2177 2392 2223 esse.
2422 2160 2529 2223 Ex
2552 2160 3013 2223 nobilioribus
3089 2199 3092 2202 Δ

552 2274 792 2328 autem
836 2266 1054 2346 aliqui
1092 2276 1498 2331 nostrorum
1535 2268 2042 2331 consuetudine
2088 2285 2232 2330 non
2269 2267 2719 2331 mediocriter
2759 2266 3008 2330 afficie-

544 2373 827 2452 bantur,
860 2391 1122 2454 eosque
1153 2374 1497 2453 singulari
1526 2374 1758 2437 studio
1787 2375 2419 2456 prosequebantur,
2462 2386 2531 2437 et
2561 2375 3010 2437 sacerdotum

544 2487 971 2558 nostrorum,
1001 2499 1086 2543 ac
1108 2481 1489 2561 praecipue
1501 2480 1574 2543 P.
1603 2480 1825 2560 Pauli,
1854 2482 2168 2545 consiliis
2189 2482 2384 2545 velut
2404 2481 2712 2544 oraculis
2737 2481 3012 2561 acquie-

548 2587 863 2649 scebant.
901 2587 1254 2668 Apparuit
1283 2588 1497 2651 etiam
1525 2588 1836 2651 studium
1860 2589 1931 2651 in
1960 2589 2372 2651 universum
2402 2605 2668 2667 eorum,
2697 2589 2814 2669 qui
2844 2589 3012 2651 civi·

546 2693 714 2757 tatis
743 2695 1226 2774 gubernacula
1255 2695 1639 2776 habebant,
1673 2714 1832 2759 cum
1872 2695 1958 2759 de
2002 2694 2505 2759 confirmandis
2544 2696 2884 2760 reditibus
2924 2694 3014 2759 ad

549 2819 705 2880 eOS,
738 2811 815 2865 ut
843 2820 1062 2882 supra
1092 2803 1357 2866 dictum
1386 2811 1515 2882 est,
1549 2802 1956 2881 referretur,
1991 2811 2066 2865 ut
2096 2804 2364 2866 scilicet
2395 2804 2714 2883 perpetui
2753 2812 3010 2867 essent.

551 2907 855 2972 Senatus
879 2910 1066 2974 enim
1089 2911 1464 2974 universus
1486 2928 1709 2991 usque
1729 2910 1821 2972 ad
1851 2927 2067 2973 unum
2092 2929 2248 2973 eam
2278 2912 2700 2974 sententiam
2730 2920 3016 2974 secutus

549 3025 676 3095 est,
710 3027 786 3079 ut
826 3017 1117 3093 scilicet,
1163 3017 1555 3097 Collegium
1596 3018 1971 3098 applicatis
2012 3017 2351 3080 reditibus
2392 3018 2841 3081 stabiliretur.
2877 3016 3017 3081 Sed

548 3133 618 3185 et
668 3141 869 3187 suum
920 3124 1218 3187 Carolus
1259 3125 1651 3204 Imperator
1697 3141 1872 3203 erga
1917 3124 2086 3187 illud
2125 3123 2432 3187 studium
2475 3125 2812 3201 ostendit;
2854 3142 3016 3187 cum

548 3230 735 3292 enim
758 3231 957 3293 multi
978 3230 1318 3310 primates
1340 3231 1698 3294 abbatiam
1729 3231 1923 3293 illam
1952 3232 2040 3293 ab
2069 3248 2153 3293 eo
2185 3231 2565 3310 impetrare
2594 3231 3007 3309 niterentur,

548 3355 760 3416 quam
804 3355 934 3417 pro
983 3336 1297 3417 Collegio
1341 3337 1638 3400 Pro-rex
1668 3346 1737 3401 et
1779 3338 2036 3400 civitas
2084 3339 2595 3417 postulaverat,
2649 3337 3013 3417 respondit

548 3444 849 3507 Carolus
871 3461 1012 3507 non
1035 3462 1244 3524 posse
1268 3445 1339 3507 id
1363 3445 1535 3523 fieri,
1563 3463 1726 3508 cum
1748 3445 2066 3524 Collegio
2089 3443 2468 3508 Societatis
2489 3444 2656 3525 Jesu
2681 3444 3016 3507 Panormi

552 3551 877 3631 proxime
907 3561 1147 3614 erecto
1178 3561 1366 3615 esset
1395 3552 1676 3615 collata.

674 3657 806 3721 182.
897 3658 1074 3722 Cum
1103 3658 1475 3739 hospitalis
1515 3658 1883 3738 cujusdam
1926 3661 2115 3723 bona
2154 3660 2354 3723 multi
2392 3659 2661 3724 nobiles
2699 3659 2771 3722 in
2807 3677 3014 3723 usum

548 3765 911 3844 privatum
953 3767 1489 3842 convertissent,
1538 3765 1614 3828 P.
1661 3766 1934 3829 Natalis
1978 3776 2053 3829 ut
2100 3767 2172 3829 in
2215 3784 2420 3829 usum
2465 3783 2875 3846 pauperum,
2925 3767 3018 3831 ad

516 3890 757 3951 -quem
778 3872 1018 3951 legata
1072 3872 1383 3951 fuerant,
1437 3872 1782 3951 redirent,
1837 3873 2101 3952 effecit3
2157 3875 2573 3954 curavitque
2631 3884 2708 3936 ut
2765 3891 3014 3953 procu-

540 3988 817 4043 ratores
848 3982 1247 4060 complures
1277 3979 1347 4042 in
1377 3981 1582 4043 varia
1613 3978 1898 4042 Siciliae
1928 3981 2086 4042 loca
2119 3999 2162 4042 a
2194 3978 2532 4061 Pro-rege
2570 3982 3016 4044 mitterentur

544 4095 618 4149 ut
649 4087 723 4150 in
751 4104 1028 4150 summa
1067 4105 1391 4151 annonae
1429 4087 1836 4151 difficultate
1874 4088 2305 4168 pauperibus
2334 4090 2843 4151 consuleretur.

674 4193 805 4257 183.
893 4193 1301 4275 Antequam
1331 4193 1405 4257 P.
1439 4195 1777 4275 Lanoyus
1806 4193 2160 4257 Panormo
2191 4195 2574 4273 recederet,
2610 4213 2772 4258 cum
2802 4196 3017 4258 Pater

548 4300 809 4364 Paulus
832 4317 1170 4380 magnam
1193 4302 1340 4365 vim
1362 4302 1732 4381 sanguinis
1761 4302 2214 4381 evomuisset,
2253 4301 2338 4365 de
2376 4300 2526 4380 ejus
2565 4302 2714 4364 vita
2744 4301 3014 4364 dubita—

546 4418 693 4471 tum
723 4409 897 4471 satis
928 4417 1065 4487 est,
1097 4425 1264 4471 nam
1288 4426 1377 4471 ex
1398 4417 1685 4488 pectore
1722 4409 2018 4487 sanguis
2047 4408 2430 4471 ascendere
2461 4408 2856 4488 videbatur;
2891 4409 3015 4472 sed

544 4514 809 4595 placuit
859 4515 994 4578 Dei
1045 4515 1343 4578 bonitati
1394 4524 1467 4577 ut
1518 4515 1723 4578 brevi
1772 4515 2059 4578 sanitati
2110 4515 2618 4578 restitueretur.
2675 4514 3019 4579 Nicolaus

548 4632 785 4685 tamen
814 4623 1079 4702 galluS,
1115 4621 1399 4702 Juvenis
1437 4639 1700 4702 magna
1730 4623 1994 4685 virtute
2032 4621 2424 4701 praedituS,
2458 4623 2680 4685 vitam
2719 4624 2902 4686 hanc
2942 4624 3013 4686 in

548 4729 803 4792 eodem
832 4729 1148 4810 Collegio
1179 4748 1339 4793 cum
1370 4738 1691 4809 aeterna,
1717 4739 1792 4793 ut
1815 4747 2206 4810 speramuS,
2241 4732 2724 4795 commutavit.
2752 4732 2839 4795 Et
2863 4732 3018 4811 ipse
