3679 5414
1625 451 1753 510 AN.
1798 451 1932 510 1551
2570 432 2573 433 *
2908 451 3022 510 365

545 610 666 663 rat
706 600 1186 679 eleemosyna,
1232 598 1489 661 obnixe
1538 614 1660 660 eos
1700 597 1986 676 rogavit
2029 606 2104 659 ut
2142 596 2214 659 in
2253 596 2547 677 oppid0,
2593 615 2733 677 quo
2772 614 3016 677 perge-

541 707 746 785 bant,
780 706 1165 786 hospitium
1194 722 1365 768 suae
1395 703 1645 767 domus
1674 704 2149 781 admitterent;
2183 703 2369 784 quod
2391 721 2553 767 cum
2578 705 2793 767 etiam
2816 722 3015 768 recu-

542 822 795 877 sarent
826 813 917 876 ad
947 811 1283 894 oppidum
1309 812 1694 890 venientes,
1723 819 1792 874 et
1823 811 1895 874 in
1923 811 2288 891 hospitali,
2322 811 2509 891 quod
2538 812 2809 874 nullum
2837 822 3012 890 erat,

546 920 908 984 divertere
937 937 1081 983 non
1120 921 1470 998 valenteS‚
1506 918 1833 998 quamvis
1862 917 2093 998 frigus
2131 918 2448 987 validum
2484 928 2704 997 esset,
2748 919 3018 981 nullum

562 1028 873 1108 reperire
902 1027 1138 1089 locum
1165 1034 1352 1089 tecto
1383 1034 1706 1106 opertum
1735 1034 2088 1106 poterant,
2120 1026 2240 1088 ubi
2270 1026 2521 1088 saltem
2550 1026 2888 1105 temporis
2920 1026 3016 1089 in-

549 1132 817 1214 juriam
873 1141 1299 1197 averterent.
1361 1131 1646 1196 Accidit
1695 1141 1933 1195 autem
1966 1140 2058 1195 ·ut
2107 1131 2182 1194 Ρ.
2239 1131 2609 1195 Cornelius
2660 1131 3017 1212 jurantem

550 1240 932 1323 quemdam
961 1241 1194 1304 virum
1225 1240 1533 1320 audiret3
1567 1256 1775 1320 quem
1805 1257 1967 1302 cum
2002 1238 2258 1302 blande
2300 1239 2742 1319 admoneret,
2789 1248 3017 1303 tanto·

553 1365 722 1428 pere
752 1349 867 1411 ille
896 1356 1292 1411 commotus
1322 1355 1459 1426 est,
1493 1355 1570 1410 ut
1598 1348 1717 1427 qui
1760 1346 2089 1427 excipere
2129 1364 2274 1427 eOS,
2308 1346 2426 1409 ubi
2456 1347 2696 1426 paleas
2727 1342 3016 1427 reponess

550 1455 709 1535 bat,
743 1456 941 1535 prius
971 1455 1342 1534 noluisset,
1371 1452 1518 1533 jam
1547 1454 1912 1534 propriam
1944 1453 2230 1525 domum
2269 1469 2531 1533 magno
2563 1471 2723 1516 cum
2753 1453 3016 1517 affectu

554 1563 906 1627 obtulerit.
942 1562 1109 1625 Inde
1148 1560 1561 1623 recedentes
1605 1569 1674 1623 et
1712 1559 1803 1623 ad
1843 1560 2211 1623 civitatem
2238 1559 2651 1639 Portalegre
2680 1570 3015 1625 vocatam

556 1670 1052 1751 pervenientes
1108 1667 1616 1731 humanissime
1673 1668 1762 1730 ab
1809 1666 2164 1748 Episcopo
2222 1676 2385 1730 sunt
2444 1668 2742 1748 excepti.
2804 1667 3009 1731 Prius

552 1786 816 1856 tamen,
852 1793 1013 1838 cum
1045 1776 1135 1838 ad
1165 1775 1514 1855 hospitale
1558 1782 1939 1855 pergerent
1983 1782 2053 1837 et
2094 1775 2585 1854 eleemosynas
2614 1775 3001 1839 mendicas-

553 1892 733 1963 sent,
768 1884 1052 1947 obviam
1080 1883 1218 1945 illis
1247 1881 1481 1945 factus
1511 1891 1619 1944 est
1648 1882 2068 1944 clericorum
2092 1879 2341 1961 judex,
2385 1882 2502 1960 qui
2542 1899 2703 1944 cum
2741 1883 3017 1945 clericis

552 1992 1106 2071 ignominiosum
1134 2007 1290 2054 esse
1312 1989 1579 2053 diceret
1601 1989 2029 2068 mendicare,
2056 1988 2132 2051 P.
2161 1988 2586 2065 Cornelium,
2612 1990 2909 2053 libenter
2939 2008 3016 2053 se

555 2097 715 2179 capi
745 2098 1122 2178 sinentem,
1159 2097 1251 2161 ad
1280 2097 1648 2160 Vicarium
1692 2104 1768 2159 ut
1810 2097 2182 2177 puniretur
2221 2095 2634 2160 deducebat.
2671 2095 2851 2160 Cum
2895 2096 3006 2160 de-

550 2204 713 2269 inde
741 2204 1082 2268 incideret
1110 2206 1184 2268 in
1211 2204 1286 2268 P.
1320 2204 1768 2284 Alphonsum
1789 2203 2005 2265 etiam
2026 2202 2565 2282 mendicantem,
2591 2214 2660 2267 et
2682 2204 2877 2267 illum
2901 2222 3014 2267 ca-

552 2322 719 2393 pere
748 2313 1002 2392 voluit;
1047 2312 1172 2375 sed
1211 2321 1586 2392 postquam
1625 2328 1786 2373 eum
1827 2311 2177 2373 rationem
2219 2310 2630 2373 reddentem
2673 2310 3010 2390 audisset,

555 2419 631 2483 Ρ.
679 2419 1084 2483 Cornelium
1127 2419 1340 2482 etiam
1387 2418 1681 2494 dimisit;
1715 2418 1833 2497 qui
1864 2417 2359 2497 expostulabat
2402 2435 2564 2481 cum
2605 2419 2804 2481 socio
2829 2418 3015 2498 quod

548 2526 736 2590 hanc
767 2526 1080 2607 patiendi
1103 2543 1232 2606 pro
1259 2525 1540 2589 Christo
1565 2525 2017 2589 occasionem
2039 2524 2104 2587 ei
2126 2524 2528 2588 ademisset.

551 2674 556 2679 »
671 2632 811 2696 410.
899 2633 1014 2697 Ad
1042 2632 1475 2714 Episcopum
1505 2648 1699 2712 erg0,
1736 2632 1857 2713 qui
1896 2631 2104 2694 avide
2142 2648 2265 2694 eos
2296 2641 2863 2713 exspectaverat,
2896 2650 3013 2695 ve·

547 2751 806 2805 nerunt
829 2750 897 2805 et
921 2742 1011 2805 ab
1035 2759 1119 2806 eo
1143 2749 1441 2821 rogatus
1464 2739 1877 2820 Alphonsus
1898 2739 2052 2820 ipso
2075 2739 2187 2802 die
2209 2738 2728 2803 Purificationis
2749 2742 2826 2804 B.
2855 2741 3014 2804 Vir·

554 2847 741 2928 ginis
770 2847 1000 2929 coepit
1029 2847 1461 2927 concionari,
1498 2857 1566 2910 et
1589 2855 2006 2927 prosecutus
2029 2855 2136 2908 est
2156 2845 2405 2909 diebus
2427 2845 2802 2911 dominicis
2824 2856 2894 2911 et
2917 2848 3009 2911 fe-

549 2955 685 3019 stis
712 2972 975 3035 magno
1009 2973 1170 3019 cum
1209 2955 1445 3018 fructu
1483 2971 1652 3018 suas
1686 2952 2087 3017 conciones.
2131 2952 2476 3032 Quamvis
2515 2955 2700 3018 enim
2739 2973 2822 3018 eo
2868 2973 3012 3018 mu·

549 3079 722 3126 nere
752 3063 1038 3143 quidam
1068 3063 1443 3141 theologus
1471 3060 1749 3140 doctor,
1784 3061 2206 3140 cognomine
2237 3059 2575 3139 Pedraza,
2619 3078 2703 3123 eo
2745 3062 2816 3124 in
2855 3062 3014 3125 loco

547 3179 624 3233 et
644 3178 961 3250 tempore
984 3169 1417 3249 fungeretur,
1438 3169 1658 3232 multa
1677 3167 1797 3230 >ille
1819 3166 2204 3231 honorifice
2228 3167 2314 3231 de
2338 3165 2690 3231 Societate
2706 3185 2835 3247 pro
2853 3186 3012 3231 con·

550 3277 756 3340 cione
799 3276 1041 3340 dicens
1094 3276 1184 3340 ad
1233 3276 1678 3357 Alphonsum
1719 3275 2055 3356 populum
2104 3275 2517 3356 transmisit;
2564 3276 2685 3355 qui
2732 3284 3013 3355 praeter

552 3384 953 3459 concioneS,
981 3383 1292 3464 quotidie
1317 3382 1746 3446 christianae
1769 3381 2136 3445 doctrinae
2158 3383 2500 3445 lectiones
2525 3380 2776 3461 majori
2799 3383 3014 3445 etiam

547 3508 715 3554 cum
741 3490 974 3554 fructu
1003 3490 1242 3571 pueris
1271 3499 1342 3554 et
1372 3490 1558 3568 aliis,
1595 3489 1713 3563 Qui
1744 3489 1837 3552 ad
1866 3506 1988 3552 eos
2028 3488 2494 3568 accedebant,
2531 3489 3008 3569 praelegebat,

552 3607 623 3661 et
670 3606 747 3661 ut
798 3599 989 3661 illam
1035 3598 1484 3661 addiscerent
1520 3614 1663 3660 non
1702 3595 2134 3659 mediocrem
2180 3613 2427 3659 curam
2465 3596 2865 3659 adhibebat.
2906 3596 3010 3659 In-

549 3706 811 3768 struxit
841 3705 1054 3769 etiam
1083 3722 1345 3786 pueros
1373 3712 1449 3767 ut
1477 3722 1604 3785 per
1631 3720 1718 3766 ea
1747 3705 1909 3766 loca
1936 3703 2131 3767 urbis
2159 3720 2236 3766 se
2267 3703 2704 3783 conferrent,
2753 3704 2870 3767 ubi
2907 3702 3008 3783 ju·

543 3813 897 3876 ¹ramentis
935 3811 1214 3876 *offendi
1266 3813 1542 3875 solebat
1591 3811 1971 3890 DominuS,
2024 3820 2104 3874 ut
2163 3811 2461 3891 genibus
2510 3810 2713 3874 flexis
2777 3810 3009 3896 hujus·

551 3920 744 3983 modi
780 3919 1136 4000 juratores
1179 3927 1518 3999 rogarent
1558 3926 1635 3981 ut
1676 3935 2027 3981 memores
2071 3917 2361 3980 secundi
2410 3919 2771 4000 praecepti
2803 3916 2938 3981 Dei
2968 3937 3011 3982 a

544 4025 852 4108 jurando
903 4027 1368 4105 abstinerent;
1412 4025 1600 4106 quod
1636 4025 1839 4107 pueri
1886 4033 2034 4088 tam
2072 4024 2329 4087 devote
2372 4034 2442 4088 et
2488 4026 2842 4090 humiliter
2894 4044 3009 4090 ex·

552 4134 1027 4214 sequebantur
1083 4139 1163 4196 ut
1218 4133 1337 4215 qui
1394 4139 1518 4196 eos‘
1574 4131 1953 4196 audiebant
1992 4141 2152 4195 'non
2208 4150 2459 4212 pamm
2516 4134 3010 4197 erubescerent

549 4241 743 4320 quod
793 4260 834 4304 a
883 4241 1120 4321 pueris
1172 4241 1629 4319 docerentur,
1684 4247 1862 4319 quos
1911 4239 2145 4319 magis
2186 4249 2487 4319 aequum
2518 4238 2747 4303 fuerat
2774 4248 2851 4302 ut
2880 4257 3009 4320 pro

551 4349 829 4411 ratione
880 4347 1134 4411 aetatis
1191 4346 1324 4427 ipsi
1368 4347 1724 4410 docerent.
1768 4346 2107 4410 Instruxit
2150 4346 2363 4409 etiam
2404 4355 2664 4426 pueros
2708 4355 2781 4409 ut
2826 4346 3011 4410 inter

550 4472 630 4517 se
661 4455 747 4518 de
777 4454 1161 4518 christiana
1193 4454 1514 4517 doctrina
1546 4471 1631 4516 ac
1661 4453 1921 4533 pietate
1951 4454 2337 4533 loquenteS,
2365 4452 2501 4516 hac
2524 4454 2801 4516 ratione
2818 4470 3008 4516 vana

550 4562 906 4642 colloquia
936 4563 1008 4624 in
1035 4562 1223 4623 bona
1255 4579 1340 4623 ac
1369 4561 1486 4641 pia
1516 4567 2051 4623 commutarent.
2086 4558 2162 4622 Ρ.
2200 4566 2433 4622 aute'm
2464 4559 2833 4623 Cornelius
2861 4560 3005 4640 plu·

551 4668 898 4732 rimorum
925 4668 1405 4732 confessiones
1436 4667 1765 4731 audiebat
1795 4684 1882 4730 ac
1908 4666 2342 4730 ‘dissidentes
2379 4668 2639 4730 multos
2681 4668 3006 4732 concilia·
