3679 5414
716 500 829 559 706
1043 540 1051 547 -
1638 503 1894 563 CnRoN.
1937 502 2091 561 Soc.
2132 503 2273 575 jas,

717 663 898 724 sum,
932 645 1387 710 obtinuerunt
1415 647 1627 710 etiam
1659 647 1887 709 nostri
1916 647 2191 710 litteras
2236 664 2279 709 a
2317 645 2545 726 Rege,
2581 646 2834 726 quibus
2869 647 2933 709 ei
2972 647 3194 727 signi*

716 752 1064 816 ficabatur
1091 762 1178 840 ut*
1196 751 1550 832 injunctae
1579 754 1712 816 sibi
1745 754 2187 817 obedientiae
2217 752 2684 816 satisfaceret.
2718 752 2854 816 Sed
2881 771 3042 836 cum
3071 754 3203 817 ille*

716 858 1197 935 valetudinem
1214 878 1467 944 parum
1491 859 1767 924 firmam
1791 862 1884 924 ad
1908 859 2377 924 recedendum
2401 877 2492 922 ex
2513 876 2597 921 eo
2616 876 2838 938 regno
2858 860 3181 923 obtende-

714 974 846 1044 ret,
873 966 1027 1030 Rex
1050 984 1135 1029 ac
1159 967 1436 1047 Regina
1458 969 1991 1033 excusationem
2012 967 2298 1031 minime
2323 967 2714 1047 probarunt
2744 976 2811 1029 et
2834 968 3202 1050 secundas„

714 1072 987 1136 litteras
1018 1074 1173 1137 Rex
1202 1075 1509 1155 scripsit,
1564 1076 1814 1156 quibus
1857 1076 1922 1138 ei
1974 1074 2387 1155 injungebat
2439 1083 2515 1136 ut
2565 1082 2851 1155 propter
2884 1074 3182 1137 aliorum

714 1179 1302 1261 aedificationem,
1342 1184 1669 1262 quamvis
1710 1201 1851 1246 non
1891 1181 2308 1245 conveniret
2345 1180 2568 1261 ipsius
2608 1181 3029 1260 valetudini,
3063 1198 3177 1261 pa-

713 1296 902 1349 reret
932 1306 1061 1351 suo
1090 1286 1485 1369 Superiori3
1519 1299 1588 1353 et
1618 1298 1788 1353 tunc
1821 1306 1981 1352 cum
2012 1287 2122 1352 his
2169 1288 2424 1351 litteris
2462 1286 2682 1367 Regis
2711 1297 3034 1367 patentes
3076 1288 3180 1350 lit·

712 1403 909 1457 terae
939 1394 1016 1457 P.
1049 1393 1306 1474 Ignatii
1333 1395 1616 1460 fuerunt
1645 1397 1711 1460 ei
1740 1396 2052 1475 oblatae,
2098 1413 2265 1459 nam
2307 1395 2506 1475 prius
2549 1394 2626 1457 P.
2661 1393 2956 1457 Mironis
2987 1394 3194 1457 dum-³

713 1509 916 1564 taxat
944 1502 1216 1566 litteras
1244 1503 1310 1566 ei
1340 1488 1760 1567 obtulerant.
1791 1503 1920 1565 His
1942 1512 2182 1566 autem
2202 1502 2441 1565 statim
2463 1502 2537 1564 P.
2569 1499 2814 1564 Simon
2838 1500 3195 1579 obedivit„

714 1616 785 1670 et
812 1608 1001 1671 illico
1034 1607 1543 1674 Salmanticam
1573 1628 1828 1674 versus
1858 1609 2224 1690 profectus
2252 1617 2360 1671 est
2395 1607 2434 1671 ¹.

829 1714 972 1777 630.
1062 1716 1242 1780 Tum
1282 1717 1563 1781 demum
1605 1735 1681 1781 se
1721 1718 2075 1781 convertit
2114 1716 2191 1779 P.
2240 1716 2632 1780 Turrianus
2671 1715 2764 1778 ad
2792 1714 3178 1778 remedium

711 1813 1211 1901 gubernationi
1240 1824 1743 1903 adhibendum;
1780 1824 2027 1904 paucis
2058 1824 2246 1886 enim
2279 1823 2414 1886 illis
2438 1821 2715 1900 diebuS,
2752 1822 3005 1902 quibus
3027 1839 3178 1901 pre-

710 1929 942 1993 fuerat
997 1928 1108 2009 N.,
1169 1948 1300 1993 nec
1355 1931 1897 2011 perfectioribus
1937 1949 2069 1994 nec
2124 1929 2759 2010 imperfectioribus
2810 1928 3190 2007 satisfecit„

713 2038 1040 2117 quamvis
1070 2037 1221 2117 eJus
1248 2039 1686 2117 probitatem·
1705 2048 1774 2101 et
1806 2038 2152 2102 orationis
2176 2037 2486 2101 studium
2517 2054 2961 2116 summopere
2991 2053 3175 2098 com·

708 2145 1156 2224 mendarent;
1190 2145 1315 2208 sed
1358 2136 1541 2208 ratio
1571 2145 2107 2236 gubernationis
2146 2152 2436 2224 propter
2472 2142 2618 2223 jam
2649 2143 2838 2205 dicta
2869 2142 3055 2223 quod
3085 2142 3176 2205 ad

707 2252 1170 2331 particularia
1234 2252 1785 2315 domesticorum
1852 2251 2356 2316 exercitiorum
2424 2249 2633 2313 nimis
2691 2249 3171 2327 descenderet,

709 2359 887 2421 adeo
938 2367 1014 2421 ut
1065 2359 1186 2439 qui
1234 2360 1403 2421 totis
1452 2359 1721 2423 viribus
1771 2368 2205 2422 curaverant
2244 2357 2291 2437 ⁸,
2333 2376 2475 2421 non
2520 2357 2746 2420 solum
2786 2355 3175 2419 faterentur

712 2475 955 2546 aptum
999 2466 1089 2528 ad
1135 2466 1722 2545 gubernationem
1763 2483 1911 2529 non
1955 2484 2111 2529 esse
2155 2465 2280 2529 sed
2319 2482 2452 2528 nec
2483 2465 2556 2527 in
2585 2473 2946 2545 posterum
2975 2463 3177 2527 reddi

709 2581 956 2651 aptum
983 2588 1225 2651 posse;
1259 2580 1328 2635 et
1357 2590 1518 2635 cum
1547 2571 1937 2636 fidelissimi
1976 2573 2233 2653 quique
2282 2572 2418 2634 hoc
2470 2572 2811 2634 sentirent
2854 2588 2985 2633 nec
3023 2570 3175 2633 sine

708 2687 878 2742 nota
908 2678 1058 2742 fieri
1086 2688 1324 2759 posset
1347 2679 1795 2743 mutatio'nec
1818 2672 2152 2744 Vicarius
2177 2679 2534 2757 constitui,
2566 2677 2915 2759 quaedam
2938 2678 3192 2759 capita.

706 2785 784 2848 Ρ.
819 2786 1213 2849 Turrianus
1242 2786 1580 2865 confecit,
1614 2787 1867 2866 quibus
1901 2796 1969 2850 et
2000 2804 2259 2850 nomen
2288 2794 2356 2849 et
2397 2785 2699 2848 officium
2740 2785 3171 2866 superinten-

706 2893 919 2956 dendi
958 2894 1024 2956 ei
1061 2893 1519 2974 relinqueret,
1575 2903 1643 2957 et
1693 2903 1932 2957 tamen
1981 2892 2325 2974 Rectores
2370 2902 2438 2956 et
2490 2893 2611 2956 alii
2662 2892 2996 2955 officiales
3041 2909 3190 2956 suax

705 3001 1025 3064 facerent
1053 3000 1282 3063 officia
1310 3001 1565 3082 quibus
1594 3001 2183 3082 superintendens
2213 3018 2288 3063 se
2331 3018 2475 3064 non
2514 3000 2974 3078 immisceret,
3009 3015 3174 3064 cum

701 3107 1048 3171 Rectores
1077 3117 1144 3170 et
1175 3107 1509 3171 officiales
1539 3109 1713 3172 satis
1742 3119 1981 3172 essent
2011 3107 2276 3187 idonei,
2320 3108 2546 3171 donec
2576 3108 2652 3170 P.
2696 3107 3014 3187 Ignatius
3043 3107 3166 3194 ali-

702 3215 871 3296 quid
900 3215 1090 3278 aliud
1118 3215 1557 3295 provideret,
1598 3215 1690 3278 ad
1729 3232 1938 3296 quem
1973 3215 2230 3278 litteris
2270 3215 2546 3278 abunde
2591 3214 2996 3277 declaratus
3037 3213 3168 3277 fuit

700 3322 1131 3403 procedendi
1160 3322 1432 3385 moduS.
1476 3322 1563 3384 Et
1604 3322 2029 3401 permissum
2066 3338 2224 3384 esse
2264 3339 2305 3384 a
2349 3321 2502 3384 Deo
2544 3321 2848 3402 aliquem
2888 3322 3167 3400 lapsum

699 3429 993 3509 putabat
1041 3428 1118 3490 P.
1152 3428 1544 3505 Turrianus
1587 3437 1662 3491 ut
1706 3428 1962 3492 vivens
2003 3428 2080 3492 P.
2128 3428 2450 3508 Ignatius
2500 3428 2888 3491 remedium
2929 3426 3182 3507 hujus-f

697 3537 896 3600 modi
924 3536 1450 3599 difficultatibus
1481 3537 1928 3615 excogitaret
1957 3554 2041 3600 ac
2071 3536 2503 3616 provideret.

817 3643 959 3706 631.
1046 3644 1176 3706 His
1227 3643 1607 3706 transactis
1659 3644 2032 3724 oportebat
2087 3660 2341 3706 curare
2383 3643 2760 3722 diligenter
2798 3651 2872 3704 ut
2920 3658 3184 3704 omnes.

697 3752 770 3814 in
799 3751 1055 3831 spiritu
1081 3750 1546 3831 procederent
1576 3749 1779 3830 juxta
1820 3767 2079 3830 purum
2116 3748 2490 3813 Societatis
2534 3749 2965 3823 institutum,
3000 3765 3166 3811 cum

694 3860 900 3922 multi
945 3866 1182 3921 essent
1217 3857 1290 3920 in
1329 3857 1449 3921 illa
1499 3857 1901 3937 provincia,
1956 3857 2077 3937 qui
2128 3856 2491 3921 Christum
2542 3855 2740 3937 sequi
2780 3856 3044 3918 vellent
3087 3855 3165 3918 in

780 4098 796 4131 ¹
855 4096 912 4140 In
932 4095 1269 4140 Litterarum
1292 4094 1538 4149 Regesto,
1556 4095 1623 4139 ad
1641 4097 1776 4140 diem
1792 4097 1833 4140 2.
1851 4107 1914 4131 ιω
1935 4095 2208 4140 Februarii
2230 4097 2360 4139 haec
2385 4095 2637 4140 Polancus
2658 4096 2965 4150 scripserat:
2987 4093 3164 4138 “Sala-

696 4169 995 4212 πωπω-1.
1019 4167 1067 4211 Α
1084 4167 1275 4211 Torres
1300 4178 1402 4210 una
1427 4167 1509 4210 del
1536 4166 1702 4210 Padre
1724 4178 1879 4222 sopra
1902 4167 1933 4210 1‘
1954 4168 2119 4211 andar
2140 4179 2173 4211 a
2194 4167 2446 4221 Portugal
2467 4168 2755 4221 presta—2,
2782 4167 2897 4211 Una
2918 4166 3163 4210 constitu-

693 4241 833 4283 tione
862 4240 912 4282 di
934 4239 1208 4282 transferir
1229 4238 1260 4281 1·
1290 4238 1498 4291 intrate,
1519 4249 1612 4292 per
1632 4246 1860 4282 mostrar
1880 4241 1932 4282 al
1955 4238 2147 4282 Ite-3.
2169 4238 2391 4290 Quattro
2412 4238 2556 4282 firme
2590 4239 2640 4282 dl
2671 4240 2855 4282 lettere
2885 4245 2938 4281 et
2959 4237 3162 4292 patenti

695 4311 745 4355 in
766 4310 1003 4364 biancho,
1024 4316 1074 4353 et
1094 4310 1189 4353 che
1210 4309 1247 4353 il
1268 4309 1435 4353 Padre
1466 4310 1501 4353 li
1524 4310 1590 4353 da
1612 4315 1753 4356 tutta
1772 4311 1824 4354 la
1844 4322 1940 4354 sua
1960 4309 2194 4354 autor-ita
2223 4311 2320 4364 che
2352 4311 2528 4353 scriva
2550 4321 2706 4364 sopra
2726 4310 2803 4353 cio
2827 4310 2861 4352 li
2893 4310 3163 4364 patera.—

690 4384 734 4428 4.
759 4383 869 4427 Due
889 4384 1088 4436 patenti
1110 4381 1445 4425 authentlche
1467 4381 1551 4424 del
1570 4381 1771 4434 Jubileo
1791 4393 1887 4436 per
1906 4384 1953 4425 le
1976 4381 2134 4436 Indie,
2157 4386 2210 4424 et
2232 4382 2326 4425 che
2347 4383 2395 4424 le
2418 4388 2700 4426 mostrasse
2732 4384 2782 4425 al
2813 4382 2888 4424 Re
2911 4382 2960 4424 di
2984 4379 3162 4423 Porto·

691 4456 849 4509 gallo,
870 4460 924 4498 et
945 4455 992 4497 le
1013 4453 1285 4497 mandasse
1307 4454 1358 4496 al
1378 4451 1548 4496 Brasil
1571 4459 1621 4496 et
1640 4455 1693 4497 la
1715 4453 1975 4497 India.—5.
2000 4452 2116 4497 Una
2134 4464 2228 4507 per
2258 4452 2423 4496 Miron
2455 4464 2611 4507 sopra
2633 4453 2668 4495 il
2698 4454 2847 4497 modo
2869 4453 2918 4496 di
2941 4451 3162 4495 mandat

691 4525 950 4570 visitator
969 4526 1040 4579 (al
1064 4525 1270 4578 Brasil).
1289 4524 1541 4568 etc....-9.
1569 4524 1676 4568 Che
1700 4525 1783 4569 dia
1808 4527 1861 4569 la
1881 4527 2074 4569 lettera
2098 4525 2178 4577 (de
2203 4523 2308 4568 San
2330 4524 2560 4579 Ignacio)
2584 4527 2633 4569 al
2658 4526 2859 4570 Infante
2880 4523 3161 4569 Cardinale

688 4606 743 4641 et
764 4600 904 4641 altra
924 4598 975 4640 al
999 4597 1202 4640 Guteno
1231 4594 1521 4650 (Godinho).

769 4672 791 4701 ²
849 4668 1041 4711 Deesse
1064 4667 1307 4711 videntur
1337 4666 1419 4709 hic
1451 4666 1627 4721 aliqua
1661 4668 1850 4710 verba:
1873 4678 2054 4712 sensus
2076 4674 2249 4712 tamen
2282 4673 2361 4711 est
2381 4669 2703 4723 perspicuus.
2727 4668 2858 4713 Vide
2882 4667 3072 4712 cartas
3092 4667 3183 4711 de—

691 4739 803 4782 San
825 4739 1058 4791 Ignacto,
1083 4744 1118 4781 t.
1140 4748 1193 4796 ιι,
1213 4747 1336 4791 pag.
1351 4737 1447 4792 388,
1470 4743 1522 4780 et
1546 4743 1582 4780 t.
1604 4748 1675 4791 m,
1698 4749 1816 4792 pag.
1839 4738 1917 4781 158
1935 4771 1946 4792 ,
1968 4744 2071 4782 not.
2093 4739 2133 4782 1.
