3679 5414
625 457 734 514 480
1540 453 1795 514 CflRox.
1838 456 1992 513 Soc,
2035 454 2174 526 jes.

755 599 889 663 150.
977 599 1236 664 Docuit
1267 600 1480 663 etiam
1518 599 1956 680 experientia
1987 616 2132 675 eOS,
2168 599 2287 679 qui
2318 609 2522 661 extra
2553 599 2820 661 Urbem
2849 617 2933 661 ac
2978 601 3098 663 dos

626 725 822 772 mum
848 707 1245 769 Romanam
1270 707 1341 769 in
1364 705 1790 769 Societatem
1812 706 2387 785 admittebantur,
2415 723 2556 767 non
2583 706 2680 767 ita
2695 705 2910 769 fuisse
2934 724 3094 769 exa-

630 816 939 878 minatos
969 823 1044 876 ut
1073 823 1515 892 oportuerat;
1551 823 1618 876 et
1660 814 1815 876 ideo
1845 822 1923 875 ut
1951 830 2324 875 romanum
2361 830 2666 875 examen
2702 813 3098 877 mitteretur

630 921 1027 1000 Patavium,
1062 922 1174 983 vel
1205 930 1281 984 ut
1307 922 1541 983 nullus
1571 921 1664 983 ibi
1694 920 2184 983 admitteretur
2212 920 2545 999 expedire
2576 920 2970 983 videbatur.

1330 1241 1457 1304 DE
1501 1241 1971 1305 COLLEGIO
2017 1240 2399 1305 VENETO

753 1459 888 1521 151.
975 1457 1155 1521 Octo
1187 1469 1307 1520 aut
1336 1476 1595 1520 novem
1625 1458 1984 1520 mensibus
2014 1457 2220 1538 hujus
2247 1458 2414 1520 anni
2444 1456 2749 1537 praefuit
2780 1456 3093 1534 Collegio

625 1575 871 1628 nostro
923 1565 1198 1627 Veneto
1239 1564 1315 1626 P.
1362 1563 1691 1627 Andreas
1730 1564 2046 1641 FrusiuS,
2092 1577 2376 1644 praeter
2415 1582 2623 1644 quem
2663 1565 2905 1627 decem
2947 1564 3087 1641 alii,

626 1670 1114 1734 sacerdotibus
1137 1682 1206 1735 et
1231 1673 1637 1734 scholarum
1659 1672 2238 1751 praeceptoribus
2258 1672 2705 1752 computatis,
2740 1672 2834 1733 ibi
2865 1680 3088 1748 erant,

626 1778 746 1858 qui
777 1778 925 1840 suis
964 1780 1259 1858 quisque
1300 1778 1547 1841 officiis
1586 1780 1700 1840 vel
1741 1778 2041 1841 docendi
2087 1780 2201 1841 vel
2230 1778 2546 1841 discendi
2579 1796 2740 1841 cum
2768 1788 3091 1841 externo-

629 1903 786 1948 rum
816 1886 1307 1948 aedificatione
1339 1902 1630 1965 operam
1662 1885 1950 1947 dabant.
1985 1884 2244 1948 Schola
2273 1904 2486 1966 super
2516 1897 2797 1948 centurn
2827 1895 2895 1948 et
2927 1903 3090 1965 qua·

628 1992 961 2071 draginta
990 1993 1456 2055 scholasticos
1477 1993 1895 2055 numerabat
1926 1993 1996 2054 in
2027 2002 2331 2072 quatuor
2360 1974 2627 2056 classes
2656 1993 3088 2070 distributos3

629 2116 961 2179 suprema
992 2111 1229 2162 autem
1259 2100 1711 2162 humaniores
1750 2100 2074 2162 tradebat
2126 2100 2428 2178 litteras,
2464 2118 2593 2162 nec
2634 2100 2724 2162 ad
2755 2100 3090 2162 ulteriora

627 2205 991 2268 auditores
1019 2216 1221 2268 erant
1252 2206 1517 2282 idonei;
1560 2206 1646 2269 de
1684 2206 1969 2284 graecis
2008 2207 2258 2269 litteris
2296 2207 2614 2269 nonnihil
2652 2207 3087 2284 tradebatur,

627 2321 695 2377 et
726 2314 1053 2392 precibus
1083 2323 1457 2393 parentum
1488 2313 1734 2393 aliqui,
1768 2330 1910 2375 non
1955 2313 2130 2376 satis
2165 2315 2235 2376 in
2276 2314 2575 2393 legendo
2618 2324 2686 2376 et
2716 2313 3091 2376 scribendo

626 2421 916 2498 versati,
952 2420 1242 2483 admissi
1270 2419 1572 2482 fuerant.
1609 2419 1791 2498 Quia
1817 2430 2056 2483 tamen
2080 2437 2166 2483 ea
2197 2422 2453 2483 civitas
2481 2422 2716 2501 potius
2745 2429 3087 2483 mercatu·

624 2547 749 2591 rae
779 2544 994 2609 quam
1022 2525 1273 2590 studiis
1301 2543 1564 2588 vacare
1588 2528 1796 2600 solet,
1823 2544 1965 2588 non
1990 2545 2243 2606 parum
2271 2527 2645 2590 videbatur
2673 2528 2860 2607 quod
2891 2527 3091 2589 multi

625 2634 1031 2698 scholastici
1071 2651 1114 2694 a
1154 2632 1428 2695 duobus
1466 2642 1534 2695 et
1575 2633 1799 2695 tribus
1838 2633 2252 2695 milliaribus
2279 2635 2679 2696 veniebant.
2714 2634 2844 2696 His
2872 2634 3087 2698 etiam

624 2742 870 2806 diebus
918 2741 1203 2803 veneris
1249 2740 1710 2803 christianam
1748 2740 2147 2804 doctrinam
2185 2741 2261 2804 P.
2307 2741 2574 2805 Caesar
2614 2743 3013 2822 explicabat
3041 2741 3080 2807 ¹.

751 2848 883 2911 152.
972 2847 1445 2912 Proficiebant
1474 2848 1545 2909 in
1573 2848 1824 2910 litteris
1855 2857 1924 2910 et
1951 2849 2022 2910 in
2053 2866 2331 2911 morum
2368 2849 2580 2912 etiam
2611 2850 2963 2929 probitate
2995 2849 3083 2912 ad

625 2956 1168 3020 admirationem
1213 2971 1431 3033 usque
1472 2970 1749 3031 eorum,
1784 2955 2036 3035 quibus
2075 2957 2274 3036 prius
2313 2958 2463 3019 noti
2492 2957 2794 3034 fuerant,
2830 2974 2990 3019 cum
3020 2966 3089 3019 et

623 3082 667 3125 a
697 3063 887 3126 vitiis
916 3062 1269 3125 abstinere
1300 3071 1368 3123 et
1396 3062 1501 3123 rei
1530 3061 1815 3123 divinae
1848 3062 2101 3125 devote
2140 3063 2474 3125 assistere
2506 3064 2814 3143 quotidie
2843 3073 2914 3126 et
2952 3064 3087 3126 sin·

621 3171 813 3247 gulis
841 3169 1199 3233 mensibus
1242 3167 1363 3246 (ac
1395 3168 1712 3230 crebrius
1748 3170 2064 3231 nonnulli
2101 3170 2490 3247 faciebant)
2523 3171 2612 3233 ad
2643 3179 3092 3236 sacramenta

620 3279 964 3341 accedere
982 3276 1327 3338 viderent.
1355 3274 1736 3338 Multorum
1759 3284 2000 3338 tamen
2023 3286 2376 3357 parenteS,
2404 3278 2523 3357 qui
2547 3277 2848 3340 filiorum
2870 3296 3087 3358 opera

622 3384 710 3446 ad
743 3402 858 3448 res
887 3384 1069 3447 alias
1098 3383 1198 3445 uti
1220 3383 1619 3462 cupiebant,
1654 3384 2055 3462 complures
2079 3401 2120 3444 a
2145 3383 2395 3446 studiis
2420 3385 2872 3463 revocabant,
2903 3386 3089 3448 unde

621 3492 852 3571 magis
881 3490 1111 3553 tenuis
1139 3506 1353 3569 quam
1382 3489 1757 3568 optabatur
1780 3506 1872 3550 ex
1902 3490 2164 3552 scholis
2192 3490 2466 3553 fructus
2497 3510 2538 3553 a
2563 3491 2829 3555 nostris
2858 3493 3085 3571 capie-

618 3600 849 3677 batur,
883 3616 1015 3661 nec
1038 3614 1470 3676 magnopere
1510 3614 1845 3658 numerus
1884 3598 2301 3676 augebatur,
2336 3599 2663 3679 quamvis
2704 3599 2775 3661 in
2813 3617 3083 3677 eorum,

622 3707 744 3786 qui
776 3705 1346 3781 removebantur,
1383 3705 1615 3766 locum
1645 3704 1763 3765 alii
1803 3703 2288 3767 succederent.
2331 3704 2654 3768 Cessavit
2695 3715 2932 3768 tamen
2970 3706 3084 3768 ob-

618 3990 765 4026 tuere
786 3981 1108 4025 Matthaeum
1129 3979 1362 4023 Dandolo
1381 4012 1390 4030 ,
1414 3979 1503 4021 sed
1524 3989 1585 4021 ne
1608 3979 1667 4021 de
1690 3979 1785 4021 hoc
1808 3979 2014 4022 litteras
2034 3981 2101 4022 ab
2120 3978 2326 4033 Ignatio
2360 3989 2605 4034 exposcat
2635 3989 2725 4024 aut
2749 3987 3013 4036 exspectet
3030 4013 3039 4032 ,
3056 3982 3085 4023 9

618 4052 818 4104 Martii;
850 4053 1014 4096 eidem
1035 4057 1090 4095 ut
1122 4051 1303 4094 medici
1326 4051 1537 4094 consilio
1559 4061 1612 4093 se
1635 4050 1745 4103 regi
1767 4050 1906 4094 sinat
1927 4051 1977 4093 in
1999 4052 2076 4103 iis,
2100 4062 2230 4104 quae
2252 4052 2318 4095 ad
2351 4054 2582 4106 corporis
2605 4053 2954 4096 valetudinem
2975 4064 3085 4107 spe-

616 4131 780 4177 ctant;
802 4124 935 4179 quod
956 4123 1137 4167 medici
1158 4122 1426 4165 consilium
1446 4133 1546 4164 non
1565 4123 1632 4165 ab
1654 4122 1762 4175 ipso
1781 4121 1986 4176 Elpidio
2008 4121 2095 4165 sed
2115 4124 2183 4165 ab
2198 4123 2317 4166 aliis
2338 4123 2707 4176 exquirendum
2728 4131 2824 4176 est,
2848 4131 2997 4179 prout
3019 4126 3081 4167 de

615 4197 849 4240 omnibus
868 4194 1180 4250 praepositis
1214 4205 1302 4236 seu
1336 4194 1601 4236 domorum
1635 4193 1986 4246 superioribus
2021 4195 2088 4236 ab
2123 4193 2324 4246 Ignatio
2361 4194 2454 4237 suit
2486 4195 2683 4249 jamdiu
2716 4202 2994 4249 statutum,
3030 4196 3084 4238 14

613 4267 754 4312 Maii.

699 4340 716 4371 ¹
775 4340 1030 4383 Polaticus
1045 4370 1056 4390 ,
1079 4349 1147 4381 ex
1165 4348 1315 4388 com„
1339 4337 1579 4380 Andreae
1605 4334 1806 4385 Frusi0.
1834 4347 1914 4386 ne,
1947 4347 2063 4378 cum
2083 4336 2145 4379 de
2167 4337 2321 4379 rebus
2344 4336 2587 4392 collegii,
2610 4339 2764 4382 sociis
2785 4346 2834 4381 et
2859 4338 3081 4381 ministe-

611 4412 704 4455 riis
723 4411 937 4464 scribat,
957 4410 1161 4453 litteras
1181 4409 1266 4452 det
1289 4408 1512 4451 Polanco
1533 4407 1622 4450 sed
1641 4405 1864 4460 Ignatio,
1898 4408 1926 4449 9
1957 4406 2209 4459 Januarii.
2244 4407 2426 4451 Eidem
2447 4409 2508 4451 de
2546 4411 2831 4453 studiorum
2866 4420 3083 4452 renova-

612 4483 747 4526 tione
776 4482 978 4536 quando
998 4487 1051 4524 et
1071 4480 1320 4535 quomodo
1341 4478 1594 4532 facienda,
1629 4478 1690 4521 de
1727 4479 1867 4532 typis
1900 4478 2094 4521 edendo
2126 4477 2352 4522 Martiali
2382 4490 2414 4522 a
2450 4479 2504 4522 P.
2541 4480 2723 4524 Frusio
2750 4482 2858 4535 jam
2897 4491 3081 4534 expur-

612 4560 754 4606 gato,
789 4554 935 4608 cujus
964 4553 1135 4606 operis
1168 4553 1404 4604 exempla
1436 4557 1669 4594 tercenta
1708 4551 1759 4593 in
1796 4549 2076 4592 societatis
2111 4548 2342 4604 Collegia
2377 4551 2767 4605 distribuentur,
2805 4553 2856 4595 19
2888 4551 3080 4603 Martii;

612 4625 794 4676 eidem,
816 4625 878 4668 de
900 4623 1363 4668 intermissionibus
1383 4633 1473 4666 seu
1494 4622 1854 4666 vacationibus
1874 4621 2078 4663 aestivo
2101 4626 2357 4676 tempore,
2391 4623 2510 4676 quid
2543 4622 2734 4666 Romae
2767 4623 2858 4666 fiat
2888 4629 2939 4666 et
2960 4623 3079 4676 quid

615 4694 852 4739 Venetiis
873 4695 981 4739 fieri
1005 4695 1279 4749 oportebit,
1300 4693 1354 4736 28
1373 4693 1526 4746 Junii.
