3679 5414
689 501 805 560 748
1614 499 1869 559 Cimon.
1911 498 2066 558 Soc.
2107 499 2247 572 Jsss.

687 646 994 727 gloriam
1028 654 1400 727 praestare
1438 654 1741 708 conatus
1778 655 1909 709 est.
1942 643 2133 708 Nihil
2160 645 2234 708 in
2255 643 2646 708 subsidium
2669 660 2841 707 suae
2865 644 3168 723 naviga-

688 753 902 817 tionis
932 753 1242 833 accepit;
1277 751 1424 831 sed,
1469 762 1547 816 ut
1576 747 1727 833 ipse
1768 762 2056 815 strenue
2093 752 2355 815 liberos
2384 768 2470 815 ac
2509 768 2759 814 servos
2799 750 3056 814 docere
3086 761 3158 816 et

687 860 764 924 in
790 860 1044 942 spiritu
1067 858 1325 939 juvare
1354 859 1734 938 nitebatur,
1769 858 1872 922 ita
1893 858 1960 921 ei
1987 859 2392 922 necessaria
2422 876 2512 921 ex
2538 859 3009 938 eleemosynis
3037 858 3162 923 do-

687 975 857 1031 nata
913 966 1221 1031 fuerunt.
1283 965 1701 1029 Humaniter
1757 974 2099 1045 exceptus
2154 973 2260 1029 est
2316 983 2360 1029 a
2416 965 2909 1029 Gubernatore
2966 966 3164 1030 arcis

686 1073 1005 1138 Ormuzii
1032 1082 1102 1137 et
1133 1091 1176 1137 a
1207 1072 1501 1137 Vicario
1527 1070 1675 1152 ejus
1698 1073 1914 1136 urbiS.
1941 1072 2219 1136 Invenit
2240 1080 2475 1135 autem
2505 1073 2577 1135 in
2600 1071 2943 1152 Collegi0,
2968 1072 3159 1152 quod

688 1181 784 1245 ibi
815 1182 1184 1245 instituere
1208 1181 1592 1260 aliquando
1618 1180 1966 1260 cogitavit
1989 1178 2065 1242 Ρ.
2092 1179 2396 1259 Gaspar,
2423 1188 2494 1242 et
2515 1178 2605 1242 D.
2633 1177 2852 1242 Paulo
2875 1194 3161 1246 sacrum

681 1297 859 1366 erat,
894 1288 1277 1369 quemdam
1298 1287 1699 1366 eremitam;
1724 1303 1895 1350 nam
1916 1294 2123 1350 extra
2149 1287 2416 1365 urbem,
2444 1295 2521 1350 ut
2546 1287 2714 1350 'alibi
2739 1285 3003 1350 dictum
3025 1296 3154 1367 est,

684 1395 745 1458 is
772 1397 973 1459 locus
1002 1405 1179 1458 erat.
1216 1392 1478 1458 Mansit
1507 1393 1601 1457 ibi
1629 1393 2061 1474 aliquandiu,
2096 1403 2165 1457 et
2202 1393 2364 1457 inde
2396 1393 2765 1478 ad'urbem
2795 1394 3160 1474 praedica—

683 1502 895 1566 tionis
938 1502 1173 1582 gratia
1224 1499 1629 1565 accedebat.
1685 1499 1934 1579 Coepit
1984 1510 2224 1563 autem
2273 1516 2442 1563 suas
2492 1501 2880 1563 conciones
2927 1501 3158 1581 prima

682 1609 1039 1673 dominica
1089 1607 1467 1672 Adventus
1511 1607 1679 1670 anni
1734 1607 1929 1686 1551,
1956 1608 2158 1687 eique
2207 1606 2396 1670 dedit
2451 1606 2801 1671 Dominus
2849 1608 3167 1687 gratiam

686 1735 850 1780 cum
889 1718 1007 1781 illo
1050 1717 1340 1798 popu10,
1386 1716 1501 1779 cui
1538 1732 1761 1796 usque
1812 1715 1990 1778 adeo
2031 1715 2476 1778 satisfactum
2524 1724 2632 1778 est
2681 1724 2780 1794 ut,
2836 1716 3160 1782 absoluta

686 1824 1052 1900 concione,
1085 1823 1378 1903 quidam
1406 1823 1469 1885 ei
1501 1821 1781 1885 dixerit:
1813 1831 1890 1885 tu
1919 1840 1994 1885 es
2024 1822 2142 1902 qui
2170 1831 2515 1885 venturus
2551 1838 2629 1885 es
2667 1831 2736 1885 et
2765 1840 2908 1886 non
2940 1824 3159 1888 aliurn

683 1939 1205 2010 exspectamus.
1237 1930 1317 1993 In
1348 1930 1500 1993 dies
1543 1937 1778 1992 autem
1818 1928 2048 2008 magis
2086 1929 2314 1992 eidem
2352 1931 2612 2010 populo
2652 1930 2998 2010 placebat,
3045 1932 3164 1997 cui

679 2037 930 2101 diebus
960 2036 1330 2100 dominicis
1360 2035 1776 2099 concionari
1805 2036 2120 2116 perrexit
2149 2045 2296 2098 toto
2327 2053 2517 2099 anno
2554 2035 2741 2115 15523
2775 2046 2845 2100 et
2886 2054 3051 2100 cum
3085 2038 3159 2102 in

682 2141 1122 2224 Portugallia
1151 2145 1496 2207 talentum
1522 2143 1994 2207 concionandi
2024 2160 2167 2206 non
2196 2142 2458 2206 habere
2487 2143 2602 2206 hic
2641 2143 2855 2207 Pater
2883 2143 3159 2209 videre·

678 2260 816 2331 tur,
850 2251 945 2315 ibi
976 2259 1213 2314 tamen
1243 2250 1405 2313 voci
1444 2267 1616 2312 suae
1645 2266 1905 2312 vocem
1934 2249 2215 2312 virtutis
2255 2248 2607 2312 Dominus
2644 2249 2858 2313 dedit.
2907 2249 3158 2331 Coepit

683 2358 901 2420 etiam
924 2357 1015 2420 ad
1036 2355 1368 2420 eumdem
1393 2355 1543 2419 fieri
1565 2354 2050 2419 confitentium
2073 2371 2462 2419 concursus
2485 2365 2576 2434 et,
2598 2374 2759 2419 cum
2776 2355 3162 2436 jubilaeum

686 2466 944 2545 populo
983 2464 1494 2543 promulgaret,
1537 2462 1766 2525 crevit
1807 2462 1922 2524 ille
1965 2478 2422 2543 magnopere,
2465 2474 2533 2525 et
2571 2461 2843 2526 fructus
2886 2463 2958 2525 in
3000 2464 3162 2527 hor-

682 2586 884 2633 reum
913 2568 1204 2632 Domini
1234 2569 1475 2648 colligi
1505 2569 1722 2632 etiam
1751 2586 1895 2632 non
1925 2569 2225 2648 exiguus
2259 2569 2511 2649 coepit.
2557 2569 2860 2649 Quidam
2893 2587 2990 2632 ex
3020 2572 3158 2650 pri-

686 2675 931 2741 mariis
961 2674 1112 2757 eJus
1145 2676 1340 2740 urbis
1377 2676 1776 2757 quindecim
1821 2683 1944 2740 aut
1981 2675 2237 2756 viginti
2281 2693 2530 2755 annOS,
2564 2677 2748 2740 alius
2786 2676 2905 2741 diu
2944 2678 3159 2744 etiam

685 2784 1119 2848 concubinas
1149 2782 1341 2846 domi
1369 2783 1736 2862 habuerat,
1762 2793 1831 2847 et
1854 2792 2228 2863 utrumque
2252 2783 2599 2847 Dominus
2620 2800 2748 2865 per
2784 2781 2861 2846 P.
2896 2784 3164 2849 Gundi-

686 2892 990 2970 salvum,
1028 2889 1274 2971 ejectis
1304 2890 1512 2953 domo
1543 2889 1948 2969 hujusmodi
1978 2889 2324 2968 foeminis,
2359 2891 2432 2953 in
2462 2899 2725 2953 statum
2755 2891 3161 2958 christianis
3197 2886 3216 2905 ²

686 2998 1092 3061 hominibus
1127 2997 1423 3076 dignum
1451 2995 1763 3076 reduxit3
1800 2996 1988 3077 quod
2019 2996 2290 3060 civitati
2323 3012 2628 3076 magnae
2666 2996 3166 3063 admirationis

685 3103 838 3169 fuit.
870 3104 1014 3168 Alii
1049 3121 1139 3184 qu
1151 3113 1356 3167 atuor
1380 3114 1500 3167 aut
1525 3103 1829 3184 quinque
1854 3103 2140 3167 lusitani
2164 3104 2235 3166 in
2252 3120 2516 3166 uxores
2539 3102 2891 3167 duxerunt
2906 3121 3160 3169 concu-

686 3211 912 3290 binaS,
950 3228 1129 3292 quas
1160 3211 1352 3275 domi
1380 3211 1773 3289 habebant;
1807 3210 1948 3274 alia
1978 3210 2194 3274 etiam
2221 3209 2676 3275 matrimonia
2705 3211 2983 3274 curavit
3012 3221 3164 3278 tum

684 3318 1159 3381 lusitanorum
1192 3326 1340 3380 tum
1369 3317 1584 3381 etiarn
1614 3317 2113 3396 indigenarum
2143 3317 2635 3397 complurium,
2671 3327 2746 3380 ut
2776 3335 2900 3380 eos
2927 3335 2971 3380 a
3000 3335 3164 3399 pec-

683 3424 897 3487 candi
930 3442 1159 3506 prava
1197 3424 1706 3488 consuetudine
1737 3424 1828 3486 ad
1860 3425 2233 3487 honestum
2264 3433 2527 3488 statum
2556 3424 2991 3502 traduceret;
3038 3427 3159 3506 qui

684 3531 922 3593 multis
971 3531 1177 3594 annis
1226 3531 1707 3594 confessiones
1758 3531 2166 3610 omiserant,
2222 3532 2451 3594 eidem
2501 3530 2898 3594 confitendo
2943 3532 3158 3600 etiam

681 3637 1123 3700 reconciliati
1173 3647 1366 3716 sunt3
1421 3638 1908 3701 restitutiones
1959 3639 2356 3718 complures
2407 3638 2662 3715 factae,
2720 3639 3152 3705 commercia

683 3761 847 3807 cum
877 3743 1272 3807 infidelibus
1303 3761 1430 3826 per
1458 3762 1771 3807 canones
1797 3744 2154 3825 prohibita
2181 3754 2250 3807 et
2286 3746 2425 3807 alia
2458 3746 2678 3807 multa
2719 3755 3034 3826 peccata,
3068 3764 3158 3810 eo

682 3850 1059 3930 diligenter
1111 3851 1183 3914 id
1234 3860 1548 3928 curante,
1602 3851 1853 3914 relicta
1896 3850 2210 3930 fuerunt3
2269 3852 2451 3915 inter
2511 3852 2787 3932 aliquos
2841 3852 3154 3917 amicitia

683 3959 1102 4038 composita,
1161 3976 1322 4021 cum
1369 3974 1630 4037 graves
1674 3956 1972 4037 injuriae
2014 3958 2614 4037 intercessissent,
2662 3958 2896 4022 duella
2945 3976 3152 4039 quae-

683 4065 850 4128 dam
879 4083 966 4128 ne
997 4064 1245 4128 fierent
1268 4065 1649 4146 prohibuit.
1676 4064 1815 4128 Sed
1839 4066 2348 4145 occupationes
2370 4064 2521 4145 ejus
2542 4066 2969 4145 praecipuae
2990 4074 3154 4145 post

682 4171 1287 4252 praedicationem
1341 4171 1821 4234 confessiones
1869 4180 2107 4250 erant,
2154 4181 2448 4253 propter
2493 4188 2790 4252 quarum
2832 4172 3156 4252 frequen-

682 4279 877 4358 tiam,
899 4279 1107 4342 domo
1131 4277 1220 4341 D.
1248 4277 1447 4341 Pauli
1470 4279 1740 4358 relicta,
1767 4296 1989 4359 prope
2014 4279 2362 4359 hospitale
2380 4278 2810 4342 domicilium
2835 4280 3154 4344 admitte-

681 4403 761 4449 re
791 4386 1050 4449 debuit.
1086 4385 1347 4449 Missus
1374 4394 1483 4449 est
1512 4386 1611 4449 illi
1634 4387 1705 4449 in
1728 4387 2115 4450 subsidium
2140 4384 2360 4450 frater
2385 4386 2522 4465 ille,
2554 4385 2640 4449 de
2664 4404 2803 4467 quo
2827 4388 3158 4466 superius

682 4493 948 4556 mentio
975 4491 1168 4556 facta
1198 4501 1335 4572 est,
1370 4493 1686 4555 Alvarus
1715 4493 2009 4556 Mendez
2047 4494 2365 4572 nomine,
2398 4493 2516 4573 qui
2557 4493 2774 4556 etiarn
2800 4509 2932 4573 pro
2963 4493 3154 4559 virili

681 4600 754 4662 in
785 4599 1172 4663 christiana
1205 4598 1529 4662 doctrina
1561 4599 1984 4679 explicanda
2012 4600 2353 4680 quotidie,
2388 4609 2456 4663 et
2495 4600 2568 4662 in
2599 4599 2998 4662 hominibus
3028 4618 3151 4663 no-

680 4714 794 4767 cte
837 4704 1278 4777 concitandis
1324 4722 1485 4767 cum
1526 4705 1974 4769 tintinnabuli
2000 4707 2204 4787 pulsu
2235 4707 2326 4769 ad
2357 4707 2956 4770 commendandas
3004 4706 3149 4771 ani-
