3679 5414
658 440 773 503 522
1583 440 1848 501 Canon.
1880 440 2035 501 Sne.
2074 441 2214 514 JES.

778 585 919 649 261.
1007 584 1359 650 Sacerdos
1394 586 1710 667 quidam,
1744 587 1894 668 qui,
1929 588 2096 651 dum
2133 597 2322 651 esset
2359 585 2655 669 Neapoli
2683 587 2761 650 P.
2805 588 3118 669 Laynez‚

653 693 1057 774 spiritualia
1094 694 1436 758 exercitia
1475 703 1918 775 susceperat,
1961 695 2070 758 his
2108 695 2353 758 diebus
2382 693 2814 759 Societatem
2840 696 3122 776 ingredi

654 802 945 865 omnino
980 802 1365 882 constituit3
1399 819 1561 865 cum
1588 811 1827 866 autem
1862 802 2231 884 cujusdam
2270 803 2682 867 monasterii
2712 821 2959 867 curam
2991 806 3123 867 sub

657 907 1218 989 Archiepiscopo
1256 919 1572 988 gereret,
1615 910 2009 991 perutiliter
2049 910 2459 991 aliquandiu
2500 909 2758 973 ibidem
2796 928 3122 991 perseve-

655 1033 819 1079 rare
841 1014 1046 1095 juxta
1070 1024 1477 1080 nostrorum
1507 1017 1879 1080 consilium
1907 1017 2164 1080 debuit.
2200 1017 2380 1080 Cum
2409 1017 2660 1080 deinde
2691 1017 2782 1080 ad
2809 1018 3120 1097 patriam

658 1123 761 1185 ire
790 1141 833 1186 a
855 1122 932 1186 P.
967 1122 1337 1187 Bobadilla
1364 1123 1752 1204 permissus
1794 1133 2011 1205 esset,
2053 1124 2146 1188 ab
2176 1124 2440 1206 optimo
2481 1134 2550 1188 et
2589 1123 2922 1188 diuturno
2961 1143 3119 1205 pro-

656 1229 888 1310 posito
917 1230 1284 1307 excidens·‚
1319 1232 1800 1311 experimento
1830 1231 2069 1295 docuit
2106 1232 2388 1311 plantas
2414 1248 2644 1295 novas
2672 1249 2815 1295 non
2842 1232 3022 1295 bene
3050 1233 3125 1295 in

648 1342 823 1400 aere
850 1337 1083 1417 patrio
1113 1338 1539 1417 coalescere,
1571 1337 1797 1401 donec
1825 1340 2008 1402 altas
2036 1338 2109 1402 in
2139 1337 2478 1417 religione
2508 1337 2788 1402 radices
2818 1339 3120 1418 egerint.

777 1443 919 1507 262.
1004 1444 1253 1508 Eidem
1289 1444 1367 1507 P.
1413 1443 1781 1508 Bobadilla
1816 1462 1961 1508 non
1990 1444 2414 1508 videbantur
2451 1446 2742 1525 regulae
2771 1444 3124 1525 quaedam

649 1550 995 1615 Societati
1025 1560 1407 1615 consuetae
1438 1570 1482 1615 a
1509 1552 1771 1616 nostris
1800 1569 1957 1615 esse
2000 1550 2527 1631 observandae,
2562 1551 2686 1615 sed
2731 1552 3122 1617 christiana

658 1657 969 1739 quadam
1000 1659 1100 1737 (ut
1129 1660 1281 1739 ipse
1319 1658 1584 1740 ajebat)
1615 1660 1972 1738 libertate,
2020 1658 2399 1723 dummodo
2441 1660 2515 1723 in
2556 1659 2800 1722 solidis
2843 1660 3122 1724 virtuti-

660 1765 795 1829 bus
839 1760 1158 1829 desectus
1198 1784 1342 1830 non
1390 1766 1772 1845 videretur,
1824 1776 2109 1831 nostros
2155 1784 2310 1831 esse
2348 1767 2788 1846 retinendos;
2824 1775 2925 1848 et,
2960 1786 3124 1833 cum

656 1860 809 1953 ipse
841 1871 1177 1953 Superior
1206 1883 1394 1937 esset
1423 1882 1493 1937 et
1519 1873 1595 1938 P.
1630 1874 1994 1954 Andreae,
2030 1872 2348 1953 Rectori,
2390 1873 2858 1954 perexiguam
2886 1875 2999 1938 sui
3026 1875 3125 1939 of-

654 1980 801 2043 ficii
837 1980 1215 2044 exercendi
1244 1980 1657 2045 facultatem
1686 1982 2136 2062 relinqueret,
2171 1981 2380 2045 facile
2411 1980 2653 2045 docuit
2682 1982 3121 2062 experientia

659 2097 924 2168 quanta
946 2089 1059 2152 vis
1089 2089 1163 2151 in
1192 2089 1808 2152 constitutionibus
1838 2106 1925 2151 ac
1953 2088 2219 2168 regulis
2242 2089 2711 2152 observandis
2739 2089 2832 2151 sit
2860 2089 3118 2169 posita,

654 2205 737 2258 ut
774 2195 1046 2258 solidae
1084 2196 1384 2259 virtutes
1424 2205 1961 2276 conserventur3
2001 2213 2171 2258 nam
2209 2214 2299 2258 ex
2327 2195 2909 2285 praeceptoribus
2939 2213 3124 2259 unus

661 2311 732 2365 et
769 2304 1055 2365 tandem
1090 2312 1337 2383 postea
1377 2303 1558 2365 alius
1596 2320 1687 2365 ex
1724 2302 2202 2381 scholastiCiS‚
2246 2319 2455 2382 quem
2492 2303 2706 2383 paulo
2746 2311 2909 2365 ante
2947 2301 3124 2365 dixi·-

660 2426 821 2472 mus
854 2427 1015 2473 cum
1043 2409 1277 2472 fructu
1308 2411 1380 2472 in
1411 2409 1720 2490 quodam
1756 2410 2186 2473 monasterio
2215 2409 2757 2493 ‚concionatum,
2802 2427 2845 2472 a
2883 2407 3121 2473 Socie-
3185 2466 3191 2475 .

656 2525 809 2580 tate
839 2516 1268 2580 defecerunt.
1301 2515 1440 2580 Sed
1468 2515 1544 2579 P.
1578 2517 1897 2595 Ignatius
1925 2523 2001 2579 ut
2030 2517 2319 2596 regulae
2350 2517 2903 2580 observarentur
2933 2534 3118 2579 com·

661 2624 1056 2703 mendavit,
1100 2634 1167 2686 et
1206 2633 1283 2687 ut
1322 2622 1608 2687 Rectori
1644 2641 1851 2686 suum
1889 2622 2193 2686 officium
2229 2622 2535 2686 faciendi
2576 2622 2881 2687 facultas
2913 2624 3121 2686 relin-

665 2741 1024 2812 queretur,
1067 2732 1186 2813 qui
1216 2741 1463 2795 sancto
1500 2748 1629 2794 suo
1668 2732 1991 2811 exemplo
2033 2739 2102 2793 et
2141 2731 2510 2812 colloquiis
2547 2747 2690 2794 non
2731 2731 2961 2795 solum
3004 2731 3121 2795 do-

663 2839 1124 2902 mesticorum
1145 2836 1268 2902 sed
1290 2846 1748 2901 externorum
1776 2837 1993 2900 etiam
2019 2836 2353 2901 affectum
2381 2854 2723 2917 magnum
2754 2837 2828 2901 in
2856 2855 2932 2901 se
2963 2855 3128 2901 con·

660 2946 935 3009 citavit.
969 2945 1295 3009 Libertas
1333 2953 1658 3023 externa,
1692 2944 2021 3026 quamvis
2059 2943 2357 3008 solidam
2386 2944 2723 3008 virtutem
2763 2953 2835 3007 et
2873 2944 3129 3009 doctri-

660 3071 836 3116 nam
864 3070 1108 3116 omnes
1137 3053 1210 3116 in
1236 3051 1312 3114 P.
1355 3051 1723 3115 Bobadilla
1760 3051 2164 3132 laudarent,
2208 3050 2553 3114 efficiebat
2591 3059 2667 3113 ut
2708 3050 2930 3131 ipsius
2966 3051 3126 3115 loco

667 3161 744 3225 P.
779 3159 1263 3225 Salmeronem
1294 3158 1445 3240 Jam
1481 3159 1880 3223 a-Concilio
1912 3157 2324 3222 Tridentino
2361 3158 2660 3221 liberum
2689 3165 3125 3238 expeterent.

663 3266 886 3347 Cujus
915 3268 1019 3332 rei
1047 3267 1226 3331 haec
1255 3268 1469 3331 etiam
1496 3276 1650 3330 erat
1679 3283 1897 3330 causa
1922 3265 2134 3347 quod,
2156 3266 2320 3329 licet
2348 3282 2613 3345 magna
2642 3263 3126 3329 satisfactione

665 3385 740 3439 et
769 3375 1161 3439 eruditione
1189 3374 1446 3456 Jonam
1471 3373 1893 3455 prophetam
1921 3382 1991 3436 et
2019 3372 2414 3453 Epistolam
2442 3372 2531 3436 ad
2563 3389 2897 3435 romanos
2924 3372 3137 3452 legis-

662 3490 807 3562 set,
849 3482 1134 3561 linguae
1172 3481 1453 3545 italicae
1494 3481 1836 3544 talentum
1875 3479 2106 3543 adhuc
2144 3479 2217 3543 in
2259 3498 2344 3542 eo
2383 3479 2855 3560 requirebant.
2898 3479 2989 3543 Et
3027 3479 3128 3543 ita

666 3589 839 3653 Dux
886 3587 1149 3652 Montis
1197 3587 1458 3651 Leonis
1491 3586 1747 3651 litteris
1782 3586 1929 3649 suis
1962 3585 2039 3650 P.
2086 3586 2440 3665 Ignatium
2480 3603 2737 3666 urgere
2776 3587 3012 3666 coepit
3049 3596 3130 3650 ut

668 3694 746 3760 P.
801 3694 1308 3775 Salmeronem,
1355 3693 1561 3776 juxta
1610 3693 2152 3774 promissionem
2203 3693 2370 3756 olim
2415 3692 2704 3768 factam,
2757 3692 3134 3775 Neapolim

666 3802 999 3881 mitteret,
1033 3802 1384 3884 quamvis,
1417 3800 1606 3882 quod
1633 3809 1871 3863 aestas
1902 3799 2328 3878 immineret,
2363 3800 2437 3863 in
2464 3808 2880 3864 autumnum
2906 3818 3133 3881 usque

667 3908 1023 3973 adventus
1050 3908 1128 3971 P.
1160 3906 1592 3972 Salmeronis
1615 3906 1875 3970 dilatus
1903 3913 2010 3969 est
2043 3904 2086 3966 ¹.

753 4188 772 4221 ¹
828 4188 900 4233 Ut
923 4186 1315 4231 difficultatibus
1333 4197 1464 4240 quae
1486 4197 1550 4228 ex
1569 4184 1669 4228 hac
1698 4184 1749 4227 in
1780 4183 2114 4239 gubernando
2143 4153 2451 4227 diversitate
2485 4183 2611 4228 oriri
2639 4191 2900 4239 poterant,
2924 4185 3134 4230 obviam

668 4260 852 4313 iretur,
888 4260 1077 4303 missae
1109 4264 1228 4302 sunt
1262 4259 1311 4302 17
1339 4257 1573 4311 Januarii
1593 4256 1835 4300 Andreae
1858 4256 1919 4299 de
1941 4254 2136 4299 Oviedo
2165 4255 2378 4309 regulae
2401 4254 2749 4300 collateralis.
2771 4256 3043 4312 Polaticus,
3063 4269 3134 4301 ex

667 4343 823 4384 com„
841 4331 888 4375 N
891 4332 1055 4375 icolao
1076 4329 1364 4381 Bobadilla,
1385 4338 1640 4383 quaenam
1660 4328 1706 4371 ei
1724 4327 1793 4371 sit
1812 4327 2100 4371 auctoritas
2121 4333 2171 4370 et
2192 4325 2360 4371 officia
2381 4338 2638 4382 exponens
2651 4360 2662 4381 ,
2681 4338 2754 4371 sc.
2770 4360 2781 4378 ,
2804 4328 2848 4371 si
2868 4329 3021 4383 plura
3040 4331 3136 4373 sub

670 4415 726 4447 se
761 4405 978 4448 haberet
1012 4402 1283 4446 Bobadilla
1316 4399 1593 4444 Societatis
1627 4398 1876 4453 Collegia,
1913 4399 2024 4455 ejus
2058 4399 2429 4442 auctoritatem
2446 4409 2537 4442 sen
2564 4404 2882 4454 potestatem
2902 4400 3132 4445 futuram

667 4476 879 4530 qualem
897 4475 1091 4519 habent
1112 4473 1483 4524 provinciales:
1503 4471 1744 4526 quoniam
1764 4481 1892 4514 vero
1912 4481 2068 4515 unum
2088 4476 2291 4516 tantum
2311 4469 2598 4524 Collegium
2626 4472 2722 4515 sub
2756 4482 2811 4514 se
2846 4473 3024 4525 habet,
3044 4483 3137 4523 sc..

669 4547 1074 4602 neapolitanum,
1097 4545 1287 4589 durnin
1306 4555 1366 4588 eo
1387 4544 1471 4597 sit,
1491 4543 1607 4598 pari
1627 4554 1743 4587 cnm
1762 4542 1987 4586 Rectore
2023 4547 2286 4597 potestate
2319 4541 2368 4585 ei
2399 4541 2648 4596 praeerit,
2686 4542 2737 4585 19
2768 4541 2961 4587 Martii.
2993 4543 3136 4588 Idem

672 4619 914 4665 Andreae
946 4618 1008 4662 de
1030 4616 1239 4668 Oviedo.
1256 4622 1314 4661 ut
1333 4617 1451 4660 boni
1472 4616 1707 4659 consulat
1741 4615 1793 4658 in
1825 4613 1992 4657 officio
2014 4613 2252 4657 Rectoris
2283 4623 2317 4657 a
2346 4613 2619 4657 Bobadilla
2637 4613 2929 4667 sublevari,
2952 4615 3136 4659 eadem

668 4690 785 4745 die;
819 4690 1007 4743 eidem,
1041 4696 1099 4734 nt
1133 4689 1493 4742 obedientiam,
1528 4687 1923 4730 constitutiones
1953 4691 2006 4729 et
2025 4684 2386 4740 poenitentias,
2410 4690 2528 4738 ete..
2550 4691 2799 4741 quantum
2818 4685 2929 4734 fieri
2950 4686 3133 4741 possit,
