3679 5414
716 418 789 513 'io
1628 452 1883 513 Cimon.
1924 450 2077 513 SoC.
2120 452 2258 527 Jsss.
2302 452 2308 457 “

713 602 1062 665 abusuum
1091 608 1365 665 secreto
1393 599 1471 663 P.
1507 600 1833 665 Canisius
1863 586 2132 664 obtulit.
2164 599 2281 665 Sic
2302 601 2488 664 enim
2511 609 2579 663 et
2602 598 2677 663 P.
2704 599 2998 665 Claudio
3022 600 3167 676 (cu-

706 707 823 788 Jus
853 708 1146 771 consilio
1177 717 1246 771 et
1279 709 1723 787 auctoritate,
1759 708 2085 789 quamvis
2114 706 2486 787 Augustae
2525 715 2932 770 versaretur
2974 722 3169 786 rege-

713 815 992 893 bantur)
1023 815 1197 879 satis
1226 815 1378 879 fore
1407 804 1801 895 videbatur,
1835 816 1896 878 si
1927 817 2044 897 qui
2070 824 2367 896 possunt
2389 823 2459 878 et
2480 814 2734 877 debent
2756 814 2855 876 illi
2876 813 3167 878 Univer-

712 922 904 984 sitati
924 923 1400 1002 providerent.
1436 921 1677 1003 Itaque
1707 921 1781 985 P.
1816 921 2141 986 Canisius
2169 922 2655 985 communibus
2692 920 3170 1001 professorum

714 1047 800 1092 ac
850 1029 1436 1092 scholasticorum
1485 1029 1852 1092 sententiis
1902 1028 2354 1109 laudabatur,
2404 1042 2473 1092 et
2523 1046 2684 1092 cum
2732 1028 3169 1108 prospiceret

712 1135 1066 1198 communi
1114 1136 1322 1216 bon0,
1370 1144 1447 1198 ut
1491 1136 1754 1199 dictum
1798 1145 1936 1215 est,
1980 1137 2280 1200 cavebat
2318 1146 2556 1200 tamen
2599 1151 3042 1215 summopere
3078 1152 3168 1197 ne

715 1242 931 1304 ullum
961 1240 1298 1305 Societati
1338 1242 1577 1305 odium
1614 1253 1737 1306 aut
1769 1242 2111 1306 invidiam
2130 1251 2414 1323 pareret
2433 1260 2562 1305 nec
2594 1241 2829 1305 futuro
2853 1241 3167 1321 Collegio

711 1347 979 1412 aditum
1006 1350 1494 1430 praecluderet
1534 1346 1574 1410 ¹.

837 1455 970 1519 152.
1058 1456 1134 1519 In
1164 1455 1580 1519 lectionibus
1611 1456 2053 1536 theologiciS,
2088 1457 2413 1538 quamvis
2450 1456 2872 1536 infrequenti
2903 1455 3162 1517 audito-

712 1563 817 1625 rio
848 1572 917 1625 et
944 1580 1200 1643 parum
1232 1563 1322 1625 ad
1352 1562 1851 1626 scholasticam
1881 1547 2278 1627 doctrinam
2311 1563 2592 1640 idoneo,
2626 1562 3167 1643 progredieban-

712 1678 851 1747 tur;
883 1669 1030 1748 ipse
1065 1678 1302 1732 autem
1331 1667 1405 1732 P.
1440 1669 1773 1732 Nicolaus
1815 1669 2235 1749 Gaudanus,
2278 1670 2714 1750 approbante
2753 1668 2827 1732 P.
2876 1668 3168 1733 Claudio

711 1793 797 1839 ac
825 1775 1185 1855 fratribus,
1220 1777 1614 1840 ethicorum
1647 1777 2050 1841 Aristotelis
2080 1779 2452 1841 lectionem
2480 1776 2813 1857 suscepit,
2840 1785 2908 1840 et
2930 1793 3166 1856 quam-

713 1883 823 1945 vis
853 1884 1146 1946 alternis
1177 1884 1421 1947 diebus
1451 1883 1857 1948 Aristotelis
1886 1894 1954 1948 et
1982 1883 2185 1948 Pauli
2220 1885 2556 1949 lectiones
2586 1892 2973 1961 enarraret,
3019 1884 3163 1962 plu-

710 2007 825 2053 res
857 1989 1219 2053 auditores
1249 1991 1343 2053 ad
1366 1991 1640 2054 ethicae
1665 1992 2040 2055 lectionem
2063 2009 2146 2054 ac
2174 1992 2521 2055 lubentius
2545 1991 2995 2054 accedebant.
3022 1990 3163 2053 Ma-

710 2098 916 2177 gistri
947 2098 1136 2160 Petri
1165 2096 1558 2162 Schorichii
1586 2099 1724 2161 alia
1755 2100 1962 2162 lectio
2002 2098 2332 2179 adjuncta
2362 2108 2501 2177 est,
2536 2117 2716 2179 quae
2747 2099 2865 2161 diu
2903 2097 3165 2160 deside·

710 2212 868 2266 rata
897 2204 1148 2284 fuerat,
1184 2206 1370 2285 quod
1399 2206 1460 2267 is
1490 2205 1811 2268 omnibus
1841 2215 2218 2285 pergratus
2245 2215 2453 2285 esset,
2486 2215 2556 2269 et
2585 2223 2746 2268 cum
2782 2205 2855 2268 in
2892 2221 3165 2267 summo

710 2312 1085 2391 gymnasio
1118 2310 1454 2390 Regentis
1484 2312 1786 2374 officium
1814 2322 2166 2392 vacasset,
2202 2313 2388 2394 quod
2417 2329 2692 2392 semper
2723 2328 3026 2391 magnae
3048 2328 3164 2373 au·

707 2418 1055 2480 ctoritatis
1085 2436 1170 2481 ac
1201 2418 1481 2482 virtutis
1509 2419 1909 2482 hominibus
1931 2420 2188 2483 deferri
2211 2421 2410 2500 solet,
2437 2437 2598 2483 cum
2622 2436 2955 2498 magnam
2976 2416 3163 2497 apud

709 2513 1135 2604 populum'et
1158 2526 1600 2588 academiam
1622 2536 1861 2589 teneat
1886 2526 2320 2607 dignitatem,
2349 2527 2534 2590 idem
2555 2525 2894 2605 magister
2917 2523 3167 2587 Petrus

708 2648 880 2711 prae
911 2632 1212 2695 caeteris
1241 2632 1538 2696 idoneus
1569 2634 2013 2696 existimatus
2054 2643 2159 2696 est
2197 2644 2267 2697 et
2305 2635 2396 2697 ad
2437 2632 2508 2697 id
2547 2650 2801 2696 munus
2838 2640 3160 2705 vocatuS,

709 2738 896 2819 quod
927 2748 1163 2802 tamen
1187 2738 1390 2819 juxta
1422 2741 1795 2803 consilium
1824 2740 1901 2803 Ρ.
1938 2740 2214 2805 Claudii
2241 2742 2492 2805 merito
2524 2750 2926 2804 recusatum
2957 2748 3081 2803 est.

831 2844 965 2906 153.
1050 2845 1234 2909 Male
1256 2848 1559 2910 habebat
1578 2856 1861 2911 nostros
1885 2865 1969 2910 ac
1991 2849 2409 2928 praesertim
2431 2847 2507 2911 P.
2531 2847 2955 2911 Gaudanum
2979 2845 3163 2928 quod

710 2951 1268 3015 confessionibus
1300 2954 1777 3017 studiosorum
1807 2955 2335 3018 adolescentum
2359 2956 2529 3018 dare
2552 2971 2842 3035 operam
2864 2955 2984 3016 vix
3008 2954 3165 3016 lice·

705 3067 843 3138 ret,
877 3077 1041 3122 cum
1072 3060 1196 3123 vix
1229 3060 1749 3124 haereticorum
1779 3061 2119 3124 librorum
2148 3063 2511 3142 suppellex
2542 3062 2676 3124 illis
2706 3060 2967 3124 auferri
3011 3078 3165 3140 pos-

705 3175 842 3245 set;
875 3165 1060 3229 unde
1093 3168 1371 3231 nonnisi
1400 3170 1619 3247 probe
1650 3168 1976 3247 cognitos
2017 3169 2107 3231 ad
2147 3168 2661 3232 confessionem
2699 3168 3169 3231 admittendos

705 3274 1185 3353 experimento
1216 3273 1446 3337 edocti
1477 3276 1881 3338 censebant.

830 3380 961 3442 154.
1055 3380 1400 3460 Quamvis
1444 3382 1873 3446 auditorium
1901 3392 1970 3446 et
2011 3383 2414 3464 infrequens
2453 3392 2606 3446 erat
2658 3380 3071 3460 Ingolstadii
3101 3388 3169 3442 et

705 3486 1086 3549 subtilioris
1140 3487 1507 3552 doctrinae
1557 3507 1811 3569 parum
1859 3507 2121 3570 capax,
2177 3491 2354 3552 mira
2404 3499 2644 3553 tamen
2696 3506 2856 3551 cum
2896 3486 3165 3566 satisfa-

705 3591 935 3654 ctione
982 3602 1051 3655 et
1101 3595 1453 3673 applausu
1503 3604 1646 3658 tam
1688 3596 2191 3660 Universitatis
2241 3613 2455 3676 quam
2504 3594 3167 3658 circumvicinorum

704 3700 1021 3761 locorum
1044 3701 1271 3763 nostri
1292 3703 1594 3765 lectores
1617 3720 1746 3765 suo
1770 3720 2059 3766 munere
2084 3703 2554 3782 fungebantur
2573 3719 2587 3781 3
2607 3711 2674 3765 et
2697 3703 2825 3765 sub
2851 3702 3021 3765 anni
3045 3701 3165 3762 hu·

695 3802 812 3884 Jus
848 3804 1130 3868 initium
1169 3817 1451 3887 praeter
1491 3826 1762 3871 morem
1800 3810 2207 3872 scholastici
2259 3810 2473 3889 aliqui
2521 3810 2611 3873 ad
2655 3809 3169 3872 confessionem

700 3920 773 3974 et
803 3913 1371 3976 communionem
1402 3914 1819 3978 sumendam
1850 3915 1920 3977 in
1952 3917 2290 3979 sacellum
2327 3917 2551 3979 nostri
2581 3915 2877 3995 Collegii
2915 3933 3165 3978 conve-

700 4028 990 4096 nerunt,
1026 4028 1094 4082 et
1127 4018 1196 4081 id
1229 4020 1529 4100 singulis
1560 4022 1919 4085 mensibus
1948 4032 2023 4085 ut
2065 4022 2383 4086 facerent
2414 4023 2639 4086 nostri
2681 4022 3048 4085 curabant.
3083 4021 3170 4096 Et
3268 4073 3269 4076 η

704 4135 781 4188 ut
813 4126 1126 4189 alliceret
1159 4127 1477 4190 homines
1520 4128 1610 4191 ad
1651 4145 1889 4191 rerum
1929 4129 2399 4209 spiritualium
2437 4129 2861 4209 profectum,
2907 4127 3170 4209 aliquid

706 4232 1045 4312 privatim
1075 4231 1150 4295 P.
1180 4232 1507 4297 Canisius
1537 4252 1666 4298 suo
1691 4235 1761 4297 in
1786 4235 2107 4298 cubiculo
2133 4237 2234 4299 eis
2257 4236 2743 4316 praelegebat3
2769 4253 2934 4298 nam
2957 4235 3171 4297 etiam

701 4339 1072 4402 catholicis
1101 4340 1173 4402 in
1205 4338 1590 4404 Germania
1623 4341 1941 4404 solidiori
1982 4341 2442 4407 fundamento
2483 4344 2555 4406 in
2584 4343 2794 4406 rebus
2834 4343 2923 4405 ad
2962 4341 3172 4405 fidem

703 4446 1218 4526 pertinentibus
1250 4464 1429 4527 opus
1458 4466 1613 4512 esse
1655 4449 2308 4529 deprehendebant;
2353 4451 2538 4514 unde
2577 4468 2699 4513 eos
2740 4448 2925 4513 idem
2967 4448 3167 4513 Cani·

771 4612 803 4652 ,¹
862 4612 1138 4668 Polancus,
1162 4627 1227 4658 ex
1255 4619 1647 4669 commissione,
1679 4618 1834 4662 Petro
1868 4619 2099 4673 Canisio,
2124 4631 2217 4663 cur
2238 4619 2473 4663 Rectoris
2494 4620 2543 4662 in
2568 4619 2923 4663 Universitate
2946 4617 3171 4662 officium

705 4695 970 4728 assumere
992 4698 1090 4731 non
1113 4688 1372 4742 expediat,
1396 4690 1415 4731 1
1440 4688 1728 4733 Februarii.
