3679 5414
1600 465 1729 525 ΑΝ.
1776 466 1919 525 1552
2898 470 3022 529 457

524 612 761 674 batur.
792 610 1016 673 Erant
1047 620 1287 674 autem
1315 629 1406 674 ex
1436 612 1539 674 eis
1567 612 1886 674 nonnulli
1914 613 2284 691 praeclaro
2326 612 2613 691 ingenio
2656 622 2725 675 et
2769 615 3012 678 animo

523 717 832 798 praediti
860 726 931 780 et
958 726 1106 780 tam
1149 719 1358 797 parvi
1404 735 1619 799 quam
1664 727 1835 781 natu
1879 718 2299 797 grandiores
2337 736 2493 781 sese
2532 720 2877 784 submisse
2920 739 3012 785 ac

525 825 909 905 prudenter
939 833 1010 887 et
1038 825 1356 888 modeste
1387 826 1755 904 gerebant.
1788 824 2102 905 Singulis
2130 826 2490 889 mensibus
2520 828 2834 890 universi
2877 845 3016 908 pro.

525 948 723 994 more
753 932 1232 1011 Collegiorum
1264 931 1665 1012 SocietatiS,
1712 932 1931 1012 aliqui
1962 941 2198 996 autem
2229 933 2688 1013 frequentiuS,
2723 935 3005 999 confite-

526 1039 808 1119 bantur,
842 1048 913 1102 et
947 1040 1018 1102 in
1048 1039 1301 1119 spiritu
1331 1038 1521 1102 haud
1561 1040 1862 1102 obscure
1905 1057 2229 1103 crescere
2271 1040 2720 1118 videbantur,
2768 1060 3015 1121 quam*

524 1146 638 1210 vis
681 1147 871 1209 enim
919 1146 1233 1210 Mutinae
1279 1146 1581 1226 juvenes
1630 1147 1807 1210 satis
1850 1135 2190 1227 flagitiosi
2229 1164 2313 1210 ac
2353 1148 2782 1225 maledictiS,
2820 1148 3012 1229 jura-

525 1253 782 1317 mentis
812 1263 880 1317 et
910 1253 1481 1317 execrationibus
1510 1254 1895 1317 assuefacti
1921 1264 2179 1333 essent,
2208 1241 2332 1334 qui
2360 1255 2431 1318 in
2456 1255 2718 1318 scholis
2740 1255 3009 1319 nostris

525 1361 1095 1439 instituebantur,
1124 1362 1213 1423 ab
1239 1361 1349 1424 his
1373 1344 1859 1440 abhorrenteS,
1887 1361 2244 1442 simplices
2266 1373 2333 1424 et
2356 1364 2710 1425 mansueti
2732 1363 3019 1426 incede*

525 1469 729 1547 bant,
765 1485 896 1531 nec
926 1468 1111 1531 inter
1142 1484 1219 1530 se
1248 1484 1603 1548 pugnare,
1637 1477 1708 1530 et
1736 1468 2321 1548 praeceptoribus
2350 1469 2595 1532 sedulo
2635 1468 2806 1532 dare
2850 1487 3009 1550 ope·

523 1592 684 1638 ram
713 1575 1207 1637 cernebantur.
1241 1573 1515 1638 Diebus
1544 1574 1916 1638 dominicis
1947 1585 2016 1638 et
2047 1574 2318 1638 feriatis
2347 1576 2562 1639 etiam
2592 1577 2694 1638 rei
2724 1576 3016 1640 divinae

527 1691 598 1745 et
649 1683 979 1745 concioni
1030 1683 1452 1761 intererant,
1506 1683 1836 1762 quamvis
1885 1682 2112 1761 frigus
2161 1701 2304 1746 non
2341 1701 2596 1764 parum
2637 1685 3010 1747 molestum
3048 1698 3054 1705 ·

526 1798 737 1852 esset.
781 1789 1033 1852 Editae
1072 1788 1359 1852 fuerunt
1399 1790 1689 1867 regulae
1741 1800 1810 1853 et
1855 1790 2139 1869 quidem
2182 1790 2251 1852 in
2298 1791 2539 1853 tabula
2583 1789 3010 1871 descriptae,

526 1896 780 1975 quibus
809 1895 1374 1959 informabantur
1403 1897 1756 1976 quomodo
1787 1914 1864 1959 se
1894 1913 2145 1976 gerere
2178 1898 2513 1960 deberent
2542 1905 2692 1960 tum
2729 1898 2802 1960 in
2843 1899 3014 1961 ludo

526 2003 905 2081 litterariO,
949 2013 1097 2066 tum
1139 2003 1209 2065 in
1252 2003 1422 2082 viiS,
1478 2013 1629 2067 tum
1671 2003 1895 2083 domi,
1948 2014 2159 2084 prout
2208 2005 2280 2067 in
2325 2004 2642 2083 Collegio
2688 2003 3012 2067 Romano

526 2110 761 2173 fiebat.
805 2109 1222 2174 Addebatur
1264 2110 1517 2174 modus
1548 2119 1760 2192 atque
1791 2111 1967 2174 ordo
1995 2112 2512 2175 conscientiam
2556 2110 3012 2175 examinandi

527 2226 692 2280 ante
739 2227 1016 2297 tempus
1060 2218 1339 2297 quietiS,
1373 2227 1474 2297 et,
1514 2236 1677 2281 cum
1718 2228 2129 2298 surgerent,
2166 2218 2401 2282 Deum
2431 2219 2771 2298 precandi
2819 2228 2889 2282 et
2934 2237 3015 2282 se

528 2333 719 2388 totos
749 2325 812 2387 ei
836 2324 1165 2387 tradendi
1194 2341 1281 2386 ac
1312 2324 1710 2404 dedicandi;
1737 2326 1993 2405 quibus
2021 2327 2235 2389 rebus
2265 2327 2572 2389 maxime
2605 2326 2694 2389 ad
2724 2326 3016 2390 virtutis

529 2430 839 2494 studium
855 2430 1157 2508 juvenes
1188 2431 1832 2496 inflammabantur.
1868 2432 2110 2496 Nostri
2136 2433 2370 2512 etiam,
2407 2435 2524 2513 qui
2555 2443 3018 2499 externorum,

527 2539 879 2619 profectui
909 2539 981 2600 in
1018 2537 1284 2601 scholis
1311 2539 1689 2618 vacabant,
1728 2540 1918 2602 domi
1953 2540 2298 2620 proficere
2335 2542 2765 2618 nitebantur,
2799 2550 2870 2604 et
2892 2540 3014 2603 alii

529 2646 770 2710 latinis
804 2656 874 2710 et
907 2646 1025 2709 alii
1058 2647 1275 2709 etiam
1304 2647 1588 2727 graecis
1629 2646 1884 2711 litteris
1914 2648 2179 2711 dabant
2210 2665 2524 2732 operam.
2557 2647 2745 2713 Satis
2774 2658 3014 2712 tamen

530 2753 968 2818 intellectum
1018 2762 1146 2833 est,
1196 2747 1709 2818 diuturniorem
1759 2756 2252 2836 probationem
2298 2774 2453 2820 esse
2503 2757 3011 2837 necessariam,

531 2862 670 2924 illis
699 2861 1114 2941 praecipue,
1148 2862 1266 2940 qui
1298 2860 1389 2923 ad
1431 2879 1621 2924 nova
1665 2861 1986 2941 Collegia
2015 2864 2337 2926 mittendi
2368 2872 2551 2926 sunt.
2600 2862 2789 2926 Satis
2816 2881 3008 2926 nam-

531 2986 666 3048 que
689 2968 960 3046 negotii
985 2968 1222 3046 aliqui,
1251 2968 1465 3031 etiam
1488 2985 1579 3031 ex
1602 2967 2011 3048 maj0ribuS,
2039 2969 2328 3032 Rectori
2350 2969 2802 3032 exhibebant.
2830 2969 3013 3033 Cum

530 3082 768 3139 autem
798 3074 873 3137 P.
914 3075 1275 3137 Adrianus
1320 3074 1681 3138 Candidus
1708 3076 1782 3139 in
1813 3077 2296 3139 collateralem
2326 3076 2402 3139 P.
2448 3076 2740 3140 Caesari
2783 3075 3014 3139 Aver-

529 3183 821 3245 sanensi
850 3182 1059 3246 datus
1088 3191 1305 3261 esset,
1341 3183 1557 3245 etiam
1595 3183 2043 3262 experientia
2081 3182 2323 3246 docuit
2362 3182 2761 3263 hujusmodi
2791 3182 3012 3264 *officii

531 3290 813 3369 praxim
841 3290 1076 3369 potius
1115 3288 1206 3352 ad
1246 3289 1730 3353 enervandam
1770 3290 2211 3354 obedientiae
2247 3291 2394 3354 vim
2433 3291 2757 3354 conferre
2795 3308 3009 3381 quam

530 3413 871 3476 magnum
903 3396 1191 3477 aliquod
1221 3397 1565 3460 auxilium
1594 3397 1882 3461 Rectori
1913 3406 1981 3460 et
2011 3398 2308 3460 subditis
2339 3397 2612 3460 afferre.

651 3504 750 3568 99.
841 3503 1185 3583 Quamvis
1222 3505 1651 3585 praecipuus
1692 3504 1966 3568 fructus
2006 3523 2096 3567 ex
2138 3504 2531 3585 juventutis
2569 3505 3014 3569 institutione

530 3620 960 3692 speraretur,
1009 3612 1130 3692 qui
1170 3629 1339 3675 suos
1381 3613 1597 3675 etiam
1639 3622 1975 3693 parentes
2017 3613 2108 3676 ad
2150 3613 2326 3675 bene
2375 3612 2760 3675 vivendum
2803 3621 2872 3675 et
2914 3613 3009 3678 ad

531 3719 1012 3784 confessiones
1036 3720 1355 3783 crebrius
1379 3719 1745 3783 faciendas
1768 3719 2351 3800 exhortabantur,
2379 3729 2448 3783 et
2473 3721 2544 3783 id
2567 3720 3003 3800 obtinebant,

530 3835 602 3889 et
630 3844 762 3890 sua
783 3827 1129 3890 modestia
1153 3829 1412 3907 populo
1434 3826 1889 3890 admirationi
1919 3838 1987 3890 et
2009 3827 2484 3891 aedificationi
2508 3837 2735 3906 erant,
2761 3826 3012 3891 nihilo-

530 3933 765 3996 minus
794 3934 1020 3996 nostri
1048 3950 1174 4013 per
1206 3933 1720 4012 confessioneS,
1769 3935 2304 3997 communiones
2333 3944 2403 3997 et
2443 3936 2824 3998 conciones
2861 3952 3006 3998 mu·

532 4042 883 4104 tinensem
903 4043 1241 4121 populum
1269 4040 1343 4104 in
1365 4041 1647 4105 Christo
1672 4040 1928 4120 Juvare
1956 4043 2396 4121 nitebantur3
2424 4052 2494 4105 et
2522 4044 2592 4106 id
2624 4043 2906 4122 quidem
2934 4044 3006 4105 in

532 4151 793 4228 templo
820 4149 1133 4229 propriO,
1160 4148 1284 4211 ubi
1306 4166 1434 4229 pro
1459 4149 1680 4228 ipsius
1709 4151 2044 4229 angustia
2072 4149 2476 4229 frequentes
2503 4159 2708 4213 erant
2738 4151 3008 4214 audito-

533 4272 681 4334 res;
707 4247 776 4319 et
814 4274 973 4319 cum
1006 4255 1269 4318 omissa
1296 4255 1547 4319 fuisset
1577 4257 1849 4335 conci0,
1886 4275 2066 4336 quae
2097 4258 2169 4318 in
2202 4274 2476 4319 summo
2507 4259 2768 4337 templo
2798 4257 3012 4320 habe-

533 4365 765 4443 batur,
801 4364 1040 4443 aliqui,
1073 4363 1497 4443 praesertim
1526 4373 1925 4443 matronae,
1963 4365 2054 4427 ad
2082 4374 2404 4428 nostrum
2434 4364 2909 4427 convolabant
2937 4373 3012 4426 et

531 4470 995 4535 Sacramenta
1028 4488 1243 4551 saepe
1274 4471 1776 4551 suscipiebant.
1811 4471 1990 4535 Cum
2019 4480 2253 4534 autem
2283 4470 2623 4535 Natalitia
2654 4469 2837 4532 festa
2883 4471 3006 4532 im-

530 4579 903 4657 minerent,
931 4586 1077 4641 tam
1107 4578 1308 4641 multi
1331 4576 1421 4640 ad
1448 4577 1931 4641 confessiones
1953 4578 2219 4640 nostris
2243 4578 2607 4641 faciendas
2631 4577 3005 4640 convenie-

534 4685 704 4748 bant
732 4694 832 4765 ut,
861 4701 1024 4747 cum
1052 4687 1243 4749 nullo
1276 4684 1485 4747 modo
1517 4686 1842 4748 omnibus
1865 4694 2105 4766 posset
2133 4684 2484 4763 satisfieri,
2511 4683 2815 4764 plurimi,
2842 4684 3010 4748 licet
