3679 5414
1624 458 1752 515 ΑΝ.
1800 459 1939 516 1552
2901 457 3010 515 485

522 602 718 682 Jutae
749 600 1057 681 fuerunt,
1086 603 1294 682 virgo
1319 602 1667 682 quaedam
1696 604 1953 665 nubilis
1984 613 2052 665 et
2084 619 2422 682 sponsum
2452 602 2794 679 ambienS,
2822 613 3005 681 post-

529 726 739 788 quam
779 710 1043 772 nostris
1084 709 1406 772 confessa
1449 720 1586 789 est,
1633 709 1910 789 abjecto
1953 712 2144 788 velo,
2193 727 2331 790 quo
2370 710 2644 772 nubiles
2682 709 3007 773 Venetiis

531 818 869 880 obvelare
901 826 1113 897 caput
1144 819 1396 896 solent,
1426 835 1687 897 magno
1713 835 1875 881 cum
1905 818 2159 880 ardore
2191 818 2478 898 spiritus
2508 818 2615 879 bis
2649 818 2719 880 in
2748 817 2999 879 hebdo-

528 924 740 987 mada
761 924 1107 1004 tantisper
1129 926 1220 988 ad
1237 923 1699 988 Sacramenta
1725 926 2128 1004 accedebat,
2153 926 2378 988 donec
2406 926 2476 986 in
2497 925 3005 987 monasterium

520 1040 718 1094 esset
750 1031 1088 1094 admissa.

654 1137 787 1201 162.
876 1136 1037 1201 Duo
1070 1139 1205 1201 viri
1246 1140 1532 1219 capitali
1574 1140 1735 1204 odio
1785 1142 1970 1204 inter
2008 1159 2084 1203 se
2123 1139 2547 1203 dissidentes
2587 1139 2676 1201 ad
2718 1148 3007 1201 nostros

529 1243 849 1324 perducti
881 1254 1063 1324 sunt,
1102 1246 1242 1325 ubi,
1281 1264 1441 1309 cum
1473 1257 1636 1309 ante
1668 1247 2187 1311 confessionem
2208 1246 2381 1309 nihil
2411 1244 2759 1307 difficilius
2790 1247 2878 1308 ab
2904 1246 3005 1308 eis

526 1351 669 1432 peti
692 1361 931 1431 posset
964 1370 1175 1432 quam
1199 1362 1275 1415 ut
1305 1354 1376 1415 in
1405 1354 1716 1432 gratiam
1745 1355 2087 1431 redirent,
2119 1354 2334 1416 immo
2354 1352 2425 1414 id
2452 1352 2608 1415 fieri
2636 1369 2778 1413 non
2795 1369 3005 1431 posse

515 1457 981 1536 affirmarent,
1010 1458 1338 1522 effectum
1362 1470 1599 1523 tamen
1624 1471 1730 1524 est
1759 1480 1885 1541 per
1910 1461 2043 1524 Dei
2073 1461 2403 1540 gratiam,
2435 1468 2511 1521 ut
2541 1468 2702 1538 post
2735 1460 3003 1521 confes-

518 1566 803 1628 sionem
843 1565 933 1628 ad
970 1565 1202 1629 forum
1254 1566 1341 1629 D.
1376 1568 1633 1647 Marci,
1675 1568 2248 1649 frequentissimo
2288 1568 2547 1647 populo
2580 1566 3000 1644 admirante,

529 1673 881 1753 supplices
913 1674 1090 1735 alter
1121 1675 1207 1736 ab
1239 1675 1465 1737 altero
1505 1676 1789 1738 veniam
1825 1676 2299 1755 postularent,
2344 1672 3007 1752 confessionemque

531 1790 599 1842 et
628 1778 1165 1843 Sanctissimam
1194 1780 1717 1845 Eucharistiam
1750 1800 1890 1844 una
1920 1782 2369 1861 postmodum
2399 1789 2820 1859 repeterent.

657 1885 791 1948 163.
882 1885 1184 1965 Quidam
1212 1886 1733 1967 perditissimae
1764 1889 1957 1951 vitae
1987 1887 2354 1966 sacerdOS,
2399 1887 2517 1966 qui
2558 1885 2816 1949 Missas
2861 1886 3005 1949 ido·

531 1994 889 2065 lolatriam
927 2011 1082 2056 esse
1123 2005 1191 2057 et
1235 2004 1521 2057 caetera
1571 1996 1913 2075 mysteria
1967 2014 2053 2057 ac
2104 2004 2557 2057 sacramenta
2605 1995 2798 2056 nulla
2848 2009 3006 2056 esse

532 2099 959 2180 affirmabat,
994 2119 1121 2182 per
1152 2102 1701 2182 disputationem
1730 2120 1773 2164 a
1803 2101 1879 2165 P.
1915 2102 2207 2165 Andrea
2251 2101 2492 2164 divino
2532 2100 2799 2163 auxilio
2842 2118 3003 2164 con-

530 2208 797 2288 victuS,
841 2217 911 2270 et
951 2208 1041 2270 ad
1086 2226 1338 2272 sanam
1378 2219 1683 2273 mentem
1724 2218 2137 2288 revocatuS,
2184 2218 2482 2288 peccata
2523 2207 2889 2270 confessus
2933 2217 3003 2270 et

530 2314 893 2378 absolutus
922 2316 1238 2379 recessit.

653 2421 787 2484 164.
876 2421 1181 2485 Tantum
1232 2422 1393 2486 fidei
1431 2424 1578 2485 suis
1617 2424 2074 2487 confessariis
2121 2423 2562 2504 poenitentes
2602 2421 3004 2484 tribuebant

528 2542 601 2591 ut
633 2530 764 2591 vel.
777 2531 995 2592 semel
1023 2530 1112 2591 ab
1143 2530 1279 2592 illis
1309 2531 1738 2611 commoniti,
1766 2549 1897 2594 nec
1929 2530 2290 2594 laboribus
2320 2547 2450 2592 nec
2485 2528 2822 2607 impensis
2843 2545 3003 2608 par-

524 2645 771 2698 cerent
805 2636 895 2698 ad
926 2636 1107 2698 alios
1138 2637 1229 2698 ad
1260 2638 1508 2700 salutis
1540 2638 1732 2700 viam
1755 2637 2308 2718 promovendos;
2336 2648 2401 2699 et
2431 2635 2504 2698 hi
2534 2637 2792 2698 multos
2824 2636 3002 2715 peri-

515 2744 813 2806 culosae
844 2745 959 2807 vel
982 2744 1394 2824 deploratae
1419 2729 1609 2808 vitae
1633 2746 1955 2808 homines
1974 2746 2338 2825 utriusque
2368 2762 2581 2806 sexus
2608 2744 2698 2806 ad
2721 2753 3005 2807 nostros

528 2849 975 2913 adducebant
1005 2831 1288 2915 Christo
1319 2853 1921 2932 reconciliandOS,
1965 2862 2033 2915 et
2078 2853 2179 2916 eis
2221 2861 2473 2933 postea
2513 2851 2734 2914 variis
2772 2851 3005 2914 modis

528 2956 1088 3037 prospiciebant,
1134 2960 1246 3021 vel
1292 2957 1694 3038 adjuvando
1744 2970 1818 3022 ut
1873 2959 2383 3023 monasterium
2435 2957 2998 3036 ingrederentur,

528 3064 644 3126 vel
675 3072 750 3126 ut
780 3065 1003 3127 vitam
1035 3064 1457 3128 Christianis
1487 3067 1781 3145 dignam
1811 3075 2128 3146 agerent.

653 3171 788 3232 165.
876 3171 985 3233 Ex
1015 3172 1377 3252 discipulis
1408 3183 1645 3236 autem
1673 3183 2083 3236 nostrarum
2121 3172 2528 3234 scholarum
2569 3171 2684 3233 hic
2727 3170 3001 3248 religio·

520 3295 689 3340 nem
732 3278 1293 3359 ingrediebatur,
1343 3280 1456 3343 ille
1508 3281 1785 3360 ingredi
1836 3281 2194 3361 cupiebat;
2235 3279 2542 3359 quinque
2582 3286 2704 3339 aut
2744 3294 2873 3339 sex
2911 3294 3002 3339 ex

528 3385 665 3446 illis
704 3384 793 3446 ad
833 3395 1153 3449 nostram
1193 3387 1619 3450 Societatem
1660 3388 2152 3468 adspirabant,
2198 3387 2318 3449 alii
2356 3385 2571 3448 etiam
2612 3402 2754 3447 non
2791 3385 3003 3464 pauci

518 3501 734 3555 extra
778 3492 1369 3557 scholasticorum
1410 3511 1818 3573 numerum;
1863 3495 1988 3558 sed
2025 3493 2454 3575 pedetentim
2493 3492 2720 3555 nostri
2758 3509 2998 3571 proce-

514 3598 832 3663 dendum
862 3601 1395 3682 existimabant,
1432 3620 1594 3665 cum
1623 3603 2046 3682 praesertim
2076 3602 2193 3683 qui
2224 3618 2309 3665 ea
2342 3601 2412 3662 in
2445 3600 2737 3662 civitate
2767 3597 3002 3677 huJus-

524 3707 718 3770 modi
747 3707 1115 3771 desideriis
1145 3710 1635 3788 movebantur,
1667 3727 1922 3789 parum
1966 3709 2037 3772 in
2074 3709 2325 3772 litteris
2365 3716 2604 3770 essent
2644 3705 2994 3768 instructi.

524 3812 644 3877 Ad
668 3814 963 3877 multam
991 3833 1214 3896 usque
1244 3826 1524 3879 noctem
1554 3817 1936 3897 aliquando
1968 3816 2452 3879 consessiones
2485 3821 2686 3877 erant
2716 3811 3001 3875 audien-

518 3920 694 3999 dae;
736 3921 862 3984 sed
900 3939 1238 4002 magnum
1287 3925 1609 3989 laborum
1651 3924 2179 3987 condimentum
2217 3931 2370 3985 erat
2411 3922 2599 3984 seria
2640 3921 3000 4001 poeniten·

523 4027 703 4090 tium
738 4027 828 4090 ad
869 4028 1256 4092 Dominum
1309 4032 1719 4110 conversi03
1768 4049 1860 4094 ex
1898 4032 2148 4111 quibus
2187 4029 2404 4110 aliqui
2443 4029 2742 4108 singulis
2789 4027 3002 4089 bime·

525 4135 820 4214 stribuS,
855 4136 973 4198 alii
1013 4137 1311 4216 singulis
1350 4139 1741 4217 mensibus,
1786 4138 1906 4200 alii
1949 4139 2161 4200 etiam
2200 4136 2498 4216 singulis
2537 4134 3002 4198 hebdomadis

528 4242 847 4306 confiteri
876 4242 1129 4306 deinde
1158 4247 1681 4326 proponebant,
1716 4264 1856 4326 qua
1896 4245 1970 4308 in
2008 4264 2083 4309 re
2122 4263 2205 4308 ea
2249 4244 2552 4308 tarditas
2591 4259 3000 4321 compensa-

527 4349 755 4429 batur,
810 4369 951 4430 qua
1003 4353 1403 4431 complures
1454 4371 1680 4417 annos
1730 4353 2038 4417 confessi
2077 4371 2219 4416 non
2264 4351 2564 4414 fuerant.
2609 4349 3002 4416 Accidebat

520 4464 768 4518 ¹autem
797 4466 872 4519 ut
899 4467 1202 4537 peccata
1231 4467 1379 4521 tota
1408 4460 1480 4523 in
1502 4459 1872 4540 ‚iuventute
1897 4463 2125 4524 celata
2159 4457 2541 4539 aliquando
2573 4465 2997 4530 retexerem,

528 4564 712 4627 unde
740 4572 811 4626 et
840 4565 1054 4627 totius
1084 4566 1277 4628 vitae
1308 4568 1661 4631 confessio
1691 4580 1848 4633 erat
1886 4569 2291 4649 repetenda.
2327 4567 2527 4629 Multi
2571 4583 2613 4627 a
2653 4564 3000 4627 daemone

480 4651 495 4663 ⁹
527 4671 751 4734 variis
770 4672 1177 4752 praestigiis
1198 4673 1559 4754 ludificati,
1586 4686 1653 4739 et
1678 4678 1797 4739 alii
1821 4677 2088 4754 vexati,
2117 4674 2207 4736 ad
2231 4673 2591 4738 Christum
2614 4672 2996 4735 redierunt.
