3679 5414
1591 455 1721 515 ΑΝ.
1767 455 1901 515 1551
2866 452 2977 512 277

507 632 514 635 ·
631 607 774 672 229.
860 605 1257 687 Scripserat
1293 604 1778 668 Romanorum
1831 601 1990 665 Rex
2037 601 2221 665 Duci
2270 601 2622 664 Bavariae
2672 617 2977 679 eumque

512 715 931 780 adhortatus
978 722 1134 776 erat
1189 712 1282 776 ad
1331 711 1721 792 Collegium
1772 709 2192 791 Ingolstadii
2249 708 2791 782 instituendum;
2848 707 2974 770 sed

513 841 674 887 cum
712 823 802 885 ab
839 822 1193 903 Episcopo
1237 819 1635 884 Labacensi
1671 818 2096 897 intelligeret
2143 816 2393 880 Patres
2438 815 2725 878 Petrum
2769 814 2976 878 Cani-

512 932 695 995 sium
735 946 819 993 ac
870 929 1242 992 Nicolaum
1293 926 1717 990 Gaudanum
1764 926 1862 989 ibi
1897 924 2227 1004 detineri,
2270 942 2402 987 nec
2439 921 2781 986 Societati
2820 921 2973 986 Col-

513 1040 778 1118 legium
841 1035 1110 1099 institui
1138 1083 1152 1114 ,
1222 1051 1482 1114 eosque
1545 1033 1954 1114 aptissimos
2012 1031 2165 1096 fore
2223 1031 2313 1094 ad
2371 1047 2487 1095 res
2543 1028 2977 1093 Viennensis

513 1144 1016 1211 Universitatis
1070 1142 1629 1224 promovendaS,
1698 1159 1830 1205 nec
1895 1157 2052 1204 esse
2110 1156 2235 1203 cur
2290 1155 2628 1219 magnam
2681 1137 2974 1200 haberet

516 1255 866 1318 rationem
904 1270 992 1315 ne
1029 1251 1214 1314 Duci
1254 1249 1922 1329 incommodaretur,
1963 1247 2532 1329 quandoquidem
2569 1246 2708 1309 alio
2738 1253 2975 1308 essent

518 1359 983 1440 amandandi,
1017 1360 1079 1423 si
1107 1359 1499 1438 Collegium
1541 1356 2100 1437 Ingolstadiense
2143 1372 2286 1418 non
2329 1355 2747 1433 erigeretur,
2788 1369 2972 1415 com·

517 1468 708 1532 misit
755 1467 1111 1548 Episcopo
1154 1466 1311 1530 Rex
1352 1475 1429 1529 ut
1466 1465 1688 1546 ipsius
1724 1464 2009 1526 nomine
2046 1462 2122 1526 P.
2167 1462 2445 1542 Ignatio
2495 1461 2836 1524 scriberet
2884 1478 2977 1523 ne

518 1576 682 1639 huic
719 1575 1008 1655 negotio
1048 1574 1348 1638 duorum
1385 1573 1666 1636 illorum
1695 1572 2093 1635 Doctorum
2130 1569 2485 1632 Viennam
2531 1567 2976 1632 adducendo·

518 1700 676 1745 rum
713 1690 1176 1761 repugnaret;
1228 1681 1667 1744 tantumdem
1704 1677 2190 1742 Cancellarius
2227 1677 2448 1759 Jonas
2485 1676 2793 1755 scripsit.
2841 1675 2976 1738 Ro-

517 1789 734 1869 gabat
765 1789 980 1853 etiam
1010 1787 1086 1850 P.
1120 1787 1474 1866 Ignatium
1504 1786 1844 1850 Claudius
1861 1777 1948 1848 ‘ut
1976 1785 2039 1847 si
2066 1783 2550 1846 Romanorum
2573 1782 2754 1862 Regi
2775 1784 2975 1846 satis-

516 1897 813 1976 faceret,
856 1895 933 1958 P.
976 1894 1351 1958 Nicolaum
1385 1895 1759 1973 Lanoyum
1799 1891 2082 1955 Vienna
2120 1909 2262 1954 non
2311 1899 2743 1970 removeret,
2777 1888 2981 1969 cujus

519 2014 587 2067 et
617 2005 1021 2084 exemplum
1048 2003 1241 2067 vitae
1271 2010 1340 2064 et
1368 2001 1735 2065 doctrinae
1765 2009 1834 2063 et
1865 1999 2241 2080 prudentia
2271 1998 2362 2061 ad
2390 1998 2980 2077 gubernationem

518 2111 703 2175 illius
734 2110 1032 2190 Collegii
1061 2109 1522 2173 accommoda
1553 2109 1626 2171 in
1654 2108 1903 2188 primis
1929 2106 2382 2185 videbantur,
2423 2106 2808 2185 meliusque
2838 2105 2979 2168 exi-

523 2219 853 2283 stimabat
873 2227 952 2281 ut
973 2217 1366 2298 Collegium
1385 2235 1604 2281 unum
1623 2216 1949 2280 Viennae
1976 2215 2154 2279 bene
2182 2222 2329 2278 tam
2356 2213 2738 2277 lectoribus
2767 2230 2981 2293 quam

521 2326 997 2406 gubernatore
1025 2326 1449 2388 instructum
1493 2334 1714 2403 esset,
1755 2340 1970 2403 quam
2013 2323 2072 2386 si
2111 2324 2319 2404 plura
2357 2321 2677 2385 Societas
2724 2321 2982 2401 ample-

524 2442 854 2509 cteretur,
909 2450 1091 2514 quae
1138 2450 1285 2496 non
1338 2432 1632 2512 perinde
1683 2432 1954 2495 idoneis
2003 2430 2403 2494 hominibus
2451 2430 2543 2493 ad
2592 2429 2833 2505 finem,
2887 2428 2981 2491 ad

524 2558 730 2622 quem
782 2540 1002 2603 tendit
1053 2538 1406 2619 Societas,
1449 2539 1705 2602 instrui
1748 2547 2062 2618 possent.
2119 2538 2207 2601 Et
2253 2538 2419 2617 quia
2455 2535 2984 2617 coadjutoribus

522 2646 796 2712 idoneis
823 2647 1407 2727 destituebantur,
1440 2647 1715 2728 aliquos
1743 2646 1960 2710 etiam
1989 2644 2390 2726 hujusmodi
2428 2645 2521 2709 ad
2557 2644 2985 2707 domesticas

522 2754 920 2820 functiones
969 2755 1151 2818 mitti
1181 2755 1543 2836 optabant.
1597 2754 1756 2817 Non
1804 2754 2101 2817 libenter
2145 2754 2484 2816 intererat
2521 2752 2598 2815 P.
2644 2752 2981 2817 Claudius

523 2864 1030 2927 examinationi
1058 2863 1542 2944 professorum
1577 2862 2082 2926 Universitatis
2120 2862 2194 2924 in
2229 2861 2515 2940 negotio
2544 2859 2742 2940 fidei,
2785 2870 2855 2924 et
2884 2870 2980 2924 ta-

526 2987 687 3033 men
733 2969 916 3050 Regi
965 2971 1100 3034 hoc
1140 2969 1474 3049 officium,
1527 2970 1693 3033 licet
1742 2970 2101 3049 odiosum,
2155 2968 2344 3048 quod
2391 2986 2475 3031 eo
2518 2976 2891 3048 praesente
2941 2985 2986 3029 a

523 3077 866 3141 ministris
895 3077 1114 3156 regiis
1152 3077 1638 3156 exercebatur,
1672 3092 1939 3154 negare
1968 3094 2113 3139 non
2146 3075 2409 3156 potuit,
2443 3075 2625 3137 sicut
2652 3091 2785 3136 nec
2814 3073 2985 3137 illud

525 3193 601 3247 ut
629 3184 702 3248 in
732 3185 1106 3248 consilium
1131 3184 1489 3248 facultatis
1519 3183 1965 3263 theologicae
1986 3183 2508 3263 ingrederetur;
2542 3180 2726 3245 unde
2756 3189 2825 3244 et
2846 3180 2985 3244 hoc

525 3291 741 3355 etiam
770 3291 1275 3372 praestandum
1303 3291 1437 3355 fuit
1462 3288 1504 3354 ¹.

645 3398 787 3488 230.
875 3399 1062 3463 Inter
1091 3398 1263 3478 alia,
1296 3416 1477 3479 quae
1515 3398 1669 3462 Rex
1708 3416 2166 3463 romanorum
2208 3416 2297 3461 ex
2338 3397 2603 3461 nostris
2645 3396 2985 3476 Ingolsta-

527 3507 888 3571 diensibus
918 3505 1009 3569 ad
1039 3523 1115 3569 se
1153 3504 1652 3570 accedentibus
1692 3514 2085 3587 expeteret,
2132 3504 2302 3569 illud
2341 3507 2557 3568 etiam
2594 3521 2748 3567 esse
2787 3512 2983 3584 puta·

526 3616 755 3694 batur,
788 3623 866 3676 ut
905 3613 981 3676 P.
1025 3613 1314 3677 Canisio
1362 3631 1493 3693 pro
1530 3631 1664 3698 suo
1711 3614 2214 3677 concionatore
2257 3629 2599 3692 germano
2644 3620 2985 3691 uteretur;

525 3737 692 3784 nam
721 3721 841 3800 qui
869 3721 1005 3783 hoc
1036 3737 1326 3783 munere
1357 3721 1555 3799 prius
1581 3720 2012 3800 fungebatur
2039 3737 2186 3783 non
2223 3720 2403 3782 bene
2440 3717 2765 3781 habebat.
2810 3717 2989 3782 Cum

525 3827 1012 3891 fundationem
1043 3845 1128 3890 ac
1157 3828 1595 3890 dotationem
1621 3828 1949 3908 superius
1988 3826 2253 3890 dictam
2296 3825 2595 3905 Collegii
2632 3825 2986 3889 Viennen-

527 3935 626 3998 sis
656 3934 853 4014 fecit,
888 3934 1076 3997 mille
1107 3943 1175 3997 et
1213 3934 1555 3998 ducentos
1597 3934 1902 3997 florenos
1943 3951 2155 4014 super
2197 3932 2367 3996 ferri
2409 3931 2669 3995 fodinis
2706 3930 2987 4012 Styriae

527 4041 948 4121 assignavit.
981 4041 1309 4105 Nondum
1339 4042 1618 4105 viderat
1646 4057 1764 4120 ea,
1798 4058 1981 4121 quae
2009 4038 2329 4103 Societas
2370 4056 2546 4119 erga
2574 4039 2989 4102 fundatores

527 4146 1006 4227 Collegiorum
1048 4146 1254 4227 Juxta
1292 4164 1462 4210 suas
1500 4147 2040 4211 constitutiones
2088 4147 2324 4210 facere
2368 4147 2816 4225 decreverat;
2861 4145 2989 4208 sed

527 4255 656 4318 sub
685 4254 893 4317 finem
923 4253 1132 4334 hujus
1161 4255 1359 4334 anni,
1405 4272 1567 4318 cum
1612 4272 1729 4335 ea,
1775 4271 1955 4336 quae
1993 4263 2445 4334 praestantur
2493 4253 2988 4317 fundatoribus

610 4497 627 4529 ¹
685 4495 968 4550 Polaticus,
990 4507 1060 4539 ew
1077 4497 1481 4552 commissione,
1504 4496 1720 4542 Claudio
1739 4496 1855 4550 Jaio
1869 4529 1880 4551 ,
1902 4497 2188 4541 curandum
2203 4502 2260 4540 ut
2284 4496 2629 4541 Romanorum
2658 4496 2768 4541 Rex
2798 4508 2831 4541 ι
2859 4496 2989 4541 Pon-

526 4566 659 4611 tifice
679 4599 690 4620 ,
711 4577 805 4620 pro
827 4565 1056 4622 collegio
1076 4568 1380 4623 Viennensi,
1402 4569 1469 4613 ad
1489 4574 1691 4623 tempus
1710 4570 1923 4622 saltem,
1946 4568 2097 4622 duos,
2118 4568 2204 4623 qui
2226 4566 2525 4622 Ingolstadii
2558 4576 2676 4613 sunt
2690 4602 2701 4623 ,
2735 4569 2831 4613 sibi
2851 4569 2989 4613 mitti

526 4640 771 4693 postulet,
791 4650 1006 4693 qnorum
1025 4650 1155 4684 unus
1176 4640 1488 4696 theologiae,
1509 4642 1646 4685 alter
1665 4641 2019 4695 philosophiae
2039 4641 2298 4685 docendae
2319 4651 2529 4695 operam
2550 4641 2636 4685 det
2651 4673 2663 4695 ,
2682 4641 2737 4684 22
2756 4640 2990 4696 Septem·

526 4711 652 4754 bris.
