3679 5414
704 405 817 463 74⁴
1628 409 1884 468 Canon.
1925 406 2079 466 Soc.
2121 406 2262 481 Jas.

707 559 1003 630 quenter
1053 552 1465 632 veniebant,
1520 553 1736 616 immo
1776 553 2058 633 aliquae
2096 552 2188 615 ad
2228 552 2551 633 corporis
2603 532 3183 633 castigationem,

708 658 915 720 nudis
943 657 1268 738 pedibuS,
1302 659 1451 723 suis
1480 660 1712 740 palliis
1742 660 2098 737 obtectae,
2127 659 2260 722 sub
2292 658 2544 739 quibus
2574 659 2647 721 in
2678 676 2817 739 quo
2846 659 3176 724 sederent

708 763 1055 844 ferebant,
1103 774 1174 828 et
1201 782 1330 845 pro
1371 766 1710 830 comitatu
1753 764 1985 829 Deum
2024 766 2255 829 solum
2290 764 2663 844 habenteS,
2712 765 3168 830 accedebant.

709 870 1038 950 Quotidie
1068 880 1306 935 autem
1336 873 1552 953 aliqui
1580 873 1947 952 utriusque
1987 889 2200 935 sexus
2229 872 2301 935 in
2331 872 2635 934 ecclesia
2656 871 2955 952 Collegii
2982 889 3173 937 com·

706 978 1187 1058 municabant3
1220 986 1289 1042 et
1319 997 1483 1043 cum
1510 979 1602 1043 ad
1626 979 2061 1060 Episcopum
2087 978 2441 1042 Goensem
2464 977 2851 1058 jubilaeum
2872 980 3189 1044 alterum

707 1084 938 1148 Roma
967 1085 1260 1149 missum
1289 1095 1498 1166 esset,
1546 1095 1694 1149 tam
1724 1086 2018 1149 crebrae
2044 1085 2331 1149 fuerunt
2361 1085 2867 1164 confessiones,
2913 1096 2991 1150 ut
3018 1103 3174 1166 per-

681 1205 686 1210 ’
711 1191 991 1255 difficile
1020 1193 1124 1256 eis
1153 1191 1363 1256 fuerit
1384 1192 1827 1256 satisfacere.

827 1298 969 1362 700.
1058 1299 1236 1363 Tam
1279 1299 1478 1363 multi
1515 1299 1837 1363 homines
1874 1299 2123 1362 diebus
2149 1298 2434 1362 veneris
2475 1298 2774 1378 flagellis
2815 1315 2891 1362 se
2930 1300 3191 1363 caede·-

709 1407 913 1484 bant,
957 1414 1033 1468 ut
1069 1406 1244 1470 nihil
1279 1404 1622 1485 majorem
1665 1402 2231 1468 aedificationem
2258 1406 2373 1468 vel
2417 1405 2960 1469 admirationem
2989 1407 3178 1470 exci-

707 1523 862 1576 tare
904 1522 1168 1593 posset.
1224 1513 1704 1577 Praecedebat
1753 1521 2006 1594 quarta
2058 1513 2237 1575 hora
2292 1522 2453 1593 post
2506 1512 2870 1576 meridiem
2928 1514 3176 1577 concio

709 1619 785 1684 P.
840 1619 1208 1701 GaspariS,
1264 1621 1383 1700 qui
1432 1637 1564 1701 pro
1615 1620 1925 1684 themate
1975 1618 2143 1683 illud
2193 1619 2448 1699 psalmi
2498 1607 2903 1699 acceperati
2946 1619 3191 1684 multa

706 1726 1013 1805 flagella
1035 1727 1473 1807 peccatori&
1501 1736 1570 1790 et
1597 1737 1977 1809 postquam
2005 1728 2254 1790 horam
2278 1727 2632 1806 integram
2662 1727 2822 1789 aliis
2846 1727 2932 1790 de
2964 1728 3179 1792 rebus

710 1835 1173 1898 concionatus
1222 1843 1428 1914 esset,
1484 1835 1788 1898 mediam
1830 1835 2080 1897 horam
2128 1834 2594 1897 declarationi
2644 1832 3008 1897 Passionis
3059 1836 3179 1898 tri-

709 1942 989 2005 buebat.
1016 1941 1192 2005 Erat
1222 1950 1460 2005 autem
1482 1942 1555 2004 in
1575 1959 1855 2005 summo
1879 1941 2089 2005 altari
2111 1942 2349 2020 imago
2382 1940 2723 2004 Crucifixi
2746 1940 2906 2003 velo
2931 1952 3187 2021 operta

711 2057 809 2128 et,
844 2066 1007 2112 cum
1028 2047 1177 2129 Jam
1205 2050 1313 2111 sol
1352 2049 1443 2112 ad
1481 2065 1818 2112 occasum
1855 2058 2217 2130 vergeret,
2252 2048 2458 2111 simul
2489 2058 2702 2128 atque
2731 2048 2819 2111 de
2859 2048 3181 2113 crucifixi

710 2154 999 2220 Domini
1027 2154 1367 2220 Passione
1410 2157 1601 2235 loqui
1644 2156 2056 2236 incipiebat,
2093 2172 2360 2233 omneS,
2395 2155 2695 2234 genibus
2725 2154 2927 2218 flexis
2968 2165 3037 2219 et
3064 2173 3194 2236 pe*

710 2272 910 2328 ctora
954 2263 1444 2343 percutiendO,
1479 2280 1642 2326 cum
1685 2263 2009 2342 suspiriis
2059 2272 2129 2326 et
2180 2262 2521 2342 lacrymis
2553 2263 2865 2342 compati
2896 2261 3179 2326 Christo

709 2387 923 2451 passo
973 2387 1235 2450 magno
1287 2388 1448 2433 cum
1498 2369 1783 2433 fervore
1822 2370 2248 2450 pergebant3
2305 2379 2374 2432 et
2421 2386 2584 2432 cum
2629 2368 2778 2448 jam
2827 2369 2918 2432 ad
2967 2369 3184 2435 finem

710 2493 1012 2556 vergere
1041 2477 1118 2539 P.
1154 2476 1435 2556 Gaspar
1465 2476 1862 2555 videbatur,
1897 2476 2014 2557 qui
2044 2476 2345 2556 flagellis
2375 2493 2451 2538 se
2482 2476 2824 2538 volebant
2854 2477 3191 2555 caedere,

709 2582 1090 2646 veniebant
1118 2600 1208 2645 ex
1253 2583 1573 2646 interiori
1609 2582 1916 2662 quodam
1945 2583 2102 2645 loco
2141 2582 2213 2644 in
2242 2583 2623 2645 ecclesiam
2645 2628 2659 2657 ,
2694 2591 2795 2660 et,
2831 2581 2923 2645 ad
2952 2585 3180 2663 capel·

710 2692 853 2753 lam
883 2690 1129 2754 altaris
1159 2689 1415 2754 summi
1460 2690 1914 2770 congregati,
1947 2707 2107 2753 eam
2148 2690 2549 2770 replebant,
2598 2698 2668 2753 et
2711 2689 2927 2770 aliqui
2968 2689 3195 2755 etiam.

711 2807 916 2861 extra
950 2813 1210 2878 corpus
1241 2795 1424 2878 ejuS,
1459 2796 1648 2878 quod
1670 2807 1820 2861 tam
1849 2797 2111 2861 multos
2140 2798 2417 2876 capella
2446 2814 2589 2859 non
2619 2806 2931 2877 caperet,
2958 2814 3184 2878 prope

713 2905 904 2968 illam
950 2922 1186 2984 genua
1237 2905 1637 2968 flectebant:
1671 2913 1862 2984 tunc,
1899 2904 2174 2968 duobus
2218 2904 2441 2967 cereis
2486 2904 2829 2982 accensiS,
2879 2904 3184 2968 sacrista

715 3012 1102 3091 imaginem
1154 3011 1495 3076 Crucifixi
1541 3021 1821 3075 remoto
1870 3011 2032 3075 velo
2089 3010 2491 3090 detegebat,
2554 3020 2623 3073 et
2671 3011 2963 3074 summis
2990 3028 3184 3097 'cum

713 3120 1142 3199 planctibuS,
1191 3119 1310 3199 qui
1359 3120 1487 3182 vix
1536 3118 1881 3198 explicari
1931 3126 2249 3198 possent,
2305 3117 2472 3179 dum
2525 3117 2692 3180 illud
2736 3119 3182 3183 cantabatur:

713 3232 1017 3288 mortem
1045 3232 1283 3288 autem
1312 3225 1583 3303 crucis,
1624 3234 1793 3304 etc.,
1827 3223 2393 3287 misericordiam
2430 3222 2720 3287 Domini
2751 3224 3181 3289 clamoribus

713 3333 1220 3414 implorabant,
1254 3334 1513 3414 populo
1545 3333 1832 3395 eosdem
1862 3331 2304 3412 poenitentes
2334 3332 2574 3394 multis
2604 3332 2941 3411 lacrymis
2962 3333 3191 3396 comi—

715 3448 934 3518 tante;
966 3449 1058 3518 et,
1094 3440 1418 3520 quamvis
1441 3440 1726 3520 signum
1749 3438 1954 3502 daret
1978 3437 2054 3501 P.
2084 3438 2365 3519 Gaspar
2389 3449 2463 3501 ut
2490 3447 2852 3501 cessarent
2873 3456 2916 3501 a
2939 3437 3178 3518 flagel-

716 3546 835 3625 lis,
876 3546 1003 3609 vix
1044 3546 1332 3610 tandem
1375 3547 1775 3610 cessabant.
1819 3547 1899 3609 In
1939 3545 2090 3608 dies
2129 3553 2365 3608 autem
2406 3563 2740 3609 numerus
2780 3544 3191 3626 hujusmodi.

716 3653 1230 3734 poenitentium
1259 3654 1686 3733 augebatur,
1721 3653 1870 3732 qui,
1905 3660 2279 3733 postquam
2310 3651 2693 3730 flagellatio
2739 3654 2972 3715 soluta
3000 3662 3190 3731 erat,

715 3778 794 3823 se
826 3761 897 3823 in
927 3761 1162 3823 locum
1195 3760 1573 3840 quemdam
1602 3760 1787 3823 intra
1813 3759 2205 3837 Collegium
2233 3758 2693 3838 recipiebant,
2727 3760 2846 3822 ubi
2876 3761 3182 3840 quinque

719 3876 841 3930 aut
870 3884 998 3930 sex
1040 3883 1131 3930 ex
1159 3867 1498 3930 fratribus
1526 3868 1814 3947 plagaS‚
1862 3884 2040 3947 quas
2079 3866 2212 3929 sibi
2252 3866 2666 3944 intulerant,
2701 3868 3076 3944 curabant,
3112 3877 3194 3930 et⁴

718 3992 872 4055 eos,
906 3975 1027 4054 qui
1049 3974 1489 4053 deficiebant,
1518 3975 1675 4038 cibo
1699 3974 2214 4053 refocillabant,
2242 3982 2310 4035 et
2333 3990 2576 4036 omnes
2606 3975 3180 4037 consolabantur.

720 4081 1024 4162 Quidam
1054 4081 1290 4145 autem
1319 4100 1407 4144 ex
1437 4081 1774 4144 fratribus
1819 4081 2111 4144 brevem
2155 4080 2722 4143 exhortationem
2760 4081 2849 4143 ad
2888 4098 3011 4144 eos
3039 4081 3183 4144 ani-

724 4190 1022 4252 mandos
1061 4199 1132 4252 et
1172 4189 1263 4252 ad
1305 4189 1914 4269 perseverantiam
1958 4188 2375 4250 excitandos
2415 4187 2749 4275 habebat,
2792 4198 2860 4251 et
2887 4189 3195 4252 multum.

723 4314 848 4360 eos
900 4297 973 4360 in
1024 4297 1335 4360 Domino
1386 4296 1767 4360 reficiebat.
1820 4295 1900 4359 In
1950 4294 2277 4358 domibus
2327 4295 2540 4357 etiam
2589 4296 2891 4374 privatis
2930 4294 3066 4359 viri
3114 4305 3197 4359 et.

725 4405 1053 4468 mulieres
1081 4405 1427 4484 plurimae
1470 4413 1576 4467 ter
1614 4413 1681 4467 et
1720 4413 1971 4483 quater
2003 4403 2074 4466 in
2105 4400 2547 4465 hebdomada
2583 4401 2984 4481 hujusmodi
3018 4419 3182 4482 poe·

727 4511 1042 4574 nitentiis
1071 4511 1471 4591 utebantur,
1501 4520 1571 4574 et
1600 4529 1682 4574 eo
1710 4528 1827 4573 res
1857 4510 2064 4573 rediit
2094 4519 2169 4573 ut
2199 4508 2395 4588 ipsae
2425 4517 2690 4571 matres
2714 4509 2993 4587 flagella
3021 4526 3187 4573 con-

726 4615 1018 4680 ficerent
1046 4617 1205 4681 filiis
1243 4627 1313 4681 et
1354 4618 1674 4681 ceruleas
1703 4627 1980 4696 vestes,
2027 4615 2418 4697 cujusmodi
2461 4624 2665 4678 erant
2705 4617 2898 4695 illae,
2933 4616 3195 4697 quibus
