3679 5414
693 460 804 520 592
1625 460 1879 521 Cflnox.
1925 461 2075 519 Soc.
2118 463 2257 535 jes,

697 607 1057 671 affirmans
1085 606 1376 670 Patrum
1404 617 1813 671 nostrorum
1844 608 1916 671 in
1945 608 2265 672 Concilio
2295 611 2620 690 exempla
2658 619 2726 672 et
2764 610 3164 675 doctrinam

694 716 819 777 vix
850 715 1086 777 verbis
1115 732 1191 777 se
1221 716 1396 777 satis
1425 716 1782 796 explicare
1812 734 2056 796 posse,
2092 717 2529 779 ostendebat.

813 821 953 884 409.
1041 822 1479 885 Tractabant
1517 824 1741 886 nostri
1785 841 1913 886 sua
1945 823 2174 886 studia
2217 823 2617 903 diligenter,
2654 843 2954 904 quorum
2984 844 3167 889 unus

698 930 768 992 in
825 930 1007 992 festo
1069 930 1401 993 Omnium
1461 929 1887 993 Sanctorum
1946 933 2018 994 in
2074 932 2247 994 aede
2299 950 2508 995 sacra
2558 930 3167 997 dominicanorum

697 1055 940 1102 coram
986 1038 1490 1101 Universitatis
1541 1039 1754 1102 totius
1803 1040 2218 1119 proceribus
2262 1038 2439 1102 adeo
2477 1040 2701 1120 piam,
2753 1042 3047 1119 cultam,
3096 1049 3165 1103 et

696 1145 1136 1209 auditoribus
1185 1155 1466 1225 gratam
1517 1146 1909 1209 orationem
1960 1147 2237 1225 habuit,
2293 1156 2367 1209 ut
2416 1165 2492 1210 se
2543 1165 2904 1227 nunquam
2956 1158 3165 1211 antea

696 1252 1060 1315 meliorem
1092 1254 1451 1315 audivisse
1482 1262 1935 1316 testarentur.

818 1358 957 1421 410.
1046 1360 1160 1423 Ad
1198 1369 1655 1440 aegrotantes
1703 1361 1932 1424 nostri
1985 1362 2365 1442 aliquando
2417 1364 2931 1442 evocabantur,
2985 1364 3167 1426 inter

698 1485 876 1548 quos
904 1477 1133 1531 mater
1162 1468 1509 1548 quaedam
1539 1466 1830 1547 majoris
1862 1469 2285 1532 xenodochii
2314 1469 2582 1533 ordinis
2620 1470 2709 1533 D.
2758 1470 3159 1549 Augustini,

696 1592 860 1637 cum
892 1576 963 1638 in
993 1577 1331 1638 extremis
1362 1577 1746 1655 laboraret,
1783 1586 2072 1640 nostros
2103 1577 2234 1639 sibi
2277 1577 2526 1640 adesse
2566 1578 2773 1639 unice
2813 1578 3162 1657 cupiebat,

697 1692 766 1746 et
796 1701 955 1746 cum
980 1683 1128 1764 jam
1160 1683 1474 1746 auditum
1516 1685 1905 1761 amisisset,
1950 1686 2281 1764 loquente
2322 1694 2558 1747 tamen
2597 1683 2674 1746 P.
2719 1685 3037 1747 Arnoldo
3079 1685 3165 1748 de

697 1791 1038 1869 patientia
1072 1800 1140 1853 et
1170 1791 1530 1853 laboribus
1557 1790 1793 1869 Pauli,
1830 1792 2151 1854 auditum
2182 1801 2327 1855 tam
2359 1801 2689 1855 exactum
2721 1793 2985 1871 recepit
3018 1793 3165 1868 (ha-

697 1898 906 1961 bebat
938 1909 1195 1977 autem,
1229 1899 1397 1960 dum
1424 1899 1724 1977 viveret,
1763 1900 1834 1962 in
1865 1917 1986 1962 ore
2024 1899 2144 1980 pia
2186 1900 2303 1962 illa
2346 1900 2594 1962 mulier
2638 1900 2822 1962 hunc
2863 1899 3164 1980 Aposto-

695 2005 884 2083 lum),
921 2014 996 2068 ut
1027 2007 1240 2068 etiam
1265 2024 1444 2086 quae
1475 2005 1682 2067 valde
1713 2006 2063 2068 submissa
2093 2024 2271 2070 voce
2296 2007 2696 2070 dicerentur
2737 2008 3157 2087 perciperet.

697 2113 1017 2175 Aderant
1058 2114 1122 2175 ei
1170 2122 1413 2192 pastor
1455 2122 1524 2175 et
1565 2112 1684 2175 alii
1722 2131 1865 2175 non
1903 2113 2140 2193 pauci;
2175 2122 2248 2176 at
2291 2113 2571 2177 Patrem
2614 2114 2731 2177 illa
2774 2114 3167 2177 Adrianum
3240 2094 3251 2105 ⁶

697 2220 828 2282 sibi
859 2221 1108 2283 adesse
1133 2221 1571 2300 peroptabat.
1601 2219 2073 2284 Adstantibus
2097 2220 2307 2283 etiam
2331 2220 2419 2283 D.
2455 2218 2895 2284 Cancella'rio
2920 2229 2988 2283 et
3009 2222 3165 2283 aliis

697 2328 1108 2390 doctoribus
1137 2336 1206 2390 et
1238 2328 1632 2405 canoniciS,
1675 2337 2005 2407 porrecta
2036 2344 2250 2390 manu
2280 2336 2684 2392 nostrorum
2725 2346 2801 2390 se
2838 2328 3166 2408 precibus

691 2435 1252 2511 commendavit;
1288 2443 1356 2497 et
1387 2451 1546 2497 cum
1575 2433 1651 2497 P.
1701 2434 2065 2497 Adrianus
2105 2452 2350 2497 omnes
2393 2436 2484 2498 ad
2524 2436 2870 2498 orandum
2908 2454 3038 2516 pro
3082 2453 3163 2498 ea

698 2543 1027 2605 hortatus
1056 2551 1242 2604 esset
1271 2552 1341 2605 et
1382 2543 1532 2622 ipse
1563 2552 1870 2621 orasset,
1906 2543 2174 2621 statim,
2212 2544 2537 2606 oratione
2567 2544 2923 2618 absoluta,
2962 2543 3161 2624 quasi

700 2650 890 2714 aliud
921 2667 1063 2713 non
1092 2659 1537 2731 exspectanS,
1573 2650 1986 2731 exspiravit.
2016 2650 2429 2714 Confidebat
2460 2660 2697 2714 autem
2729 2668 2804 2714 se
2837 2669 2878 2714 a
2908 2667 3161 2731 purga·

699 2758 861 2820 torii
890 2759 1138 2838 poenis
1170 2758 1309 2820 cito
1339 2775 1464 2837 per
1494 2759 1853 2821 orationes
1883 2776 2061 2838 quas
2100 2759 2502 2836 postulabat
2544 2758 3001 2822 liberandam.
3045 2758 3160 2821 Sic

699 2865 877 2928 alius
910 2883 1151 2944 senex,
1185 2875 1428 2945 pastor
1459 2866 1698 2945 templi
1729 2864 1815 2927 D.
1853 2865 2243 2944 MichaeliS,
2269 2864 2345 2927 P.
2380 2865 2798 2943 Adrianum,
2826 2883 2984 2928 cum
3016 2866 3157 2928 ani-

697 2990 887 3037 mam
915 2982 1195 3053 ageret,
1234 2974 1597 3051 evocavit,
1631 2981 1700 3035 et
1731 2982 1805 3035 ut
1835 2973 1969 3035 sibi
1995 2971 2379 3051 jubilaeum
2409 2973 2933 3035 communicare
2976 2973 3157 3050 (con-

695 3098 971 3144 cessum
1004 3081 1189 3143 enim
1220 3081 1285 3143 ei
1314 3080 1569 3156 fuerat)
1603 3080 2047 3160 dignaretur,
2081 3080 2311 3159 petiit,
2347 3097 2569 3159 eoque
2601 3089 3010 3142 reverenter
3049 3098 3160 3142 ac·

695 3198 923 3269 cept0,
958 3189 1198 3251 statim
1228 3207 1266 3251 e
1295 3188 1602 3251 vinculis
1634 3187 1960 3268 corporis
1991 3187 2318 3250 excessit.

815 3295 955 3358 411.
1045 3296 1178 3358 Vir
1209 3295 1524 3375 quidam,
1559 3312 1701 3357 non
1732 3295 2041 3373 exiguae
2073 3294 2551 3372 auctoritatiS,
2597 3311 2756 3356 cum
2796 3311 2926 3372 pro
2962 3311 3157 3356 more

694 3403 998 3483 patriae,
1061 3411 1136 3465 ut
1195 3401 1673 3464 familiaritate
1730 3410 2140 3464 nostrorum
2200 3410 2537 3479 uteretur,
2592 3401 2799 3463 simul
2847 3418 3007 3463 cum
3058 3401 3161 3464 eis

695 3509 929 3572 cibum
958 3528 1212 3589 capere
1244 3510 1484 3587 vellet,
1519 3526 1939 3588 responsum
1971 3509 2035 3571 ei
2067 3507 2201 3571 fuit
2229 3508 2488 3571 fratres
2518 3519 2801 3571 nostros
2834 3509 2978 3570 suis
3022 3519 3159 3570 stu-

694 3616 830 3679 diis
857 3633 1152 3696 vacare,
1187 3632 1317 3679 nec
1347 3616 1458 3678 his
1496 3617 1808 3678 externis
1839 3616 2020 3678 affici
2051 3615 2627 3678 recreationibus,
2664 3614 2761 3676 At
2790 3615 2904 3677 vir
2934 3615 3158 3678 bonus

695 3723 1138 3787 satisfactum
1170 3723 1300 3786 sibi
1322 3731 1601 3804 putanS,
1631 3732 1706 3785 ut
1738 3723 1877 3785 alio
1908 3722 2118 3785 modo
2142 3722 2709 3784 benevolentiam
2732 3721 3153 3802 ostenderet,

693 3831 1030 3911 pulchras
1058 3839 1127 3893 et
1156 3832 1428 3911 amplas
1458 3831 1670 3893 aedes
1699 3830 1963 3893 nostris
1995 3829 2084 3893 ad
2117 3829 2652 3893 inhabitandum
2692 3829 2920 3908 gratis
2966 3830 3156 3891 obtu-

692 3939 792 4001 lit.
837 3938 1040 4002 Alias
1091 3948 1328 4000 tamen
1378 3937 1894 4000 commodiores
1945 3955 2106 4000 cum
2157 3936 2291 3999 Dei
2341 3936 2575 4015 gratia
2624 3937 3153 4015 exspectabant;

689 4063 858 4108 nam
884 4045 998 4109 vir
1030 4046 1210 4110 alius
1240 4044 1440 4107 dives
1471 4053 1539 4107 et
1562 4044 1901 4107 Societati
1932 4044 2404 4107 amicissimus
2435 4045 2745 4123 amplam
2773 4043 3057 4106 domum
3089 4053 3157 4106 et

691 4155 764 4217 in
793 4152 1366 4216 commodissimo
1407 4154 1563 4214 loco
1604 4153 1847 4232 sitam,
1893 4171 2074 4233 quae
2113 4152 2338 4215 tribus
2381 4151 2684 4214 millibus
2730 4151 3155 4214 florenorum

689 4260 1160 4338 vendebatur,
1193 4260 1457 4322 nostris
1496 4276 1731 4322 emere
1772 4260 2148 4338 diligenter
2188 4259 2513 4336 curabat,
2560 4268 2628 4320 et
2667 4268 2960 4338 paratus
3004 4268 3156 4321 erat

689 4377 990 4449 quatuor
1023 4376 1090 4430 et
1122 4367 1424 4448 quinque
1457 4367 1702 4444 millia,
1738 4367 1798 4430 si
1824 4384 2001 4446 opus
2045 4376 2261 4444 esset,
2306 4383 2697 4445 exponere3
2740 4366 2947 4445 quod,
2996 4382 3156 4428 cum

690 4475 1021 4556 copiosus
1050 4474 1320 4536 fructus
1350 4474 1421 4536 in
1450 4474 1662 4536 vinea
1692 4473 1980 4536 Domini
2011 4490 2137 4553 per
2168 4471 2547 4551 operarios
2580 4469 2959 4534 Societatis
3000 4489 3155 4551 pro·

691 4591 1034 4644 venturus
1064 4589 1619 4660 exspectaretur,
1656 4579 2096 4659 aptissimum
2128 4580 2194 4641 ei
2224 4581 2458 4641 locum
2491 4578 2968 4658 quaerendum
3014 4578 3152 4639 exi·

692 4688 1048 4752 stimabat.
1823 4707 1826 4708 ⁷
