3679 5414
660 451 780 510 382.
1596 449 1851 511 Cimon.
1896 451 2047 512 Soc.
2088 452 2229 525 Jsss.

661 615 805 660 non
844 597 1216 677 potuisset,
1259 598 1800 677 promissionem
1836 606 2078 662 tamen
2117 598 2386 678 exegit,
2435 597 2624 678 quod
2662 615 2747 661 eo
2787 608 3132 662 venturus

661 712 878 784 esset,
923 721 1136 783 quam
1176 704 1290 766 ille
1333 705 1651 784 implevit
1690 713 1759 768 et
1799 705 1904 768 sic
1945 706 2032 769 de
2071 705 2397 769 manibus
2430 705 2797 769 daemonis
2843 717 3129 786 ereptus

659 820 789 875 est.
833 812 1032 875 Multi
1070 809 1472 891 hujusmodi
1509 812 1692 875 inter
1730 813 2183 876 brasilienses
2223 813 2586 891 incedunt,
2631 813 2752 891 qui
2790 812 3128 892 baptizati

594 970 599 979 .
661 919 941 981 fuerunt
968 928 1038 981 et
1066 928 1353 998 propter
1383 930 1753 1000 pastorum
1782 920 2185 1000 penuriam,
2220 920 2340 1000 qui
2365 937 2487 983 eos
2517 929 2977 999 quaererent,
3010 938 3126 1000 pe·

656 1026 915 1089 ribant.
945 1025 1062 1088 Ad
1091 1025 1437 1106 quosdam
1465 1036 1702 1091 tamen
1730 1044 1980 1090 eorum
2022 1010 2465 1107 quaerendos
2504 1027 2656 1106 ipse
2698 1027 2773 1089 P.
2819 1027 3124 1092 Leonar-

659 1133 790 1196 dus
819 1150 896 1194 se
925 1134 1371 1212 accingebat.

777 1238 918 1301 437.
1005 1239 1373 1304 Profectus
1421 1250 1528 1304 est
1577 1258 1751 1320 ergo
1801 1259 1965 1304 cum
2013 1258 2141 1305 sex
2188 1240 2557 1320 fratribus,
2603 1258 2905 1320 quorum
2943 1257 3126 1305 unus

657 1355 811 1409 erat
839 1345 1092 1410 Petrus
1123 1347 1390 1411 Correa
1417 1348 1489 1411 in
1517 1348 1818 1412 Brasilia
1850 1346 2225 1428 admissus,
2260 1356 2329 1411 et
2358 1348 2509 1411 fere
2544 1347 2946 1429 quindecim
2975 1347 3125 1412 dies

656 1453 966 1516 secundo
996 1454 1280 1518 flumine
1302 1455 1733 1534 navigarunt
1754 1456 1938 1518 inter
1961 1455 2348 1519 altissimos
2371 1472 2456 1518 ac
2481 1455 2798 1518 desertos
2820 1463 3120 1535 montes;

657 1568 729 1622 et
770 1579 931 1624 cum
968 1579 1054 1624 ea
1099 1571 1522 1643 consumpta
1571 1572 1837 1641 essent,
1894 1580 2077 1642 quae
2122 1563 2213 1626 ad
2251 1562 2520 1626 victum
2581 1579 2823 1626 secum
2862 1561 3120 1624 detule-

656 1679 838 1748 rant,
871 1686 1015 1731 non
1043 1669 1303 1748 exigua
1333 1670 1520 1733 same
1551 1670 1989 1749 laborarunt,
2024 1679 2093 1733 et
2124 1688 2213 1733 ex
2244 1670 2377 1749 his,
2406 1687 2587 1751 quae
2612 1670 2684 1732 in
2707 1669 2977 1749 campis
2998 1687 3120 1732 na·

654 1776 1054 1854 scebantur,
1090 1776 1529 1840 victitabant.
1565 1776 1957 1857 Postquam
1986 1777 2078 1839 ad
2108 1778 2405 1857 populos
2434 1776 2763 1839 indorum
2784 1793 3118 1856 pervene-

652 1893 839 1962 runt,
873 1884 1272 1946 humaniter
1301 1894 1463 1947 sunt
1493 1885 1794 1964 excepti.
1831 1883 2188 1963 Quamdiu
2217 1885 2400 1947 inter
2432 1883 2588 1946 illos
2626 1883 2894 1946 versati
2932 1893 3115 1962 sunt,

653 1990 1208 2053 concionabatur
1246 1990 1497 2055 Petrus
1537 1991 1805 2055 Correa
1844 2008 2026 2071 quae
2065 1991 2165 2054 illi
2202 1990 2276 2054 P.
2323 1990 2740 2054 Leonardus
2786 2006 3116 2069 suggere-

652 2098 795 2176 bat,
829 2106 896 2160 et
926 2098 1060 2161 hoc
1090 2099 1162 2161 in
1191 2100 1491 2178 singulis
1512 2099 1719 2177 lociS,
1747 2099 1820 2162 in
1844 2098 2094 2179 quibus
2118 2098 2585 2175 divertebant,
2620 2096 2996 2159 faciebant.
3030 2098 3117 2160 Et

651 2222 814 2268 cum
843 2205 1021 2269 duas
1048 2206 1263 2269 horas
1293 2208 1863 2285 concionaretur,
1897 2224 2044 2269 non
2081 2207 2310 2268 solum
2349 2205 2729 2268 audiebant
2767 2204 3116 2285 patienter

652 2311 777 2374 sed
803 2330 946 2376 non
975 2331 1129 2376 esse
1162 2313 1625 2377 differendum
1655 2314 2006 2393 dicebant,
2041 2313 2225 2394 quod
2256 2313 2392 2376 illis
2422 2313 2795 2392 suadebat,
2829 2321 2905 2374 ut
2936 2312 3117 2374 scili·

652 2429 763 2482 cet
812 2421 1177 2484 christiani
1215 2421 1491 2501 fierent,
1536 2432 1606 2485 et
1645 2438 1891 2492 omnes
1930 2421 2022 2483 ad
2066 2419 2481 2484 discendum
2520 2421 2710 2500 quod
2750 2418 3113 2482 docuisset

653 2535 940 2605 paratos
971 2545 1046 2590 se
1076 2528 1525 2592 exhibebant.
1559 2528 1698 2592 Sed
1727 2546 1892 2591 cum
1919 2529 2184 2591 nullam
2212 2527 2359 2590 fere
2389 2528 2525 2590 Dei
2553 2527 2877 2589 notitiam
2906 2527 3111 2589 habe·

652 2642 839 2710 rent,
875 2652 1006 2696 nec
1035 2651 1308 2715 regem,
1353 2636 1479 2697 sed
1519 2635 1591 2698 in
1634 2636 1934 2716 singulis
1977 2635 2184 2716 pagis
2222 2635 2527 2715 aliquem
2568 2634 2749 2697 inter
2790 2642 3112 2697 caeteros

652 2741 1093 2821 primarium,
1128 2742 1240 2804 cui
1270 2742 1343 2804 in
1372 2743 1693 2806 omnibus
1735 2744 2137 2820 obedirent,
2183 2743 2609 2822 baptismum
2647 2740 3111 2805 differendum
3141 2759 3145 2762 ·

650 2846 952 2909 ducebat
980 2848 1395 2912 Leonardus
1424 2859 1500 2912 ut
1540 2867 1582 2911 a
1620 2850 1988 2929 gentilitiis
2028 2849 2340 2913 moribus
2383 2867 2468 2911 ac
2514 2849 2873 2913 erroribus
2913 2849 3111 2928 prius

646 2964 1173 3030 revocarentur3
1209 2972 1370 3019 cum
1409 2958 1830 3036 praesertim
1873 2957 2217 3037 quosdam
2259 2957 2567 3019 habeant
2610 2957 2791 3018 inter
2835 2974 2942 3035 se,
2991 2957 3108 3037 qui

649 3061 737 3123 ab
779 3061 936 3125 aliis
985 3064 1215 3125 sancti
1263 3072 1709 3144 reputantur,
1764 3065 2017 3144 quibus
2068 3074 2137 3127 et
2188 3062 2485 3126 credunt
2534 3073 2604 3126 et
2655 3062 2988 3126 obediunt
3036 3064 3106 3126 in

648 3169 991 3231 omnibus,

762 3275 901 3339 438.
989 3277 1167 3341 Cum
1195 3280 1403 3342 unius
1433 3280 1728 3342 istorum
1757 3280 2044 3344 domurn
2072 3279 2147 3341 in
2185 3277 2493 3357 quodam
2531 3293 2719 3358 pago
2763 3276 3107 3340 vidissent

645 3393 714 3444 et
744 3382 1194 3464 deceptiones
1222 3385 1502 3448 illorum
1530 3403 1616 3449 ac
1645 3386 1982 3465 figmenta
2011 3383 2452 3462 didicissent,
2488 3401 2612 3464 per
2653 3384 3106 3464 interpretem

648 3488 932 3553 Petrum
963 3490 1302 3554 Corream
1331 3502 1475 3555 tres
1504 3493 1720 3557 horas
1748 3493 1885 3555 illis
1923 3491 1998 3555 P.
2049 3492 2466 3555 Leonardus
2508 3491 2985 3571 praedicavit,
3038 3502 3107 3554 et

645 3596 1094 3660 brasilienses
1135 3599 1420 3661 omnino
1467 3600 1541 3662 in
1579 3599 1903 3663 omnibus
1939 3599 2002 3662 ei
2041 3598 2588 3678 acquiescebant
2629 3607 2697 3660 et
2735 3615 2903 3661 suos
2947 3599 3106 3661 illos

645 3713 932 3766 sanctos
980 3722 1272 3785 prorsus
1310 3707 1689 3770 mendaces
1730 3706 2251 3785 agnoscebant3
2297 3714 2365 3767 et
2406 3705 2752 3768 instanter
2802 3715 2877 3768 ut
2917 3705 3106 3785 apud

642 3810 834 3889 ipsos
861 3822 1229 3876 manerent
1257 3814 1483 3877 nostri
1510 3822 1579 3876 et
1609 3814 2038 3894 baptismum
2069 3813 2240 3893 ipsis
2280 3811 2685 3876 conferrent
2728 3812 3099 3891 urgebant,

645 3918 882 3981 omnia
931 3936 1006 3981 se
1057 3920 1466 3983 necessaria
1516 3920 2176 3983 subministraturos
2225 3920 2736 4000 promittenteS,
2790 3937 2876 3982 ac
2925 3917 3105 3982 filios

642 4041 810 4087 suos
868 4025 1147 4090 interim
1197 4027 1554 4090 docendos
1614 4027 2013 4091 offerentes.
2065 4026 2476 4089 Miseranda
2515 4043 2807 4105 prorsus
2852 4027 3105 4089 horum

639 4131 1043 4210 ignorantia
1065 4134 1222 4197 visa
1245 4144 1375 4214 est,
1404 4153 1565 4197 cum
1587 4152 1675 4196 ne
1699 4134 2141 4198 moriendum
2164 4133 2446 4213 quidem
2469 4133 2603 4196 sibi
2634 4151 2790 4196 esse
2814 4135 3100 4213 scirent,

635 4257 768 4303 nec
796 4240 964 4322 quid
985 4250 1145 4321 post
1173 4251 1475 4305 mortem
1503 4250 1689 4305 esset
1718 4250 2128 4305 secuturum
2158 4249 2513 4318 curarent;
2548 4257 2756 4303 omne
2786 4241 3103 4320 ipsorum

637 4349 967 4412 solatium
997 4366 1081 4411 ac
1110 4351 1477 4428 negotium
1507 4358 1661 4412 erat
1690 4349 1776 4412 de
1806 4349 1988 4412 bello
2012 4346 2325 4428 gerendo
2357 4363 2572 4426 agere
2596 4356 2665 4409 et
2689 4347 2774 4410 de
2801 4349 3101 4412 bibendo

634 4454 786 4518 dies
814 4466 1197 4537 noctesque
1236 4458 1417 4520 inter
1461 4466 1711 4520 cantus
1749 4466 1819 4520 et
1861 4458 2197 4534 choreaS,
2247 4455 2333 4518 de
2380 4454 2785 4519 occidendis
2826 4465 3100 4520 contra·

639 4562 762 4625 riis
791 4572 859 4625 et
888 4582 1132 4627 eorum
1162 4564 1494 4628 carnibus
1523 4563 1835 4627 edendis.
1872 4563 1988 4627 Illi
2009 4563 2252 4641 etiam,
2287 4578 2465 4643 quos
2495 4571 2783 4626 sanctos
2812 4573 3094 4642 vocant,

638 4686 816 4731 anus
853 4670 943 4731 ad
966 4669 1412 4751 juventutem
1439 4671 1793 4735 redituras
1823 4669 2175 4733 dicebant.
