3679 5414
1626 465 1755 523 ΑΝ.
1801 467 1933 524 1551
2906 468 3006 527 211

554 618 765 690 prout
792 610 868 674 P.
927 610 1243 689 Ignatius
1292 609 1946 685 commendaverat,
1981 612 2052 675 in
2082 612 2217 674 hac
2261 612 2650 675 christiana
2689 612 3010 677 doctrina

538 716 920 781 -edocenda
961 734 1294 780 exercere
1333 717 1700 780 commode
1737 724 2036 796 poterat.
2079 718 2188 781 Ex
2225 718 2363 781 illis
2400 719 2747 783 nobilibus
2786 739 2871 784 ac
2900 722 3009 785 de·

556 824 742 889 votis
772 824 1206 903 mulieribuS,
1239 841 1419 904 quae
1448 824 1857 887 sacerdotes
1885 825 2447 889 mediolanenses
2477 846 2567 890 ex
2590 846 2673 890 eo
2703 827 3012 917 dominio

557 931 751 995 abire
768 929 1004 1011 jussos
1025 931 1225 1011 sequi
1249 931 1497 994 solitae
1518 939 2062 1011 erant,magnus
2083 949 2418 996 numerus
2434 933 2526 996 ad
2545 941 2828 1024 nostros
2851 952 3011 998 con-

558 1038 887 1116 fessionis
920 1047 991 1101 et
1021 1037 1535 1101 communionis
1563 1037 1857 1101 crebrae
1885 1038 2120 1116 gratia
2151 1040 2512 1118 convenit,
2546 1039 2672 1120 sed
2711 1038 3015 1104 eas‘non

558 1144 1035 1209 admittendas
1084 1163 1272 1225 esse,
1314 1144 1640 1224 quamvis
1675 1145 1985 1225 optimae
2023 1154 2389 1209 matronae
2427 1156 2694 1226 essent,
2733 1158 3014 1232 praeter

559 1270 847 1331 paucaS,
882 1261 953 1315 et
982 1252 1263 1332 quidem
1291 1252 1531 1314 habito
1560 1251 1866 1330 delectu,
1901 1253 2218 1332 honestis
2247 1271 2337 1317 ex
2366 1254 2601 1317 causis
2629 1256 3010 1333 constituit3
3085 1323 3089 1329 Δ

560 1376 647 1422 ne
676 1360 945 1423 scilicet
975 1360 1117 1422 ulla
1161 1359 1446 1422 occasio
1477 1359 1619 1438 hiS,
1666 1360 1788 1439 qui
1825 1357 2275 1423 occasionem
2313 1362 2779 1442 quaerebant,
2820 1364 3015 1427 dare-

558 1476 713 1546 tur,
778 1475 1187 1546 suspectum
1243 1466 1552 1530 dominio
1608 1474 1864 1529 veneto
1912 1466 2252 1531 reddendi
2306 1468 2718 1558 Collegium.
2779 1469 3015 1551 Aliqui

558 1575 772 1638 etiam
800 1581 877 1636 ut
901 1574 973 1636 in
994 1572 1418 1637 Societatem
1439 1570 1977 1636 admitterentur
1998 1574 2186 1653 apud
2207 1574 2534 1654 eumdem„
2546 1574 2628 1668 R.
2656 1577 3018 1642 Andream

560 1682 920 1745 instabant
953 1679 990 1744 ².
2361 1661 2556 1772 »ᾇτ’

675 1788 775 1851 96.
864 1787 997 1851 Vir
1040 1789 1327 1868 quidam
1363 1789 1775 1868 primarius,
1818 1789 1938 1869 qui
1981 1806 2057 1851 se
2098 1787 2434 1852 Societati
2478 1791 2785 1855 amicum
2827 1793 3016 1856 exhi·

560 1897 837 1975 buerat,
873 1913 1034 1958 cum
1063 1896 1150 1957 de
1193 1894 1559 1958 Prioratus
1602 1895 2048 1975 possessione
2086 1896 2430 1975 capienda
2468 1907 2824 1978 ageretur,
2866 1918 3017 1980 per·

559 2002 858 2065 suadere
886 2001 962 2064 P.
997 2001 1329 2065 Andreae
1356 2002 1712 2092 nitebatur
1742 2010 1816 2065 ut
1847 2001 2105 2066 nullius
2127 2002 2475 2067 foeminae
2503 2004 3018 2070 confessionem

557 2110 782 2172 nostri
812 2108 1159 2189 audirent,
1185 2117 1277 2189 et,
1303 2119 1380 2171 ut
1408 2108 1805 2188 videbatur,
1832 2108 2059 2172 bonae
2081 2110 2587 2173 existimationi
2613 2121 3018 2176 nostrorum

560 2217 748 2296 apud
774 2216 1206 2296 reipublicae
1234 2216 1419 2279 illius
1462 2224 1828 2279 senatores
1871 2225 1942 2279 et
1982 2217 2349 2280 securitati
2390 2219 2790 2283 consultum
2829 2222 3014 2285 vole—

562 2323 701 2387 bat.
734 2322 872 2388 Sed
903 2341 1063 2387 cum
1109 2324 1427 2387 instituto
1456 2331 1700 2386 nostro
1743 2333 1893 2386 tam
1922 2324 2288 2403 proprium
2324 2333 2394 2388 et
2422 2341 2842 2404 germanum
2880 2328 3015 2391 hoc

562 2449 816 2494 munus
858 2430 1401 2494 administrandi
1429 2437 1880 2493 sacramenta
1908 2429 2373 2494 confessionis
2403 2439 2471 2495 et
2500 2435 3016 2499 communionis

560 2539 676 2617 sit,
709 2540 900 2600 nullo
928 2538 1137 2601 modo
1181 2536 1257 2600 P.
1312 2536 1644 2601 Andreae
1692 2536 1948 2628 Frusio
1997 2537 2209 2601 amici
2251 2538 2437 2601 illius
2479 2541 2852 2620 consilium
2898 2542 3015 2605 ad-

562 2644 979 2710 mittendum
1006 2628 1239 2707 visu'm
1266 2653 1404 2723 est;
1450 2652 1520 2706 et
1549 2641 1698 2724 ejus
1739 2644 2163 2707 sententiam
2193 2643 2267 2709 P.
2303 2645 2619 2725 Ignatius
2649 2648 3015 2713 confirma-

562 2753 685 2816 vit.
712 2753 896 2815 Hinc
918 2763 1150 2815 tamen
1176 2750 1382 2815 facile
1402 2751 1673 2832 percipi
1694 2758 1973 2830 poterat
1993 2769 2136 2814 non
2158 2754 2388 2817 solum
2409 2771 2622 2834 quam
2645 2757 3018 2836 diligenter

561 2868 797 2923 essent
837 2859 1157 2922 cavenda
1188 2876 1369 2939 quae
1411 2868 1662 2921 contra
1692 2859 1953 2921 bonam
1996 2858 2557 2925 aedificationem
2593 2862 2857 2943 fierent,
2890 2864 3017 2927 sed

561 2967 781 3030 etiam
810 2984 1022 3047 quam
1053 2975 1258 3029 caute
1287 2973 1357 3029 et
1399 2975 1662 3045 quanta
1691 2983 1855 3028 cum
1884 2964 2303 3029 dexteritate
2333 2967 2406 3029 in
2435 2968 2642 3031 bonis
2671 2972 3015 3050 operatio·

562 3074 769 3139 nibus
803 3074 1352 3155 procedendum.
1394 3074 1636 3154 Itaque
1678 3074 2052 3136 lectionem
2089 3074 2283 3137 illam
2324 3074 2411 3137 D.
2455 3074 2655 3139 Pauli
2698 3077 2801 3140 sic
2843 3078 3019 3141 viris

560 3182 1057 3263 attemperavit
1112 3181 1188 3245 P.
1247 3181 1306 3245 F
1309 3182 1576 3261 rusiuS,
1654 3189 1732 3244 ut
1778 3181 1972 3244 nulla
2019 3198 2311 3261 prorsus
2364 3181 2671 3246 foemina
2719 3184 2812 3248 ad
2859 3204 3020 3249 eam

561 3288 985 3353 audiendam
1027 3288 1419 3352 accederet.
1461 3288 1528 3351 A
1570 3288 2033 3351 concionibus
2075 3296 2311 3351 autem
2352 3287 2599 3352 diebus
2645 3291 3021 3367 dominicis

567 3405 636 3459 et
675 3395 874 3465 festis
924 3396 1207 3459 excludi
1258 3413 1400 3457 non
1435 3411 1658 3475 -posse
1706 3412 1839 3457 nec
1884 3395 2141 3458 debere
2189 3393 2634 3476 videbantur;
2665 3407 2736 3460 et
2771 3399 3018 3476 nihilo-

566 3504 800 3567 minus
835 3521 977 3567 non
1005 3504 1299 3567 deerant
1327 3503 1465 3567 illis
1494 3502 1713 3565 initiis
1743 3502 1866 3582 qui
1896 3502 2508 3566 obmurmurarent
2536 3513 2605 3566 et
2633 3505 2754 3570 diu
2781 3505 3017 3571 foemi-

564 3628 697 3674 nas
737 3619 981 3673 nostro
1012 3610 1083 3673 in
1114 3611 1371 3690 templo
1409 3609 1836 3673 commorari
1873 3608 2209 3672 dicerent.
2257 3607 2539 3673 Nostris
2575 3611 3019 3683 scholasticis

567 3727 636 3780 et
667 3717 1068 3798 quindecim
1109 3725 1231 3779 aut
1259 3716 1513 3796 viginti
1541 3716 1700 3779 aliis
1741 3716 2056 3779 externis
2084 3715 2271 3779 idem
2309 3700 2521 3780 Pater
2556 3734 2894 3797 graecam
2929 3721 3017 3784 le-

554 3825 879 3888 ctionem
907 3824 1096 3888 domi
1122 3822 1580 3904 praelegebat
1609 3822 1654 3886 ³.

554 4114 559 4119 ,
648 4064 663 4097 ⁸
723 4062 959 4117 Ignatius
978 4063 1061 4106 An
1071 4063 1219 4106 ‚irene
1241 4060 1441 4115 Frusio,
1457 4062 1518 4105 de
1540 4062 1811 4131 mulierum
1828 4062 2247 4116 confessionibus,
2265 4069 2315 4106 et
2332 4064 2392 4106 de
2414 4064 2844 4112 scholasticorum
2860 4076 3027 4114 trans·

568 4137 759 4179 latione
775 4168 786 4187 ,
804 4135 835 4176 9
854 4134 991 4178 Mani.
1038 4144 1043 4150 ·

645 4210 670 4239 ἱ
723 4206 958 4260 Ignatius
977 4206 1185 4250 Secreta
1194 4205 1269 4250 tio
1289 4204 1510 4249 Senatus
1531 4205 1723 4258 veneti,
1744 4204 1790 4249 ei
1810 4206 2015 4259 gratias
2035 4216 2211 4259 agens.
2227 4218 2442 4261 eumque
2464 4207 2525 4249 de
2545 4208 2846 4256 ministeriis
2863 4211 3027 4257 Socie-

568 4279 695 4324 ειυς
713 4278 856 4321 edom
874 4289 950 4330 ns,
983 4288 1114 4331 quae
1149 4283 1339 4328 tamen,
1374 4277 1467 4329 ait,
1503 4276 1702 4320 nonnisi
1728 4277 1882 4333 Juxta
1918 4275 2138 4320 Senatus
2158 4278 2480 4322 voluntatem
2500 4277 2735 4326 venetiis
2769 4294 2802 4326 a
2837 4284 3029 4328 nostri·

558 4351 961 4398 exercebuntur.
979 4349 1034 4391 26
1054 4347 1395 4403 Septembris;
1418 4348 1550 4391 idem
1570 4348 1751 4391 eadem
1772 4348 1853 4390 die
1874 4346 2138 4392 Matthaeo
2158 4348 2392 4393 Dandolo
2406 4383 2417 4403 ,
2440 4362 2554 4394 eum
2584 4362 2776 4407 rogans
2796 4361 2851 4399 ut
2870 4356 3028 4399 consi·

560 4420 636 4464 lio
654 4429 862 4465 nostros
884 4419 1117 4463 Venetiis
1137 4419 1348 4475 adjuvet
1369 4426 1420 4464 et
1441 4419 1726 4473 patrocinis
1749 4419 1952 4473 fos-ean
1975 4419 2110 4464 idem
2132 4420 2371 4464 Andreae
2402 4418 2586 4466 Frusio
2615 4430 2672 4467 ut
2704 4423 2926 4470 Senatus
2946 4425 3030 4471 Se-

559 4493 852 4535 cretarium
873 4497 927 4535 et
949 4491 1270 4535 Matthaeum
1294 4490 1523 4534 nandulo
1545 4491 1721 4535 visitet
1743 4501 2019 4545 eorumque
2039 4492 2352 4536 sententiam
2372 4494 2612 4547 exquirat
2643 4495 2705 4539 de
2729 4498 3033 4542 convenien-

562 4563 689 4611 uoti
708 4564 896 4618 agendi
917 4563 1082 4612 modo.
1102 4574 1317 4616 eamque
1336 4560 1767 4617 sequanum—Hac
1785 4562 1867 4606 die
1882 4563 2038 4607 missa
2053 4571 2133 4607 est
2154 4563 2392 4607 Andreae
2408 4563 2765 4622 Frustoionga
2780 4566 3033 4623 quaedam

568 4635 834 4681 enarratio
849 4667 862 4686 .
883 4633 1179 4679 Secretario
1199 4642 1251 4678 et
1273 4634 1505 4678 Dandolo
1522 4669 1533 4687 ,
1554 4635 1599 4677 si
1616 4641 1908 4689 oporteret,
1927 4634 2260 4688 ostendenda,
2282 4635 2344 4678 de
2377 4636 2678 4695 ministeriis
2692 4671 2705 4696 ,
2723 4640 2961 4698 instituto
2980 4648 3036 4688 et

564 4705 719 4751 modo
744 4706 938 4760 agendi
960 4704 1253 4761 societatis,
1274 4712 1325 4749 et
1347 4705 1469 4759 alia,
1489 4706 1550 4751 de
1571 4717 1672 4760 qua
1692 4705 1826 4750 infra
1850 4707 1943 4750 sub
1962 4717 2012 4748 n.
2036 4704 2115 4749 102
2134 4705 2190 4749 fit
2209 4717 2393 4749 sermo.
