3679 5414
1578 491 1704 549 ΑΝ.
1751 490 1885 548 1551
2853 490 2962 550 289
3006 519 3012 527 ·

488 649 683 719 runt;
714 649 784 703 et
816 640 1097 720 quidem
1124 638 1435 721 Jacobus
1466 639 1579 700 ille
1607 647 1677 700 et
1707 638 1884 700 alter
1926 635 2281 715 Rogerius
2308 654 2452 699 non
2480 637 2555 700 in
2582 635 2959 714 Societatis

490 748 809 811 instituto
845 754 1427 827 perseverarunt;
1468 745 1727 809 nobilis
1765 753 2002 806 autem
2031 744 2146 806 ille
2183 742 2497 823 juvenis,
2542 743 2760 822 Otho,
2804 762 2955 824 per-

491 855 853 918 severavit
882 853 1196 933 quidem,
1244 852 1368 915 sed
1409 851 1761 930 scrupulis
1799 852 2058 914 anxius
2102 849 2439 914 Societati
2478 868 2730 931 parum
2769 869 2954 914 com-

489 960 830 1036 modavit,
867 970 936 1023 et
969 961 1248 1024 demum
1277 941 1569 1022 Parisiis
1597 968 1795 1039 peste
1825 968 2194 1039 correptus
2219 960 2292 1021 in
2324 958 2610 1022 domum
2639 968 2955 1022 nostram

489 1068 956 1149 parisiensem
1005 1084 1163 1129 eam
1207 1066 1468 1145 intulit,
1512 1083 1604 1129 ex
1653 1084 1825 1146 qua,
1882 1083 2069 1128 anno
2117 1067 2566 1145 sexagesimo
2617 1066 2951 1145 secund0,
3009 1131 3012 1136 ,

492 1185 637 1239 tam
665 1176 818 1255 ipse
848 1191 1059 1255 quam
1090 1172 1163 1236 P.
1197 1172 1657 1253 PaschasiuS,
1691 1182 1761 1235 et
1790 1182 2133 1253 quotquot
2162 1174 2235 1235 in
2258 1174 2378 1236 illa
2411 1173 2620 1235 domo
2649 1173 2950 1252 fuerant,

491 1282 892 1362 consumpti
920 1290 1104 1344 sunt.
1139 1282 1226 1343 Et
1253 1298 1331 1343 re
1360 1279 1642 1359 quidem
1662 1298 1869 1359 vera,
1904 1298 2065 1344 cum
2094 1298 2237 1343 non
2265 1288 2452 1343 esset
2491 1278 2802 1342 admissa
2832 1277 2956 1344 So-

490 1391 712 1453 cietas
740 1390 813 1452 in
841 1388 1271 1452 Lovaniensi
1302 1388 1591 1450 civitate
1623 1406 1755 1450 nec
1787 1389 1860 1451 in
1890 1388 2172 1467 BelgiO,
2204 1387 2533 1450 fortassis
2563 1396 2952 1466 temperan-

492 1498 633 1561 tius
670 1498 743 1559 in
782 1495 1180 1580 hujusmodi
1219 1495 1703 1574 admittendis,
1746 1495 2169 1574 praesertim
2209 1493 2618 1574 juvenibus,
2667 1493 2953 1574 procedi

493 1612 791 1683 poterat.

608 1709 750 1772 248.
837 1708 992 1771 Hoc
1032 1709 1185 1789 ipso
1229 1726 1417 1772 anno
1460 1710 1640 1771 inter
1679 1709 1964 1787 multoS,
1998 1709 2119 1788 qui
2150 1709 2638 1788 spiritualibus
2668 1708 2952 1771 medita·

491 1818 799 1880 tionibus
811 1825 976 1879 sunt
994 1815 1233 1895 adJuti‚
1262 1832 1444 1878 unus
1465 1814 1596 1877 fuit
1613 1815 1963 1878 Dominus
1988 1814 2368 1893 Quintinus
2392 1814 2745 1895 Charlart,
2764 1816 2955 1879 theo·

489 1925 728 2004 logiae
758 1923 1173 1987 licenciatus
1203 1941 1289 1986 ac
1332 1923 1778 1985 tornacensis
1818 1922 2247 1985 cathedralis
2286 1923 2630 1986 ecclesiae
2673 1923 2954 1985 canoni-

491 2050 641 2111 cuS,
675 2032 817 2112 qui,
852 2048 1015 2093 cum
1030 2028 1177 2109 J'am
1199 2030 1437 2092 multis
1466 2040 1629 2093 ante
1652 2031 1859 2092 annis
1883 2030 1973 2093 ad
1997 2029 2262 2093 Christi
2290 2031 2588 2092 consilia
2618 2029 2955 2093 sectanda

492 2147 902 2217 vocaretur,
948 2137 1057 2200 his
1108 2136 1394 2199 tandem
1435 2136 1921 2216 spiritualibus
1970 2137 2328 2199 exercitiis
2377 2135 2832 2200 Societatem.
2857 2137 2955 2199 in·

491 2246 697 2326 gredi
718 2244 1114 2324 constituit,
1151 2261 1234 2306 ac
1268 2243 1548 2322 deinde,
1581 2253 1753 2307 vota
1782 2242 2157 2307 Societatis
2188 2244 2534 2322 emittenS‚
2570 2242 2646 2306 P.
2679 2244 2956 2322 Ignatio

490 2352 905 2415 transmisit.
933 2351 1022 2414 Et
1044 2351 1220 2413 satis
1247 2351 1387 2413 late
1416 2368 1506 2414 ex
1535 2350 2018 2430 spiritualibus
2041 2351 2153 2413 his
2181 2350 2541 2413 exercitiis
2569 2351 2956 2430 spiritualis

489 2460 757 2523 utilitas
784 2458 1033 2538 patuit.
1080 2456 1458 2520 Admissus
1488 2457 1701 2520 etiam
1731 2466 1837 2520 est
1867 2457 2005 2521 hoc
2046 2475 2234 2520 anno
2277 2457 2619 2536 Magister
2658 2456 2953 2537 Spigha,

492 2567 776 2645 sarduS,
811 2566 961 2647 qui,
996 2583 1158 2628 cum
1187 2566 1383 2644 prius
1423 2565 1730 2628 adversa
1772 2566 2182 2628 valetudine
2213 2565 2763 2645 conflictaretur,
2797 2575 2957 2645 post

490 2675 893 2753 ingressum
923 2674 1172 2736 melius
1196 2672 1455 2735 habere
1485 2671 1697 2734 etiam
1727 2671 1799 2734 in
1829 2672 2153 2752 corporis
2181 2672 2585 2736 valetudine
2617 2673 2870 2753 coepit.

609 2781 749 2844 249.
838 2780 1049 2843 Anno
1107 2780 1472 2859 superiore
1528 2780 1871 2859 scriptum
1925 2779 2155 2842 fuerat
2212 2778 2562 2860 Reginam
2627 2780 2955 2856 Mariam,

492 2888 869 2951 Flandriae
896 2886 1490 2967 gubernatricem,
1520 2885 1872 2948 Doctores
1900 2885 2389 2950 Lovanienses
2412 2889 2851 2951 consuluisse
2881 2896 2957 2950 ut

497 2996 662 3076 quid
692 2996 779 3058 de
807 2993 1160 3058 Societate
1194 2994 1534 3057 sentirent
1567 2993 1657 3055 ad
1690 3011 1849 3056 eam
1881 2994 2382 3072 rescriberent,
2417 3003 2486 3057 et
2515 3011 2740 3074 grave
2770 2996 2957 3057 testi·

496 3103 808 3166 monium
851 3102 924 3165 in
953 3099 1332 3164 Societatis
1361 3100 1681 3163 favorem
1713 3118 1754 3162 a
1784 3102 2145 3180 primariis
2186 3102 2628 3180 theologicae
2666 3102 2957 3164 faculta-

494 3210 583 3272 tis
622 3207 1030 3271 doctoribus
1068 3207 1310 3270 datum
1346 3207 1584 3270 fuisse.
1632 3206 1809 3270 Cum
1847 3216 2084 3271 autem
2125 3217 2496 3287 urgeretur
2538 3225 2957 3289 responsum

490 3315 830 3396 Reginae,
886 3315 1057 3378 illud
1084 3313 1214 3378 suit
1263 3315 1393 3377 sub
1443 3313 1650 3394 hujus
1689 3314 1858 3376 anni
1899 3315 2206 3378 initium:
2251 3314 2601 3394 Reginam
2641 3314 2957 3378 nondum
3011 3372 3016 3377 .

493 3440 650 3487 esse
686 3423 838 3504 ejus
874 3422 1093 3485 animi
1126 3430 1205 3484 ut
1241 3423 1453 3483 vellet
1492 3421 1890 3506 admittere,
1912 3421 2227 3501 Collegia
2257 3433 2547 3486 nostrae
2579 3421 2961 3486 Societatis

493 3531 821 3610 Lovanii,
847 3530 967 3593 ubi
993 3530 1169 3592 satis
1197 3529 1696 3607 religiosorum
1727 3538 1797 3592 et
1826 3530 2290 3608 collegiorum
2318 3539 2492 3593 erat.
2527 3530 2672 3594 Nec
2702 3532 2959 3594 mirum

495 3646 602 3700 est
629 3638 769 3701 tale
801 3651 1214 3717 responsum
1245 3636 1333 3698 ab
1363 3652 1449 3697 ea
1478 3644 1874 3715 acceptum,
1908 3653 2070 3699 cum
2099 3637 2314 3716 aliqui
2344 3636 2415 3699 in
2444 3636 2594 3716 eJus
2623 3639 2787 3701 aula
2816 3655 2960 3701 non

496 3744 798 3824 exiguae
854 3742 1244 3806 nobilitatis
1290 3741 1553 3804 nostris
1607 3743 1816 3822 plane
1867 3741 2442 3824 adversarentur,
2497 3754 2566 3807 et
2615 3745 2960 3824 quasdam
3020 3807 3022 3809 ,

493 3852 767 3915 nobiles
794 3850 1142 3914 foeminas
1163 3847 1462 3930 jesuitas
1503 3848 1732 3911 factas
1769 3866 1926 3912 esse
1964 3848 2326 3928 dicebant,
2369 3869 2550 3932 quae
2594 3860 2834 3915 tamen
2871 3871 2959 3916 ne

497 3961 843 4022 allocutae
888 3974 1196 4036 unquam
1239 3964 1526 4019 nostros
1573 3955 1884 4035 fuerant,
1928 3967 1997 4019 et
2047 3965 2123 4019 ut
2170 3958 2395 4020 nostri
2443 3960 2965 4038 expellerentur

497 4065 818 4130 Lovanio
845 4082 923 4127 se
952 4072 1325 4127 curaturos
1353 4062 1827 4141 minabantur,
1861 4063 1960 4125 ita
1987 4072 2064 4126 ut
2087 4062 2161 4126 P.
2189 4063 2552 4127 Adrianus
2581 4064 2965 4130 daemones

498 4189 779 4237 omnem
806 4178 1141 4234 conatum
1170 4186 1462 4233 exerere
1493 4169 1789 4249 diceret,
1831 4187 1920 4232 ne
1963 4170 2188 4233 nostri
2229 4170 2626 4251 Collegium
2659 4173 2965 4236 Lovanii

497 4280 861 4343 haberent.
906 4277 1215 4341 Curatae
1264 4284 1426 4339 sunt
1477 4276 1759 4339 demum
1796 4276 2074 4340 litterae
2112 4277 2329 4356 Regis
2371 4296 2828 4343 romanorum
2872 4280 2965 4344 ad

498 4404 704 4450 suam
730 4402 1079 4464 sororem,
1124 4382 1472 4464 Reginam
1510 4382 1843 4463 Mariam,
1888 4401 2051 4447 cum
2090 4385 2249 4448 aliis
2288 4385 2686 4450 Cardinalis
2724 4387 2963 4467 Augu-

499 4494 707 4572 stani,
735 4509 913 4573 quas
935 4508 1098 4555 cum
1126 4491 1517 4571 accepisset
1538 4490 1613 4554 P.
1643 4490 2026 4571 AdrianuS,
2055 4492 2351 4572 ipsemet
2380 4494 2751 4557 Bruxellas
2779 4494 2966 4558 ferre

500 4602 723 4665 voluit
761 4617 924 4663 cum
958 4598 1212 4677 litteris
1251 4598 1844 4661 commendatitiis
1887 4598 2138 4661 decani
2180 4608 2250 4663 et
2288 4602 2696 4665 cancellarii
2736 4602 2964 4666 Lova-

498 4708 763 4772 niensis
786 4708 877 4771 ad
899 4706 1429 4770 praesidentem
1447 4705 1789 4786 Viglium,
1816 4706 2026 4786 quiin
2045 4709 2339 4771 consilio
2363 4708 2679 4788 Reginae
2694 4710 2968 4774 Mariae
3009 4770 3017 4778 .

2549 4843 2611 4897 ¹9
