3679 5414
681 463 793 522 762
1627 460 1880 521 Canon.
1924 461 2077 522 Soc.
2118 462 2257 535 JEs.

676 609 1151 691 poenitentiae
1183 608 1559 687 omiserat;
1594 609 1831 689 plures
1859 609 2181 689 publicae
2214 607 2542 671 mulieres
2577 622 2790 686 quam
2817 605 3154 687 conjuga-

678 725 794 780 tae
831 716 1398 797 reperiebantur,
1452 732 1614 778 cum
1642 715 2014 779 mulierum
2052 732 2389 779 numerus
2426 715 2743 777 virorum
2779 730 3153 779 numerum

675 832 1169 904 superaret;›et
1217 823 1623 903 promiscue
1662 822 2028 886 christiani
2070 840 2232 887 cum
2259 822 2625 885 saracenis
2653 821 3152 902 versabantur;

675 942 745 996 et
776 933 846 993 in
877 948 1036 994 eam
1066 929 1661 994 consuetudinem
1692 948 1806 994 res
1834 939 2162 1008 venerat,
2197 939 2271 993 ut
2302 930 2484 1014 ,talia
2513 930 2636 992 vix
2665 936 2961 1010 peccata
2992 946 3150 992 cen·

676 1047 1031 1116 se1·entur;
1077 1047 1145 1101 et
1186 1037 1298 1114 {ita
1353 1056 1483 1101 nec
1531 1038 1923 1101 remedium
1966 1038 2437 1118 quaerebatur
2489 1045 2610 1100 aut
2662 1036 3148 1100 adhibebatur.

674 1146 852 1210 Cum
881 1161 1055 1224 ergo
1086 1144 1161 1208 Ρ.
1210 1144 1518 1208 Morales
1556 1145 1831 1208 duabus
1869 1145 2184 1208 tribusve
2223 1144 2681 1208 concionibus
2704 1144 2785 1206 'in
2821 1143 2953 1205 hos
2984 1143 3147 1206 abu·

676 1271 797 1316 sus
829 1253 1309 1330 inveheretur,
1343 1252 1565 1315 verba
1594 1251 1743 1331 ejus
1766 1269 1913 1315 non
1943 1252 2189 1331 magni
2215 1252 2722 1332 pendebantur,
2756 1260 2832 1313 ut
2861 1267 3007 1313 non
3038 1251 3151 1315 de·

674 1361 906 1439 fuerit,
941 1359 1062 1439 qui
1083 1377 1213 1439 per
1246 1359 1550 1422 ironiam
1579 1359 1807 1423 eidem
1836 1358 2096 1423 dixerit
2126 1358 2310 1440 quod
2333 1359 2405 1421 in
2431 1357 2578 1438 ejus
2599 1358 2912 1438 gratiam
2939 1358 3155 1420 vellet

673 1485 759 1529 eo
791 1467 903 1530 die
937 1467 1217 1529 veneris
1255 1484 1297 1528 a
1327 1466 1597 1546 gallina
1627 1466 2006 1544 abstinere,
2036 1476 2106 1529 et
2129 1485 2172 1529 a
2194 1464 2502 1546 quodam
2532 1465 2670 1528 alio
2702 1465 3155 1528 condimento

673 1575 884 1638 valde
909 1576 1125 1652 lauto,
1152 1573 1343 1653 quod
1366 1591 1458 1636 ex
1480 1573 1930 1636 comminutis
1952 1574 2261 1649 gallinae
2283 1574 2603 1654 partibus
2626 1572 3154 1637 delicatioribus

676 1681 1078 1744 confectum
1123 1690 1192 1743 et
1225 1679 1448 1742 variis
1479 1680 1917 1743 aromatibus
1948 1697 2316 1759 aspersum
2356 1680 2547 1743 domi
2577 1689 2907 1760 paratum
2943 1679 3155 1742 habe-

673 1789 817 1851 bat.
849 1789 937 1852 Et
968 1787 1300 1868 quamvis
1339 1787 1594 1851 nobilis
1632 1787 1745 1849 hic
1776 1798 1994 1866 esset,
2042 1805 2203 1851 cum
2247 1786 2321 1850 P.
2367 1786 2674 1850 Morales
2715 1785 3153 1866 praefectum

675 1895 989 1958 cohortis
1038 1895 1483 1973 admoneret,
1531 1903 1607 1958 ut
1659 1904 2005 1974 tanquam
2056 1904 2462 1974 suspectum
2510 1894 2597 1957 de
2635 1894 2915 1956 haeresi
2962 1893 3152 1957 hunc

675 2001 1030 2065 hominem
1060 2002 1132 2065 in
1168 2002 1456 2065 vincula
1486 2000 1894 2081 conjiceret,
1930 2002 2049 2080 qui
2080 2017 2238 2064 cum
2269 2000 2508 2064 valido
2532 2008 2719 2063 esset
2749 2016 3047 2079 corpore
3082 2009 3153 2063 et

676 2118 914 2172 tamen
943 2117 1265 2173 uteretur
1299 2108 1699 2189 hujusmodi
1741 2108 1916 2172 cibis
1934 2158 1949 2186 ,
1993 2125 2156 2171 cum
2185 2108 2303 2171 alii
2335 2115 2788 2187 suppeterent
2815 2123 2960 2169 non
2989 2124 3148 2186 pro·

677 2216 877 2280 hibiti
907 2217 995 2279 ab
1032 2216 1377 2295 Ecclesia,
1411 2234 1554 2278 non
1582 2216 1757 2278 bene
1790 2215 1877 2278 de
1921 2214 2425 2279 ecclesiasticis
2457 2214 2860 2295 praeceptis
2890 2214 3156 2277 sentire

679 2323 1078 2400 videbatur,
1133 2322 1364 2403 coepit
1402 2322 1517 2385 ille
1556 2323 1759 2402 quasi
1805 2320 1969 2401 j0co
2012 2322 2201 2385 dicta
2243 2322 2716 2402 interpretari,
2752 2339 2933 2400 quae
2965 2322 3160 2384 serio

677 2429 981 2504 dixerat,
1020 2439 1093 2492 ut
1133 2429 1569 2509 punitionem
1600 2429 1925 2492 evitaret.

799 2535 942 2598 731.
1033 2535 1210 2599 Cum
1263 2545 1502 2599 tamen
1561 2546 2056 2616 perseveraret
2115 2536 2187 2599 in
2236 2534 2832 2616 reprehendendis
2890 2535 3155 2599 acriter

680 2641 1083 2723 hujusmodi
1141 2643 1489 2724 peccatiS‚
1550 2660 1763 2724 quae,
1821 2643 2243 2725 contemptis
2297 2643 2662 2706 Ecclesiae
2716 2643 3155 2724 praeceptiS,

680 2751 1226 2830 grassabantur,
1263 2751 1479 2830 aliqui
1507 2750 1790 2814 tandem
1824 2752 1915 2814 ad
1945 2752 2176 2832 ipsum
2206 2760 2575 2829 venerunt,
2603 2751 2722 2831 qui
2747 2751 3031 2813 omnino
3072 2768 3156 2814 se

683 2857 1040 2921 abstinere
1071 2859 1253 2921 velle
1293 2859 1381 2920 ab
1420 2876 1546 2922 esu
1586 2860 1941 2933 carnium,
1986 2859 2237 2939 quibus
2274 2857 2519 2921 diebus
2560 2858 3149 2937 prohibebantur,

681 2964 1198 3044 promitterent.
1235 2964 1416 3028 Cum
1445 2965 1557 3029 die
1578 2966 1962 3045 dominic0,
1990 2983 2194 3029 suam
2216 2965 2725 3029 habitationem
2752 2965 3155 3044 ingressuS,

680 3069 925 3134 fabros
967 3072 1058 3134 ibi
1118 3072 1525 3136 laborantes
1571 3073 1987 3153 reperisset,
2034 3083 2102 3135 et
2143 3073 2534 3137 admiratus
2578 3072 3155 3152 reprehendisset

679 3179 1198 3259 quodimpune
1241 3180 1427 3242 diem
1465 3190 1790 3245 sanctum
1827 3179 2319 3260 profanarent,
2363 3180 2697 3243 recedere
2748 3196 2871 3242 eos
2916 3177 3150 3259 jussit,

679 3302 756 3348 se
786 3285 998 3348 domo
1054 3285 1425 3349 commoda
1456 3288 1664 3349 malle
1704 3304 1951 3349 carere
1991 3285 2350 3349 affirmans
2385 3304 2597 3365 quam
2640 3296 2716 3350 ut
2760 3286 2861 3349 illi
2897 3285 3157 3349 festum

687 3393 1057 3454 violarent.
1120 3392 1299 3456 Cum
1349 3401 1583 3457 autem
1633 3394 1694 3456 is
1744 3394 2045 3473 singulis
2094 3392 2465 3456 dominicis
2517 3410 2600 3456 ac
2652 3393 2849 3456 festis
2907 3392 3155 3456 diebus

687 3482 1259 3579 concionaretur,
1309 3500 1562 3564 timore
1600 3501 1736 3564 Dei
1771 3501 2082 3581 perculsi
2129 3501 2220 3564 ad
2271 3500 2790 3564 confessionem
2827 3510 3152 3581 peccato-

689 3621 845 3668 rum
902 3606 1377 3686 accedebant,
1431 3625 1508 3670 se
1557 3608 1730 3670 talia
1779 3625 2142 3688 nunquam
2189 3607 2619 3671 intellexisse
2655 3616 2725 3669 et
2773 3616 3153 3687 propterea

682 3710 980 3775 effrenes
1011 3715 1082 3775 in
1112 3713 1289 3776 vitia
1319 3712 1538 3777 fuisse
1567 3715 1941 3795 prolapsos
1970 3714 2325 3790 dicebant;
2363 3731 2609 3777 omnes
2637 3714 2866 3777 eidem
2895 3713 2971 3777 P.
3001 3714 3151 3778 Mo-

682 3819 869 3882 rales
900 3818 1225 3882 confiteri
1253 3821 1616 3900 volebant3
1649 3821 1765 3884 ille
1794 3839 1968 3884 vero
2001 3831 2076 3885 ut
2108 3821 2210 3884 eis
2246 3822 2724 3899 satisfaceret,
2761 3821 2851 3885 ab
2883 3838 3150 3886 aurora

679 3943 903 4006 usque
935 3926 1026 3990 ad
1062 3944 1441 4007 vesperam
1471 3928 1574 3990 eis
1598 3928 1966 3991 audiendis
1989 3927 2436 4008 impendebat
2459 3937 2527 3991 et
2550 3926 2856 3991 interdiu
2886 3928 3151 3993 bonam

679 4042 956 4112 partem
1004 4033 1232 4096 noctis
1275 4051 1359 4097 eo
1410 4034 1483 4097 in
1532 4051 1745 4114 opere
1789 4035 2287 4109 consumebat;
2329 4033 2531 4114 cujus
2574 4035 2678 4097 rei
2717 4034 2992 4097 fructus
3031 4036 3152 4099 hic

678 4138 840 4217 fuit,
875 4139 1064 4220 quod
1105 4140 1226 4219 qui
1265 4142 1699 4204 concubinas
1740 4141 2124 4220 habebant,
2167 4160 2209 4203 a
2238 4158 2315 4203 se
2352 4141 2511 4203 illas
2542 4141 2989 4220 ablegarunt,
3025 4152 3151 4206 aut

679 4247 993 4325 legitimo
1038 4247 1488 4311 matrimonio
1519 4248 1654 4311 sibi
1693 4248 2230 4328 conjunxerunt,
2273 4248 2764 4327 proximorum
2806 4247 3150 4312 offensam

678 4355 1112 4434 poenitentia
1139 4365 1581 4435 -reparantes3
1615 4366 1885 4436 septem
1915 4373 2156 4419 secum
2184 4355 2464 4435 flagella
2489 4356 2876 4418 attulerunt
2908 4355 3152 4433 (disci-

666 4460 922 4540 plinas
951 4462 1273 4542 vocant),
1309 4479 1487 4542 quas
1527 4471 1767 4525 mutuo
1814 4463 1904 4526 ab
1932 4463 2043 4526 his
2071 4471 2140 4525 et
2169 4462 2306 4525 illis
2334 4478 2677 4541 persaepe
2707 4463 3045 4541 petebant
3078 4473 3149 4526 et

679 4567 1030 4631 interdum
1062 4586 1104 4630 a
1132 4568 1627 4648 franciscanis3
1655 4570 2038 4632 conciones
2066 4577 2303 4631 autem
2325 4567 2581 4632 devote
2605 4579 2673 4632 et
2696 4569 2910 4632 etiam
2932 4569 3149 4632 liben-

679 4684 786 4737 ter
817 4675 1061 4736 audire
1097 4686 1513 4755 coeperunt,
1565 4694 1732 4739 suas
1763 4693 2066 4739 coronas
2097 4675 2169 4737 in
2198 4675 2521 4738 manibus
2558 4683 2945 4754 gestantes.
2983 4674 3147 4749 Aie-
