3679 5414
1603 480 1727 538 ΑΝ.
1776 477 1909 537 1551
1931 502 1940 508 ·
2876 482 2990 540 269

517 630 725 693 Italia
759 630 1085 707 exemplo
1115 638 1184 691 et
1214 627 1451 690 verbis
1480 643 1624 689 non
1654 626 1805 688 sine
1839 624 2075 688 fructu
2105 628 2594 704 proximorum
2622 628 2984 708 progressi

521 746 709 815 sunt,
736 738 835 799 ita
857 736 930 798 in
953 734 1338 798 Germania
1361 734 1867 814 tranquillitate
1894 744 2170 798 tantum
2192 744 2260 797 et
2283 735 2644 815 patientia,
2678 752 2839 797 cum
2860 735 2984 796 lin-

520 862 667 924 gua
705 843 856 924 ejus
900 843 1212 923 regionis
1244 843 1810 925 destituerentur,
1858 845 2329 909 aedificationi
2371 861 2527 906 esse
2577 852 2980 923 potuerunt.

520 951 701 1015 Cum
750 952 1058 1029 domum,
1111 951 1231 1013 ubi
1279 961 1434 1014 erat
1483 951 1559 1014 Ρ.
1614 953 1975 1032 Claudius,
2029 954 2473 1032 ignorarent,
2527 950 2990 1031 gubernatori

522 1059 837 1122 civitatis
853 1076 929 1121 se
957 1059 1206 1121 sistere
1230 1058 1642 1139 debuerunt,
1668 1078 1798 1140 pro
1821 1079 2019 1124 more
2049 1060 2199 1141 ejus
2221 1061 2438 1139 urbis;
2472 1060 2591 1138 qui
2620 1076 2782 1121 cum
2808 1058 2987 1119 litte-

521 1183 667 1241 raS,
702 1183 881 1245 quas
903 1166 995 1228 ad
1022 1164 1293 1245 Regem
1321 1166 1662 1246 ferebant,
1694 1168 2012 1243 vidisset,
2049 1185 2171 1231 eos
2194 1167 2593 1230 humaniter
2617 1166 2987 1243 compella-

523 1273 628 1336 vit
677 1282 746 1336 et
790 1273 967 1335 bene
1020 1273 1089 1334 in
1140 1273 1444 1353 hospitio
1494 1275 1792 1337 tractari
1832 1274 2062 1355 jussit.
2107 1274 2222 1338 Ad
2266 1274 2694 1355 Episcopum
2739 1273 2990 1336 deinde

523 1380 1031 1457 Viennensem,
1086 1380 1526 1443 Fridericum
1574 1380 1956 1460 Nauseam3
2012 1382 2458 1444 salutandum
2510 1389 2987 1458 accesserunt,

525 1487 679 1567 qui,
712 1486 946 1550 Patris
975 1486 1339 1549 Bobadilla
1363 1487 1614 1549 litteris
1643 1489 1987 1567 acceptiS,
2024 1505 2230 1568 quem
2261 1497 2613 1550 mortuum
2646 1487 2988 1564 audierat,

525 1595 738 1657 valde
760 1596 1063 1656 laetatus
1084 1603 1216 1672 est,
1244 1603 1311 1656 et
1328 1611 1535 1656 omne
1558 1595 1862 1657 officium
1883 1596 2146 1658 nostris
2176 1596 2445 1658 obtulit.
2466 1594 2740 1657 Deinde
2757 1594 2844 1656 ad
2861 1593 2992 1656 La·

527 1701 857 1764 bacensis
880 1700 1214 1780 Episcopi
1239 1701 1523 1763 domum
1540 1710 1808 1780 euntes,
1836 1711 1906 1764 et
1922 1711 2219 1781 paterno
2238 1701 2491 1765 affectu
2512 1702 2879 1764 charitatis
2902 1701 2998 1762 ab

528 1826 614 1870 eo
649 1809 951 1887 excepti,
986 1807 1242 1870 ibidem
1262 1807 1337 1870 Ρ.
1368 1808 1739 1872 Claudium
1763 1810 2207 1887 invenerunt,
2241 1819 2310 1871 et
2333 1808 2598 1888 aliquot
2629 1808 2800 1887 dies,
2829 1809 2996 1871 dum

530 1916 938 1978 necessaria
968 1915 1039 1977 in
1069 1915 1277 1977 domo
1309 1916 1479 1996 ipsis
1508 1925 1758 1996 parata
1789 1917 2421 1994 concinnabantur,
2456 1916 2642 1995 apud
2674 1915 2999 1979 eumdem

531 2023 962 2102 Episcopum
1007 2032 1439 2085 manserunt.
1477 2022 1828 2086 Postridie
1861 2041 2074 2103 quam
2106 2041 2189 2085 eo
2215 2031 2710 2102 pervenerant,
2747 2023 2837 2085 ad
2867 2022 2994 2084 Re-

531 2146 696 2207 gem
727 2147 1182 2192 romanorum
1213 2129 1528 2206 deducti,
1555 2147 1698 2192 non
1719 2130 2120 2192 humaniter
2161 2132 2387 2193 solum
2418 2130 2542 2192 sed
2578 2138 2646 2192 et
2677 2139 3000 2193 amanter

533 2238 625 2299 ab
670 2254 752 2299 eo
805 2237 1085 2317 excepti
1133 2235 1438 2314 suerunt,
1484 2237 1602 2316 qui
1654 2237 1954 2317 singulis
2003 2254 2291 2299 manum
2339 2237 2750 2317 germanico
2802 2254 3000 2300 more

533 2343 874 2424 porrexit,
909 2343 1080 2405 nulli
1109 2352 1348 2406 tamen
1376 2361 1579 2406 suam
1610 2345 2070 2407 osculandam
2100 2345 2438 2423 praebere
2461 2344 2707 2421 voluit,
2742 2353 2811 2406 et
2840 2360 3002 2422 gra-

535 2451 888 2513 tissimum
926 2459 1333 2513 nostrorum
1374 2451 1759 2513 adventum
1789 2451 1920 2513 sibi
1951 2451 2166 2514 fuisse
2197 2450 2657 2530 significavit,
2692 2459 2762 2512 et
2798 2452 3000 2529 large

536 2558 772 2620 omnia
804 2557 1209 2620 necessaria
1260 2557 1398 2621 illis
1447 2559 1885 2638 suppeditari
1929 2558 2167 2638 jussit,
2211 2566 2279 2621 et
2311 2560 2528 2621 multo
2557 2558 2897 2638 pluribus,
2931 2558 3002 2620 id

534 2674 672 2743 est,
726 2665 1038 2744 triginta,
1095 2681 1169 2728 se
1221 2644 1422 2729 brevi
1461 2666 1726 2729 reditus
1777 2666 2305 2746 assignaturum
2357 2665 2755 2729 affirmavit.
2804 2664 3001 2729 Patri

534 2773 830 2836 Claudio
861 2773 1039 2835 mira
1072 2774 1260 2853 apud
1289 2772 1558 2851 Regem
1590 2781 1741 2836 erat
1771 2775 2196 2852 auctoritaS,
2239 2783 2309 2835 et
2347 2773 2497 2853 ejus
2537 2792 2754 2854 opera
2785 2773 3001 2837 refor-

537 2881 924 2943 mationem
948 2880 1134 2943 illius
1156 2880 1470 2959 regionis
1492 2898 1568 2943 se
1600 2897 1889 2960 sperare
1918 2880 2072 2943 Rex
2104 2882 2541 2959 ostendebat,
2568 2898 2867 2961 eumque
2899 2881 3002 2943 sic

538 2987 878 3051 efferebat
928 2997 1001 3051 ut
1031 3007 1394 3070 nunquam
1434 2989 1976 3068 praestantioris
2020 2989 2385 3051 doctrinae
2430 2989 3005 3051 concionatorem

538 3113 614 3157 se
645 3096 1003 3158 audivisse
1040 3095 1444 3159 affirmaret.

658 3202 799 3265 216.
885 3202 1089 3265 Initio
1120 3203 1402 3282 quidem
1425 3203 1673 3281 nostri,
1708 3212 1784 3265 ut
1812 3203 1884 3265 in
1914 3204 2122 3266 domo
2153 3221 2363 3281 nova,
2397 3203 2715 3265 nonnihil
2745 3202 3002 3264 incom-

539 3310 844 3372 modatis
873 3320 1268 3385 senserunt,
1302 3310 1427 3372 sed
1455 3310 1655 3372 brevi
1686 3310 2282 3390 suppellectilibus
2305 3309 2728 3372 necessariis
2750 3309 3003 3371 instru-

541 3416 657 3493 cti,
692 3416 965 3479 duobus
989 3418 1202 3480 etiam
1231 3417 1592 3495 germanis
1630 3417 1718 3479 ad
1759 3417 2126 3479 servitium
2168 3417 2531 3492 adhibitis,
2566 3415 3010 3478 commodius

542 3522 804 3586 habere
854 3532 1268 3603 coeperunt;
1322 3532 1390 3586 et
1440 3541 1600 3586 cum
1660 3523 1969 3586 familiae
2028 3525 2432 3586 saeculares
2463 3524 2546 3599 ‚in
2602 3523 2720 3585 illo
2768 3539 3005 3585 mona·

540 3630 761 3717 sterio
800 3630 1232 3709 habitarent,
1286 3639 1356 3693 et
1414 3638 1561 3693 tam
1604 3630 1957 3693 foeminae
2000 3648 2213 3710 quam
2262 3630 2462 3709 pueri
2504 3630 2903 3709 promiscue
2934 3629 3007 3691 in

541 3756 626 3800 eo
662 3746 1142 3815 versarentur,
1188 3746 1514 3800 curatum
1552 3738 1766 3800 etiam
1806 3748 1912 3800 est
1962 3747 2038 3800 ut
2088 3739 2313 3800 nostri
2358 3737 2753 3815 religiosius
2794 3738 2882 3799 ab
2921 3722 3036 3798 ea¹

543 3845 1020 3907 saecularium
1072 3845 1587 3907 consuetudine
1637 3855 2195 3908 secernerentur.
2238 3844 2494 3908 Paucis
2536 3853 2698 3924 post
2748 3844 3005 3907 adven-

546 3961 695 4014 tum
755 3952 1032 4030 diebuS,
1093 3953 1430 4032 perdocta
1490 3953 1927 4032 praefatione
1988 3954 2263 4030 habita,
2328 3952 2405 4015 P.
2477 3952 2810 4015 Claudius
2866 3953 3010 4031 epi-

548 4061 805 4122 stolam
853 4059 931 4122 B.
988 4058 1187 4121 Pauli
1235 4060 1325 4122 ad
1383 4077 1718 4122 romanos
1765 4060 2122 4140 explicare
2161 4060 2392 4140 coepit
2443 4069 2511 4122 et
2562 4058 3016 4139 quotidianas

552 4167 895 4229 lectiones
944 4184 1306 4245 nunquam
1357 4175 1464 4229 est
1507 4172 1926 4246 prosecutus
1969 4164 2009 4230 ¹.
2055 4167 2130 4229 P.
2175 4184 2347 4229 vero
2387 4167 2722 4229 Nicolaus
2760 4168 3013 4245 Lanoy

551 4283 882 4353 quartum
912 4274 1167 4336 librum
1209 4274 1544 4353 Magistri
1582 4274 2090 4336 sententiarum
2129 4275 2542 4354 praelegere
2584 4273 2847 4353 coepit;
2892 4289 3012 4335 no·

549 4381 680 4443 stri
722 4390 957 4444 autem
1009 4379 1156 4443 fere
1201 4398 1448 4443 omnes
1488 4382 1828 4444 lectiones
1872 4381 2316 4460 theologicas
2367 4381 2788 4458 audiebant;
2845 4379 3013 4459 quia

553 4498 795 4550 tamen
827 4505 969 4551 non
990 4485 1309 4567 jecerant
1339 4488 1825 4567 philosophiae
1856 4487 2313 4550 fundamenta
2332 4488 2581 4567 solida,
2615 4489 3018 4566 complures

637 4732 653 4763 ¹
714 4730 795 4773 Ita
817 4732 867 4773 in
892 4742 1038 4783 mss.‚
1061 4732 1149 4774 sed
1172 4732 1373 4774 librarii
1394 4740 1538 4774 error
1562 4738 1657 4785 est,
1680 4738 1735 4775 ut
1755 4744 1819 4775 ex
1841 4733 2171 4786 sequentibus
2191 4737 2352 4787 patet.
