3679 5414
1537 472 1664 537 AN.
1711 470 1852 530 1552
2809 471 2920 531 563

450 636 594 681 non
642 619 853 699 pauci
910 618 1359 698 accederent,
1415 617 1692 681 difficile
1729 618 1822 680 ad
1866 617 2307 699 frequentem
2350 618 2916 681 communionem

449 726 1020 806 adducebantur;
1055 725 1272 806 aliqui
1302 733 1540 788 tamen
1569 726 1641 788 id
1672 725 1805 788 sibi
1834 725 2247 805 persuaderi
2277 726 2624 788 sinebant.

902 1044 1032 1108 DE
1074 1041 1461 1108 NOSTRIS
1504 1041 2462 1112 INGOLSTADIENSIBUS

573 1260 715 1323 355.
801 1259 1056 1323 Primis
1087 1260 1358 1324 duobus
1396 1260 1755 1324 mensibus
1793 1258 2000 1339 hujus
2040 1261 2207 1323 anni
2243 1261 2470 1323 nostri
2507 1260 2922 1340 Ingolstadii

454 1369 767 1442 suerunt;
821 1384 961 1446 quo
1012 1376 1329 1447 tempore
1379 1375 1526 1429 tres
1574 1367 1858 1446 novitii,
1905 1366 1993 1432 de
2038 1366 2292 1446 quibus
2341 1366 2689 1446 superiori
2734 1385 2921 1430 anno

455 1475 646 1539 facta
703 1483 811 1538 est
866 1475 1161 1552 menti0,
1221 1474 1544 1537 Lovanio
1600 1473 2044 1552 recedenteS,
2107 1474 2270 1537 illac
2327 1475 2793 1554 transierunt,
2854 1484 2924 1537 et

459 1592 752 1664 quartus
783 1583 924 1645 illic
954 1583 1234 1660 aderat,
1268 1580 1612 1661 Magister
1640 1581 2006 1645 Arnoldus
2044 1579 2404 1656 Conchus;
2449 1581 2574 1644 sed
2613 1599 2775 1645 cum
2804 1600 2921 1644 no-

459 1690 587 1753 stri
617 1690 703 1753 de
734 1689 1175 1752 institutione
1206 1686 1503 1766 Collegii
1542 1688 2125 1767 Ingolstadiensis
2164 1696 2331 1750 tunc
2361 1688 2645 1767 quidem
2672 1684 2924 1768 ptum

461 1803 860 1877 sperarent,
893 1804 1040 1858 tres
1069 1795 1225 1857 illos
1253 1793 1609 1857 Viennam
1639 1794 1730 1857 ad
1767 1793 1844 1856 P.
1889 1794 2259 1858 Claudium
2288 1795 2650 1858 miserunt.
2688 1794 2761 1857 P.
2797 1794 2923 1858 Ca-

459 1904 685 1966 nisius
714 1918 881 1975 cum
911 1902 1435 1981 argentinensis
1464 1901 1753 1980 capituli
1784 1901 2036 1964 litteris
2065 1911 2134 1964 et
2164 1900 2432 1964 Romae
2468 1912 2828 1982 peteretur
2859 1913 2926 1965 et

464 2011 615 2091 ipse
667 2011 1127 2088 invitaretur,
1182 2009 1471 2071 timebat
1512 2025 1601 2071 ne
1653 2010 1883 2071 solum
1927 2008 2311 2071 Doctorem
2356 2008 2785 2073 Gaudanum
2833 2010 2926 2072 ibi

461 2118 859 2198 relinquere
890 2126 1296 2197 cogeretur,
1339 2133 1547 2196 quem
1589 2116 2002 2195 aliquando,
2051 2117 2213 2179 licet
2256 2133 2518 2196 magna
2558 2117 2821 2197 pietate
2858 2128 2926 2181 et

462 2225 726 2288 virtute
756 2224 1184 2304 praeditum,
1219 2223 1552 2286 tenebrae
1583 2223 1932 2303 quaedam
1962 2232 2033 2285 et
2060 2224 2537 2287 desolationes
2558 2225 2927 2300 vehemen-

467 2332 781 2395 tissimae
837 2350 929 2395 ex
977 2330 1487 2394 melancholico
1546 2330 1842 2394 humore
1900 2331 2363 2410 procedentes
2411 2331 2808 2411 vexabant,
2862 2341 2932 2394 et

466 2440 564 2501 ita
595 2440 668 2502 in
697 2439 998 2501 aliorum
1028 2437 1538 2501 Viennensium
1576 2439 1915 2501 societate
1958 2439 2193 2518 potius
2221 2455 2433 2517 quam
2473 2438 2667 2502 solus
2704 2437 2930 2519 Ingol-

468 2546 680 2609 stadii
716 2562 878 2608 eum
915 2546 1192 2608 versari
1237 2545 1573 2625 expedire
1609 2544 1972 2625 judicabat
2016 2545 2364 2609 Canisius.
2413 2545 2761 2624 Quamvis
2815 2564 2933 2610 au-

470 2661 612 2717 tem
666 2652 958 2733 frigeret
1023 2653 1386 2732 negotium
1452 2651 2037 2731 Ingolstadiensis
2115 2652 2441 2733 Collegii,
2517 2654 2936 2718 Eistetensis

472 2760 929 2824 nihilominus
950 2760 1375 2840 EpiscopuS,
1410 2760 1594 2823 sicut
1622 2769 1693 2822 et
1723 2759 2307 2840 Constantiensis,
2343 2762 2938 2826 instituendorum

472 2867 953 2946 Collegiorum
1007 2868 1270 2930 bonum
1319 2868 1634 2930 animum
1682 2877 1849 2929 tunc
1900 2867 2382 2930 ostendebant.
2435 2868 2726 2932 Interim
2770 2869 2939 2932 dum

471 2974 888 3053 Ingolstadii
935 2976 1070 3037 hoc
1122 2992 1307 3038 anno
1358 2983 1851 3053 versarentur,
1885 2974 2344 3055 praecipuum
2374 2994 2463 3039 ex
2490 2974 2938 3055 Augustanis

472 3082 1100 3146 concionatoribus
1143 3091 1213 3144 et
1256 3081 1512 3145 Carolo
1557 3082 2005 3161 Imperatori,
2040 3091 2116 3144 ut
2146 3081 2534 3160 serebatur,
2581 3100 2828 3145 carum
2871 3093 2939 3145 et

476 3190 635 3253 aliis
672 3188 1111 3270 principibus
1152 3189 1524 3251 catholicis
1568 3189 1657 3250 ob
1702 3205 1870 3250 suos
1911 3188 1984 3249 in
2026 3187 2287 3250 tuenda
2327 3188 2464 3251 fide·
2503 3189 2815 3267 laboreS,
2850 3188 2940 3252 ad

473 3298 780 3376 gradum
844 3295 1263 3358 doctoratus
1315 3296 1393 3358 in
1445 3295 1809 3373 theologia
1867 3305 2396 3374 promoverunt.
2474 3293 2788 3359 Praefuit
2856 3296 2942 3358 iis

478 3405 552 3467 P.
588 3404 943 3478 canisius,
992 3404 1111 3483 qui
1156 3404 1517 3467 orationes
1561 3402 1858 3466 subinde
1903 3403 1995 3466 ad
2036 3420 2188 3466 rem
2227 3421 2455 3467 novas
2501 3403 2839 3467 afferebat
2877 3414 2946 3467 et

478 3529 686 3575 suam
712 3529 1006 3591 operam
1043 3520 1121 3573 ut
1159 3511 1448 3590 egregie
1486 3508 2005 3590 disputationes
2045 3510 2473 3574 haberentur
2512 3510 2944 3591 conferebat;

479 3629 548 3682 et
578 3636 740 3682 cum
769 3618 861 3682 ad
891 3627 1175 3681 nostros
1203 3636 1295 3681 ex
1322 3618 1767 3698 promotione
1806 3617 2212 3697 theologica
2248 3617 2503 3698 viginti
2538 3618 2789 3682 floreni
2817 3636 2947 3698 pro

481 3743 677 3789 more
709 3726 1213 3789 Universitatis
1242 3725 1584 3805 redirent,
1619 3725 1881 3803 eidem,
1929 3735 2137 3804 prout
2183 3725 2707 3805 ipsisolebant,
2748 3726 2945 3789 resti·

482 3844 787 3897 tuerunt.
843 3834 938 3897 Ut
960 3834 1169 3912 enim,
1208 3852 1296 3895 ne
1337 3835 1742 3896 saeculares
1785 3832 2115 3895 doctores
2160 3844 2780 3913 conquererentur,
2831 3834 2947 3896 ad-

481 3941 760 4003 mittere
792 3940 1166 4020 pecuniam
1197 3940 1665 4020 cogebantur,
1708 3940 1836 4018 ita,
1873 3956 1962 4001 ne
2006 3957 2049 4000 a
2088 3940 2317 4002 nostri
2343 3940 2645 4004 instituti
2674 3941 2948 4003 ratione

484 4048 925 4126 recederent,
969 4064 1125 4110 eam
1157 4046 1643 4110 restituebant.
1687 4045 1846 4109 Non
1886 4055 2125 4109 tamen
2161 4047 2314 4109 sine
2345 4046 2834 4110 aedificatione
2879 4048 2950 4111 id

484 4153 717 4217 fiebat.
779 4154 1353 4218 Concionabatur
1402 4154 1684 4217 interim
1735 4151 1808 4216 P.
1866 4152 2195 4217 Canisius
2241 4155 2532 4235 popum,
2587 4155 2736 4234 qui,
2790 4155 2955 4217 licet

485 4278 629 4324 non
657 4278 924 4341 paucas
946 4260 1365 4341 Ingolstadii
1387 4262 1767 4325 conciones
1791 4277 1876 4322 eo
1908 4271 2225 4341 tempore
2253 4261 2569 4340 haberet,
2596 4262 2960 4325 insolitam

489 4377 729 4431 tamen
767 4376 837 4429 et
882 4367 1403 4448 quodammodo
1448 4369 1924 4433 insatiabilem
1963 4370 2377 4432 aviditatem
2428 4369 2578 4449 eJus
2628 4370 2961 4432 audiendi

473 4493 575 4547 ¹ac
628 4476 921 4556 proinde
972 4494 1321 4540 summam
1372 4477 1835 4540 attentionem
1888 4476 2331 4555 ostendebat,
2386 4486 2456 4539 et
2504 4477 2604 4541 ita
2651 4476 2961 4540 fructum

499 4584 931 4663 peculiarem
962 4601 1038 4647 se
1069 4585 1435 4664 percipere
1466 4603 1555 4648 ex
1584 4585 1686 4647 eis
1718 4584 2151 4647 declarabat.

612 4690 754 4754 356.
843 4692 1165 4771 Urgebat
1206 4692 1352 4755 suis
1393 4691 1645 4754 litteris
1686 4690 1762 4754 P.
1812 4691 2152 4755 Claudius
2203 4692 2805 4772 Ingolstadienses
2841 4710 2959 4756 no-
