3679 5414
1644 469 1773 528 AN.
1827 469 1968 530 1552
2932 476 3039 536 5⁴1

558 616 790 679 nostri
810 615 1106 696 foribuS,
1135 616 1326 697 quod
1353 617 1583 680 eidem
1605 616 1793 680 Divo
1817 615 2114 682 Nicolao
2137 619 2451 682 dicatum
2473 629 2601 695 est,
2628 619 3031 702 affixerunt,

559 733 849 803 praeter
871 723 1014 787 alia
1038 724 1357 788 carmina
1380 741 1527 788 non
1546 741 1778 805 pauca
1799 725 2021 788 latina
2052 734 2121 789 et
2148 741 2437 806 graeca,
2471 743 2653 808 quae
2681 744 2813 808 pro
2838 744 3041 793 more

560 831 1025 911 collegiorum
1062 832 1446 912 quotannis
1468 831 1762 913 'publice
1792 832 2164 897 ostendere
2208 833 2553 903 solebant.
2598 832 3039 915 Diligentius

558 951 736 1018 ergo
780 955 995 1019 quam
1034 955 1350 1020 unquam
1388 939 1569 1002 alias
1610 940 1806 1018 leges
1845 939 1978 1004 sibi
2018 957 2183 1004 cum
2211 950 2417 1004 extra
2455 940 2741 1004 scholas
2779 950 2929 1005 tum
2959 943 3036 1006 in

557 1044 825 1109 scholis
852 1036 1337 1127 praescriptas
1366 1046 1867 1123 observabant,
1902 1055 1972 1111 et
1997 1065 2088 1111 ne
2117 1065 2161 1110 a
2190 1046 2428 1111 Missis
2469 1056 2537 1110 et
2567 1048 3029 1114 concionibus

563 1151 918 1232 abessent,
950 1153 1367 1232 designatus
1397 1162 1505 1216 est
1548 1153 1652 1216 eis
1695 1154 1769 1217 in
1806 1155 2068 1235 templo
2109 1156 2339 1233 locuS,
2381 1155 2712 1234 quamvis
2756 1157 3034 1220 obmur-

558 1268 924 1323 murarent
955 1259 1171 1340 aliqui
1202 1260 1289 1323 de
1332 1258 1594 1340 populo
1623 1259 1810 1339 quod
1838 1262 2179 1341 templum
2218 1261 2389 1324 illud
2429 1269 2671 1325 tantae
2709 1261 3033 1343 frequen·

556 1365 699 1430 tiae
736 1366 1142 1431 auditorum
1181 1376 1566 1452 angustum
1603 1360 1779 1430 erat.
1825 1365 2227 1447 Pergebant
2255 1376 2325 1431 et
2365 1368 2529 1448 ipsi,
2567 1377 2642 1431 ut
2673 1369 3024 1449 superiori

554 1489 745 1537 anno
794 1472 1138 1553 diximuS,
1193 1473 1716 1538 distribuendas
1753 1474 2187 1555 pauperibus
2230 1476 2723 1556 eleemosynas
2753 1476 3024 1556 quaeri-

551 1589 731 1660 tare,
764 1589 835 1644 et
863 1580 1039 1644 satis
1068 1582 1326 1644 multas
1357 1581 1809 1660 colligebant.
1834 1580 1983 1645 Nec
2006 1583 2236 1645 solum
2259 1582 2397 1663 ipsi
2419 1581 2800 1647 confitendi
2823 1599 3022 1663 regu-

555 1688 701 1751 lam
723 1688 1223 1767 observabant,
1251 1687 1379 1752 sed
1397 1696 1467 1752 et
1490 1689 1671 1752 alios
1695 1687 1786 1752 ad
1809 1687 2328 1752 consessionem
2348 1689 2819 1770 adducebant;
2847 1708 3033 1770 quae

559 1812 646 1859 eo
673 1795 999 1874 gratiora
1025 1796 1562 1875 nostriserant,
1605 1795 1794 1876 quod
1833 1813 1878 1858 a
1917 1796 2421 1875 grandioribus
2459 1805 2528 1859 et
2564 1797 3033 1862 nobilioribus

551 1902 836 1981 fiebant,
863 1902 1048 1966 inter
1076 1920 1254 1983 quos
1282 1910 1488 1966 erant
1515 1910 1585 1966 et
1606 1903 1909 1983 aliquot,
1942 1903 2060 1982 qui
2089 1903 2181 1966 ad
2219 1903 2588 1984 religionis
2627 1904 3032 1969 institutum

551 2007 1049 2090 adspirabant‚
1083 2019 1151 2073 et
1179 2010 1606 2091 praesertim
1643 2008 1738 2073 ad
1775 2007 2204 2074 Societatem
2241 2019 2594 2089 nostram;
2635 2019 2705 2074 et
2742 2020 3029 2092 praeter

547 2124 896 2196 quatuor,
942 2132 1121 2198 quos
1159 2116 1503 2195 diximus,
1549 2116 2107 2196 capuccinorum
2154 2118 2591 2181 monasteria
2636 2118 3027 2198 ingreSSOS,

545 2240 732 2287 unus
760 2224 979 2287 etiam
1007 2223 1240 2288 ordini
1277 2222 1525 2289 Sancti
1563 2223 1922 2287 Dominici
1959 2241 2037 2287 se
2075 2224 2367 2287 addixit.
2414 2224 2613 2289 Unus
2651 2225 2866 2289 etiam
2904 2226 3022 2289 ho·

545 2347 737 2411 rum,
773 2332 893 2411 qui
931 2330 1353 2395 decreverat
1379 2341 1702 2395 nostram
1740 2331 2020 2411 ingredi
2056 2329 2516 2407 Societatem,
2565 2349 2725 2395 cum
2768 2333 3020 2397 morbo

547 2437 811 2514 diutius
864 2437 1288 2517 laborasset,
1332 2439 1508 2501 nihil
1546 2439 1688 2501 tale
1733 2438 2147 2518 parentibus
2183 2439 2791 2519 exspectantibuS,
2837 2439 3022 2504 inter

547 2543 896 2609 orandum
926 2545 1209 2625 placida
1237 2553 1464 2610 morte
1493 2544 1566 2608 in
1597 2553 1963 2608 aeternam
2000 2544 2368 2624 ingressus
2409 2562 2566 2609 esse
2604 2546 2832 2610 vitam
2872 2563 3017 2611 cre-

546 2651 736 2717 ditus
765 2660 896 2717 est.
924 2652 1129 2717 Hanc
1153 2660 1391 2718 autem
1415 2643 1815 2716 animorum
1835 2651 2173 2733 pietatem
2196 2668 2342 2717 non
2363 2669 2455 2718 ex
2477 2662 3021 2736 praeceptorum

543 2768 822 2824 tantum
860 2760 1281 2824 lectionibus
1320 2778 1405 2824 ac
1445 2760 1730 2823 monitis
1772 2760 1900 2823 sed
1938 2762 2159 2823 multo
2200 2761 2415 2824 etiam
2456 2762 2688 2842 magis
2725 2780 2815 2826 ex
2855 2780 3019 2826 con·
3056 2830 3062 2836 ,

543 2866 866 2931 cionibus
893 2867 1339 2949 hauriebant.

661 2974 804 3038 305.
891 2976 1004 3039 Ex
1031 2974 1348 3055 Collegio
1371 2974 1833 3049 Messanensi,
1860 2982 2119 3053 rogatu
2140 2973 2428 3038 Domini
2450 2970 2750 3056 joannis
2772 2975 3016 3041 Osorii

537 3081 630 3147 de
673 3080 903 3162 Silva,
957 3082 1071 3146 cui
1109 3081 1406 3146 multum
1443 3081 1743 3145 debebat
1780 3080 2179 3161 Collegium
2217 3080 2673 3145 Messanense
2694 3130 2709 3161 ‚
2754 3082 3013 3146 missus

539 3197 670 3269 est,
704 3189 1055 3271 probante
1084 3187 1162 3251 P.
1195 3188 1495 3269 Ignati0,
1528 3187 1604 3251 P.
1645 3188 1961 3271 Joannes
2000 3186 2368 3268 Philippus
2407 3188 2712 3252 Casinus
2752 3189 2824 3252 in
2864 3188 3022 3270 ejus

539 3296 928 3361 Abbatiam
956 3297 1182 3360 tribus
1210 3312 1553 3377 passuum
1573 3294 1881 3359 millibus
1902 3294 2236 3358 Messana
2265 3294 2667 3359 distantem.
2703 3294 2862 3359 Non
2892 3313 3013 3360 au·

540 3384 686 3466 tem
711 3403 949 3467 visum
978 3412 1085 3467 est
1115 3403 1422 3484 aliquem
1450 3403 1545 3465 ibi
1565 3410 1752 3465 totos
1776 3402 1929 3465 dies
1952 3417 2172 3481 agere
2195 3402 2475 3479 debere,
2501 3401 2626 3465 sed
2649 3401 2852 3466 festis
2874 3402 3015 3467 die-

539 3509 672 3573 bus
700 3510 1034 3574 Messana
1071 3510 1512 3588 mittebatur;
1545 3510 1798 3590 quibus
1841 3507 1917 3573 P.
1959 3509 2272 3591 Joannes
2312 3508 2681 3590 Philippus
2726 3520 3033 3574 strenue·

539 3617 735 3681 illam
765 3617 1054 3682 Domini
1083 3617 1370 3680 vineam
1397 3617 1638 3695 coluit,
1670 3625 1739 3680 et
1762 3617 2023 3680 multus
2045 3615 2207 3680 inde
2230 3616 2630 3680 animarum
2652 3616 3017 3696 profectus

540 3732 651 3788 est
681 3735 1130 3791 consecutus.
1162 3723 1346 3788 Nam
1367 3723 1736 3787 dulcedine
1757 3723 1961 3787 verbi
1986 3722 2142 3802 Dei,
2171 3722 2432 3787 addam
2454 3732 2523 3787 et
2543 3723 2886 3802 novitate,
2913 3724 3013 3788 ita

536 3847 721 3911 gens
749 3832 893 3912 illa,
925 3830 1438 3913 quantumlibet
1467 3828 1683 3894 effera
1713 3837 1783 3893 et
1812 3847 1996 3910 quae
2028 3828 2468 3894 crudelitatis
2489 3830 2776 3893 nomine
2799 3846 3014 3911 super

538 3939 856 4020 reliquos
883 3937 1166 4004 Siciliae
1194 3939 1499 4020 populos
1527 3939 1711 4001 male
1734 3936 2088 4017 audiebat,
2119 3937 2411 4001 delinita
2435 3936 2831 4017 affectaque
2854 3937 3004 4018 fuit,

537 4055 616 4110 ut
646 4046 1011 4111 concionis
1042 4046 1437 4110 audiendae
1463 4044 1733 4125 gratia,
1767 4061 1931 4108 cum
1961 4044 2102 4107 duo
2146 4052 2217 4107 et
2256 4045 2393 4108 tria
2424 4045 2643 4109 millia
2669 4063 3010 4126 passuum

538 4154 888 4218 distarent
913 4153 1268 4234 permulti,
1310 4152 1557 4216 venire
1595 4160 1836 4215 tamen
1874 4152 2091 4215 immo
2133 4159 2203 4215 et
2243 4169 2619 4216 accurrere
2655 4170 2799 4216 non
2840 4153 3013 4217 deti·

535 4270 899 4340 nerentur3
929 4271 1000 4325 et
1029 4260 1359 4341 quoniam
1392 4259 1780 4323 matutinas
1808 4258 2027 4322 horas
2055 4275 2264 4323 sacro
2286 4260 2699 4339 peragendo
2730 4261 3007 4324 concio-

535 4369 751 4449 nique
800 4367 878 4431 P.
919 4368 1231 4450 Joannes
1275 4366 1640 4448 Philippus
1676 4366 2161 4447 impendebat,
2205 4367 2715 4447 pomeridianis
2767 4366 2840 4431 in
2889 4367 3005 4430 do-

536 4475 769 4540 cenda
817 4473 1145 4539 doctrina
1187 4473 1578 4538 christiana
1626 4473 2142 4554 occupabatur,
2190 4474 2311 4554 qui
2348 4474 2630 4553 longius
2677 4474 3011 4537 advenie-

536 4582 712 4648 bant
731 4631 747 4663 ,
792 4600 884 4647 ne
920 4581 1175 4646 horum
1222 4583 1449 4645 altero
1490 4597 1736 4644 carere
1781 4589 2240 4660 cogerentur,
2295 4581 2358 4644 si
2396 4579 2683 4644 domum
2721 4579 3006 4662 prandii

537 4688 778 4770 gratia
806 4689 1150 4767 redirent,
1182 4688 1380 4753 cibos
1418 4704 1662 4753 secum
1700 4685 2149 4767 adferebant,
2192 4703 2331 4766 quo
2370 4695 2599 4752 totum
2637 4687 2823 4751 diem
2862 4686 3008 4752 Do·
