3679 5414
1600 470 1724 530 Aa.
1769 470 1911 530 1552
2870 471 2982 531 597

505 621 653 683 rius
682 617 1129 681 Manaraeus.
1165 617 1407 697 Itaque
1427 617 1731 697 quinque
1754 627 2030 680 tantum
2063 634 2152 679 ex
2182 616 2444 679 nostris
2467 614 2759 679 Parisiis
2783 634 2973 680 man-

488 734 776 804 -serunt,
810 725 993 787 inter
1024 741 1204 804 quos
1243 724 1393 802 ipse
1433 722 1508 786 Ρ.
1543 723 1869 803 Baptista
1909 723 2127 787 Viola
2171 725 2366 786 solus
2408 731 2563 785 erat
2610 723 2968 786 sacerdos

505 833 608 896 Ea
664 841 904 895 autem
963 848 1200 893 rerum
1255 830 1753 910 temporalium
1807 831 2175 909 angustia,
2236 847 2419 910 quae
2477 838 2623 893 tam
2683 829 2975 893 Parisiis

504 956 718 1020 quam
746 937 1051 1001 Lovanii
1081 945 1151 999 et
1180 935 1518 1001 Coloniae
1547 946 1715 1000 tunc
1746 945 1924 1015 erat,
1958 937 2093 1000 hoc
2124 936 2448 999 utilitatis
2477 936 2571 1000 ad
2599 953 2973 999 commune

503 1048 765 1110 bonum
793 1045 1190 1124 adferebat,
1221 1045 1417 1126 quod
1443 1044 1610 1108 boni
1641 1044 1951 1124 operarii
1980 1045 2236 1107 vineae
2267 1043 2559 1108 Domini
2587 1043 2806 1107 futuri
2837 1043 2971 1107 Ro-

504 1170 693 1216 mam
722 1153 1203 1231 mittebantur,
1234 1160 1306 1215 et
1339 1151 1504 1215 dum
1536 1151 1672 1231 ipsi
1701 1168 1816 1214 res
1847 1149 2223 1215 Societatis
2251 1150 2557 1231 penitius
2586 1167 2973 1230 cognosce-

498 1261 703 1339 bant,
747 1259 838 1322 ad
877 1258 1238 1322 fundanda
1281 1259 1499 1321 etiam
1543 1256 1863 1337 Collegia
1893 1258 2199 1321 diversis
2229 1257 2302 1320 in
2332 1258 2508 1320 locis
2538 1258 2785 1321 utilem
2813 1277 2969 1351 ope·

498 1384 660 1431 ram
687 1368 1170 1448 praestabant.

631 1471 773 1535 420.
871 1472 1050 1537 Cum
1117 1481 1354 1535 autem
1421 1472 1729 1535 adversa
1796 1471 2200 1535 valetudine
2264 1488 2544 1552 semper
2613 1474 2971 1536 laboraret

502 1580 579 1642 P.
613 1578 847 1659 Viola,
883 1589 951 1642 et
981 1578 1056 1642 Ρ.
1092 1579 1433 1658 IgnatiuS,
1467 1588 1938 1642 revocaturus
1966 1578 2160 1641 illum
2189 1579 2261 1641 in
2289 1577 2585 1658 Italiam,
2615 1580 2968 1644 dubitaret

486 1704 591 1749 an
621 1686 879 1766 aliquis
907 1704 998 1748 ex
1027 1686 1160 1765 eis,
1211 1686 1330 1766 qui
1360 1684 1653 1749 Parisiis
1681 1686 2174 1765 substiterant,
2221 1702 2472 1749 curam
2512 1686 2813 1750 aliorum
2850 1704 2966 1767 ge·

498 1809 656 1856 rere
705 1802 773 1856 et
823 1810 940 1856 res
990 1793 1289 1872 Collegii
1339 1791 1761 1855 Parisiensis
1812 1809 2238 1872 promovere
2285 1802 2560 1874 posset,
2612 1795 2968 1857 neminem

499 1918 654 1964 esse
696 1901 811 1963 ille
853 1900 1250 1980 rescripsit,
1283 1909 1353 1963 et
1389 1899 1747 1979 suggessit
1786 1898 1865 1962 Ρ.
1908 1898 2185 1979 Ignatio
2225 1900 2767 1964 accommodum
2814 1901 2965 1965 fore

499 2024 930 2088 magnopere
959 2006 1034 2070 Ρ.
1065 2006 1531 2071 Paschasium
1558 2006 1924 2070 Broetium
1952 2016 2030 2070 ut
2059 2017 2127 2070 et
2156 2017 2444 2071 nostros
2471 2017 2753 2087 regeret
2793 2018 2862 2072 et
2891 2009 2965 2072 in

497 2114 616 2177 illa
657 2113 1041 2178 Parisiensi
1079 2115 1289 2177 vinea
1330 2114 1422 2177 ad
1458 2114 1837 2177 utilitatem
1878 2114 2276 2177 animorum
2312 2115 2701 2195 laboraret,
2745 2125 2812 2178 et
2850 2116 2960 2179 be-

498 2222 977 2285 nevolentiam
1005 2221 1338 2302 Episcopi
1368 2220 1904 2284 Claramontani
1933 2230 2002 2283 et
2032 2221 2337 2284 aliorum
2367 2221 2761 2285 amicorum
2802 2241 2961 2286 con-

497 2338 852 2407 servaret,
917 2328 1038 2410 qui
1091 2344 1305 2407 aegre
1363 2328 1577 2391 laturi
1627 2327 1818 2391 haud
1879 2328 2091 2391 dubie
2140 2327 2567 2392 videbantur
2619 2330 2682 2392 si
2731 2331 2964 2393 nullus

490 2433 879 2500 Societatis
908 2444 1196 2498 nostrae
1226 2434 1589 2515 professus
1620 2452 1782 2497 cum
1811 2434 2001 2512 aliis,
2035 2434 2156 2514 qui
2179 2432 2478 2513 juvenes
2506 2445 2742 2513 erant,
2770 2453 2959 2499 man-

487 2543 738 2622 ÷sisset3
771 2552 871 2622 et,
906 2543 965 2605 si
992 2551 1336 2605 venturus
1365 2551 1521 2604 erat
1551 2542 1838 2622 aliquiS,
1870 2550 2146 2605 mature
2185 2559 2268 2605 eo
2307 2542 2662 2623 proficisci
2706 2542 2962 2607 debere

497 2659 594 2730 ut,
629 2660 1012 2731 antequam
1040 2648 1201 2712 inde
1241 2648 1605 2713 recederet
1642 2647 1718 2712 Ρ.
1766 2648 2122 2729 Baptista,
2166 2658 2237 2713 et
2277 2649 2548 2713 amicos
2586 2648 2965 2715 Societatis

498 2768 568 2822 et
593 2775 833 2822 rerum
862 2758 1207 2836 omnium,
1251 2774 1433 2839 quae
1476 2757 1567 2820 ad
1607 2755 2038 2820 Societatem
2074 2758 2460 2836 pertinent,
2504 2767 2767 2822 statum
2808 2776 2963 2840 pos·

495 2874 604 2928 set
653 2881 1113 2945 cognoscere.
1166 2865 1271 2928 Ea
1320 2864 1535 2944 igitur
1585 2880 1806 2927 causa
1858 2863 1989 2927 fuit
2041 2873 2116 2927 ut
2165 2863 2241 2926 P.
2288 2864 2715 2929 Paschasius
2760 2866 2963 2930 initio

495 2971 686 3054 Junii
734 2973 998 3035 mensis
1035 2972 1368 3036 Ferraria
1404 2971 1767 3053 profectus
1816 2971 2129 3035 Parisios
2177 2989 2254 3035 se
2294 2973 2691 3035 contulerit.
2734 2973 2825 3036 Et
2865 2973 2966 3036 ita

496 3077 572 3141 Ρ.
607 3080 951 3160 Baptista,
983 3079 1055 3141 in
1086 3079 1361 3142 Italiam
1391 3079 1518 3141 sub
1550 3088 1969 3142 autumnum
1997 3078 2314 3158 venienS,
2342 3079 2572 3160 primo
2603 3078 2959 3159 Parmam,

495 3186 778 3266 deinde,
822 3196 898 3249 ut
936 3185 1259 3267 superius
1299 3186 1567 3249 dictum
1595 3195 1734 3264 est,
1769 3186 2179 3249 Ferrariam
2216 3203 2293 3248 se
2331 3186 2667 3265 contulit,
2717 3187 2962 3249 multo·

492 3311 789 3375 rumque
818 3294 1212 3357 amicorum
1248 3293 1749 3373 parisiensium
1783 3293 2075 3356 nomina
2114 3292 2206 3355 ad
2235 3292 2310 3355 P.
2353 3293 2709 3373 Ignatium
2748 3294 2960 3372 misit,

486 3411 573 3464 ut
617 3402 1020 3465 orationum
1061 3410 1130 3464 et
1169 3401 1519 3464 bonorum
1566 3398 1942 3464 Societatis
1988 3400 2373 3481 participes
2412 3400 2681 3464 fierent.
2724 3401 2963 3481 Aegre

494 3508 654 3571 tulit
682 3506 831 3588 ejus
869 3508 1380 3589 prosectionem
1423 3507 2019 3572 Claramontanus
2061 3508 2455 3589 Episcopus
2495 3517 2564 3571 et
2609 3526 2699 3571 ex
2743 3509 2962 3572 subsi-

495 3614 611 3677 dio
649 3615 791 3694 illo,
837 3615 1029 3697 quod
1070 3614 1408 3679 Societati
1455 3615 1914 3697 promiserat,
1956 3614 2076 3678 illo
2115 3615 2187 3676 in
2225 3614 2424 3678 initio
2464 3615 2730 3695 aliquid
2768 3616 2960 3679 subs·

491 3722 860 3802 trahebat;
914 3732 1162 3805 postea
1214 3732 1451 3787 tamen
1511 3722 1935 3785 liberalitate
1987 3732 2057 3785 et
2116 3722 2465 3785 charitate
2517 3723 2843 3786 uberiore
2894 3723 2962 3786 id

494 3831 987 3910 compensavit
1025 3829 1066 3892 ¹.

615 3936 756 4000 421.
845 3936 921 3999 P.
957 3946 1194 4000 autem
1222 3936 1672 4015 PaschasiuS,
1706 3936 1827 4016 qui
1870 3953 2319 4017 nequaquam
2349 3938 2616 4001 otiosus
2647 3937 2719 4000 in
2749 3938 2961 4002 domo

573 4132 590 4163 ¹
649 4130 903 4175 Polancus
919 4164 930 4184 ,
952 4143 1019 4175 ex
1038 4143 1168 4175 com.
1182 4165 1198 4185 ,
1218 4133 1366 4177 Patri
1385 4132 1570 4185 Joanni
1591 4131 1865 4185 Baptistae
1888 4130 2044 4175 Viola
2058 4164 2069 4184 ,
2091 4137 2147 4175 ut
2175 4142 2230 4175 ae
2262 4132 2329 4176 ad
2350 4133 2658 4176 veniendum
2679 4134 2729 4177 in
2752 4133 2960 4178 Italiam

480 4202 748 4257 -disponat,
777 4204 994 4257 siquem
1016 4204 1224 4258 habeat,
1256 4204 1338 4248 eui
1373 4204 1552 4247 domus
1585 4203 1896 4247 Parisiensi-⁰.
1931 4213 2109 4246 curam
2142 4204 2306 4258 possit
2340 4204 2681 4257 committere,
2710 4206 2739 4247 5
2766 4204 2957 4250 Martii.

488 4269 682 4327 Ignatii
710 4279 951 4327 patentes
969 4275 1180 4319 litterae
1201 4276 1707 4320 communicationis
1734 4275 2044 4328 gratiarum
2066 4274 2345 4319 societatis
2365 4274 2595 4319 oliverio
2616 4275 2913 4331 Manat-aco,
2934 4278 2961 4319 5

490 4342 681 4399 martin
703 4345 940 4400 Ignatius
960 4346 1217 4401 Episcopo
1238 4345 1659 4398 Claramontano,
1677 4346 1739 4389 de
1761 4345 2004 4400 Baptista
2024 4345 2179 4389 Viola
2201 4346 2254 4390 in
2275 4346 2482 4391 Italiam
2502 4347 2718 4392 Parisiis
2738 4353 2959 4392 evocato

490 4421 543 4458 et
566 4415 846 4461 Paschaaio
868 4418 1026 4461 Broet
1046 4419 1099 4462 in
1115 4417 1299 4462 Violae
1320 4419 1489 4462 locum
1504 4417 1880 4471 substituendo,
1901 4416 1954 4459 2⁴
1972 4416 2110 4471 Mam
2128 4417 2309 4461 eadem
2324 4418 2406 4463 die
2424 4417 2697 4473 Polancus,
2721 4431 2789 4462 ex
2809 4430 2958 4471 com..

490 4486 634 4531 Patri
655 4488 925 4543 Baptistae
948 4488 1104 4534 Viola
1119 4522 1130 4543 ,
1157 4495 1215 4533 ut
1234 4489 1473 4544 Augusto
1493 4490 1728 4543 proximo
1749 4490 1958 4533 ineunte
1979 4488 2081 4532 iter
2101 4489 2308 4533 ltaliam
2328 4500 2512 4534 versus
2532 4491 2770 4545 arripiat.
2793 4490 2859 4536 V.
2880 4502 2958 4535 an-

488 4570 586 4615 ρει
606 4560 673 4603 ad
694 4571 830 4604 num.
863 4560 944 4604 mei
973 4567 1025 4605 et
1058 4561 1152 4605 205.
1184 4560 1374 4615 Ignatii
1408 4566 1650 4615 patentes
1682 4561 1913 4614 litterae,
1948 4559 2133 4614 quibua
2166 4558 2450 4606 Paschasio
2472 4561 2628 4606 Broet
2650 4562 2954 4607 facultatem

491 4630 675 4675 tribuit
695 4633 830 4675 bona
850 4633 1059 4676 mobilia
1081 4639 1133 4676 et
1152 4633 1433 4678 immobilia
1455 4632 1753 4686 acquirendi
1771 4630 2051 4675 societatis
2071 4632 2272 4676 nomine
2293 4644 2386 4685 pro
2408 4632 2637 4687 Collegio
2660 4633 2956 4686 Parisiensi,

493 4703 514 4744 1
535 4701 860 4746 Novembris.
