3679 5414
714 502 842 566 720
1646 504 1900 564 Canon.
1942 505 2096 564 Soc,
2137 505 2278 577 Jas.

727 652 860 732 ipsi
889 651 1399 715 catechismum
1427 648 1778 713 tenebant.
1815 649 1952 729 Qui
1975 649 2191 713 etiam
2219 668 2309 712 ex
2332 649 2713 729 gentilibus
2732 647 3100 711 christiani
3122 656 3193 710 et

726 759 929 822 liberi
959 759 1031 821 in
1061 776 1143 821 ea
1175 758 1466 821 cix‘ritate
1498 757 2003 834 versabantur,
2039 758 2192 820 dies
2229 757 2622 820 dominicos
2660 755 2922 837 optime
2959 772 3192 819 recor·

720 867 1102 945 dabantur,
1134 883 1267 929 nec
1297 866 1672 946 quisquam
1700 866 2007 928 errabat.
2040 864 2115 928 Si
2154 865 2275 945 qui
2303 881 2395 927 ex
2429 864 2962 928 brasiliensibus
3009 864 3195 927 male

720 973 817 1036 de
848 972 1028 1036 albis
1055 972 1457 1035 hominibus
1488 972 1615 1051 (sic
1645 972 1833 1035 enim
1863 980 2129 1035 vocant
2147 962 2526 1049 lusitanos)
2549 972 3025 1051 loquerentur,
3059 971 3195 1049 ipsi

728 1097 900 1161 prae
934 1079 1238 1142 caeteris
1265 1079 1358 1142 ad
1388 1096 1633 1142 eorum
1661 1079 2095 1160 punitionem
2121 1096 2197 1141 se
2227 1077 2639 1157 offerebant3
2666 1078 2896 1141 nullos
2923 1094 3001 1140 se
3030 1093 3194 1139 con-

729 1186 1163 1265 sanguineos
1191 1195 1476 1267 praeter
1508 1186 1940 1249 christianos
1969 1185 2231 1248 habere
2264 1184 2625 1265 dicebant,
2669 1184 2998 1266 quamvis
3038 1201 3194 1247 san·

712 1295 944 1382 ⁶g‘uine
975 1292 1335 1374 conjuncti
1364 1293 1527 1357 odio
1558 1311 1680 1357 eos
1709 1303 1780 1357 et
1809 1294 1932 1357 alii
1959 1294 2261 1373 gentiles
2291 1293 2560 1357 invidia
2602 1299 3200 1374 prosequerentur

730 1410 1020 1482 propter
1049 1400 1598 1464 christianorum
1628 1401 2040 1479 amicitiam;
2073 1410 2142 1464 et
2170 1401 2502 1481 quamvis
2530 1402 2751 1463 multa
2780 1399 3035 1479 gravia
3078 1415 3197 1477 pa-

732 1516 1067 1587 terentur,
1100 1505 1282 1569 firmi
1311 1516 1548 1570 tamen
1580 1508 2164 1587 perseverabant.

849 1614 990 1677 654.
1079 1614 1260 1693 Quia
1291 1615 1490 1677 multi
1520 1632 1611 1677 ex
1641 1615 2051 1678 christianis
2081 1614 2342 1678 mortui
2384 1624 2588 1678 erant
2616 1624 2687 1678 et
2727 1613 2847 1677 alii
2878 1621 3201 1693 aegrota·

733 1717 925 1800 ba'nt,
957 1722 1141 1784 hanc
1172 1721 1624 1784 occasionem
1650 1722 1869 1801 nacti,
1904 1722 2021 1802 qui
2045 1708 2242 1802 prius
2265 1721 2413 1784 suis
2436 1720 3055 1801 superstitionibus
3076 1735 3205 1782 eos

723 1827 1185 1905 seducebant,
1217 1827 1453 1891 dicere
1483 1827 1586 1890 eis
1607 1837 1994 1909 coeperunt
2016 1827 2201 1909 quod
2224 1829 2452 1891 nostri
2477 1846 2603 1909 per
2625 1828 3058 1908 baptismum
3078 1844 3206 1889 eos

734 1933 1171 2012 occidebant3
1203 1952 1347 1997 non
1377 1944 1616 1998 tamen
1645 1936 1731 1999 de
1762 1953 1893 1999 suo
1921 1936 2115 1999 bono
2138 1938 2505 2017 proposito
2529 1936 2957 2000 christianos
2981 1952 3205 1998 remo·

735 2042 1017 2121 vebant,
1051 2060 1219 2105 nam
1248 2051 1498 2106 contra
1527 2042 1938 2107 seductores
1970 2044 2129 2107 illos
2160 2044 2415 2123 nostri,
2449 2054 2524 2107 ut
2553 2062 2685 2124 par
2714 2052 2889 2122 erat,
2923 2042 3206 2106 invehe—

735 2151 992 2214 bantur
1022 2158 1090 2212 et
1119 2166 1364 2212 eorum
1392 2148 1716 2213 fallacias
1743 2150 2190 2231 detegebant.
2222 2150 2386 2215 Fuit
2412 2151 2864 2215 nihilominus
2895 2150 3203 2213 admira-

734 2257 926 2320 tione
955 2256 1249 2335 dignum
1278 2256 1413 2319 Dei
1435 2255 1778 2336 judicium
1806 2258 1882 2320 in
1909 2258 2027 2321 illa
2058 2259 2453 2339 provincia,
2487 2275 2650 2322 cum
2670 2258 2895 2321 honos
2926 2275 2968 2320 a
2999 2256 3209 2320 malis

730 2380 1075 2444 separare
1104 2365 1340 2444 vellet,
1373 2374 1444 2427 et
1473 2364 1871 2428 hominibus
1913 2366 2344 2446 persuadere
2382 2365 2594 2445 quod,
2628 2365 2748 2445 qui
2777 2364 3208 2443 baptismum

730 2471 1169 2550 acciperent,
1202 2471 1427 2534 vitam
1449 2471 1835 2535 christiana
1861 2471 1995 2535 fide
2019 2472 2308 2552 dignam
2331 2489 2548 2551 agere
2574 2472 2944 2550 debebant,
2972 2479 3041 2533 et
3063 2487 3209 2534 non

730 2577 1022 2657 qualem
1051 2593 1266 2656 agere
1297 2578 1485 2640 soliti
1514 2587 1716 2641 erant
1746 2579 1868 2659 qui
1896 2579 2235 2659 baptizati
2263 2578 2550 2643 suerunt
2590 2596 2844 2659 parum
2884 2576 3204 2641 conside·

741 2692 896 2747 rate
927 2692 1309 2765 antequam
1348 2684 1575 2748 nostri
1615 2684 1689 2749 in
1726 2685 2102 2750 Brasiliam
2140 2686 2500 2766 venirent3
2542 2703 2710 2749 nam
2751 2703 2841 2749 ex
2879 2685 3038 2765 illis,
3087 2685 3212 2765 qui

743 2801 905 2872 post
933 2792 1363 2872 baptismum
1393 2810 1436 2854 a
1464 2793 1833 2873 gentilium
1873 2794 2067 2857 vitiis
2107 2811 2191 2856 ac
2231 2794 2543 2874 peccatis
2580 2811 2723 2857 non
2757 2793 3209 2870 recedebant,

736 2899 975 2962 nullus
1000 2898 1151 2962 sere
1180 2899 1390 2963 vivus
1418 2910 1779 2981 superstes
1820 2901 1982 2977 fuit,
2025 2919 2189 2964 cum
2227 2902 2420 2964 sanis
2460 2900 3055 2964 admonitionibus
3094 2917 3219 2963 no·

736 3015 1058 3070 ›strorum
1087 3024 1232 3069 non
1260 3008 1824 3088 acquiescerent,
1859 3017 1929 3071 et
1957 3025 2203 3071 eorum
2233 3006 2353 3070 filii
2383 3009 2500 3088 qui
2529 3008 2867 3088 baptizati
2908 3007 3214 3085 fuerant;

734 3123 817 3177 et
857 3114 992 3176 hac
1036 3113 1311 3176 ratione
1349 3124 1420 3177 et
1461 3123 1703 3195 patres
1747 3115 2080 3194 castigati
2119 3124 2187 3177 et
2231 3116 2366 3195 ipsi
2403 3115 2587 3178 salvi
2636 3114 2809 3177 sacti
2857 3123 3042 3177 sunt.
3097 3113 3219 3176 Di·
3265 3117 3270 3122 ’

744 3221 991 3284 scendi
1021 3236 1195 3299 ergo
1226 3221 1680 3284 occasionem
1711 3221 2116 3285 habuerunt
2145 3220 2610 3284 Brasilienses
2638 3221 2826 3302 quod
2855 3238 2998 3283 non
3027 3228 3222 3300 pote-

747 3336 910 3400 rant
938 3321 1211 3391 serx'rire
1241 3328 1397 3390 Deo
1428 3328 1638 3391 simul
1663 3337 1732 3390 et
1767 3328 1989 3391 Belial
2017 3338 2087 3392 et
2116 3327 2325 3392 fidem
2368 3328 2832 3391 christianam
2872 3344 3035 3390 cum
3076 3344 3235 3390 mo·-

746 3434 944 3497 ribus
969 3435 1338 3512 gentilium
1371 3433 1831 3514 conjungere.
1868 3434 2046 3499 Cum
2075 3436 2261 3498 enim
2285 3436 2459 3499 nihil
2483 3445 2649 3499 ante
2671 3444 3077 3498 nostrorum
3101 3435 3221 3498 ad·

749 3550 1042 3604 ventum
1081 3542 1218 3604 illis
1259 3542 1616 3605 diceretur
1656 3542 1744 3605 de
1784 3542 2263 3621 relinquendis
2300 3559 2573 3605 morum
2623 3542 2853 3619 vitiis,
2897 3541 3223 3604 christia-

743 3662 921 3711 ‘num
957 3665 1114 3711 esse
1151 3649 1327 3712 nihil
1375 3649 1565 3712 aliud
1615 3666 1771 3712 esse
1812 3649 2158 3729 putabant
2193 3666 2408 3730 quam
2453 3648 2798 3729 baptizari
2838 3657 2908 3711 et
2948 3648 3218 3726 vestiri;

742 3755 947 3835 ‘prius
975 3756 1161 3818 enim
1190 3774 1320 3837 pro
1348 3773 1478 3818 suo
1519 3773 1714 3818 more
1753 3756 1923 3819 nudi
1970 3754 2410 3818 incedebant.
2456 3755 2803 3835 Quamvis
2843 3763 3082 3818 autem
3122 3755 3228 3817 illi

751 3863 1221 3943 superstitiosi
1251 3881 1394 3926 non
1423 3872 1927 3942 persuaserunt
1957 3872 2032 3925 ut
2061 3862 2270 3926 fidem
2308 3863 2750 3942 desererent,
2795 3871 3080 3926 nostros
3120 3871 3226 3925 ta·

753 3987 912 4032 men
942 3970 1190 4034 timere
1221 3979 1297 4032 ut
1325 3971 1572 4033 mortis
1603 3978 1933 4033 auctores
1970 3970 2289 4032 nonnulli
2325 3978 2823 4050 perrexerunt;
2871 3978 2940 4032 et
2986 3978 3228 4032 tamen

741 4078 841 4140 ·ob
871 4077 1195 4140 timorem
1224 4078 1561 4158 quidquid
1590 4078 1726 4141 illis
1756 4078 2122 4141 dicebatur
2154 4076 2576 4156 efficiebant,
2607 4077 2821 4140 etiam
2843 4077 2906 4139 si
2931 4076 3227 4156 captivi,

755 4201 934 4263 quos
995 4193 1330 4265 ceperant
1378 4201 1693 4265 quosque
1750 4183 2166 4246 devoraturi
2215 4193 2450 4262 erant,
2506 4168 2596 4246 ab
2646 4183 2748 4246 eis
2798 4192 3228 4263 peterentur.

758 4288 989 4370 Pueri,
1042 4291 1161 4370 qui
1200 4290 1273 4353 in
1312 4289 1631 4370 Collegio
1682 4290 2167 4371 orphanorum
2196 4290 2780 4368 instituebantur,
2826 4289 3115 4369 egregie
3154 4307 3235 4354 se

757 4398 1104 4477 gerebant
1152 4406 1221 4460 et
1270 4406 1554 4461 nostros
1606 4398 1677 4459 in
1727 4413 1942 4476 opere
1992 4397 2280 4459 Domini
2324 4394 2782 4475 adjuvabant.
2841 4393 3236 4475 Stupebant

762 4514 999 4568 autem
1027 4505 1508 4584 brasilienses,
1544 4521 1704 4567 cum
1731 4505 1805 4567 in
1845 4505 1967 4566 illa
2007 4513 2254 4567 tenera
2296 4512 2531 4566 aetate
2571 4512 2846 4565 tantum
2874 4502 3236 4566 servorem

748 4621 833 4675 ·et
863 4612 1487 4692 promptitudinem
1515 4612 1588 4675 in
1615 4609 1930 4674 dicendis
1970 4627 2152 4691 quae
2195 4609 2289 4672 ad
2325 4610 2747 4689 religionem
2787 4610 3236 4689 pertinebant

752 4718 1252 4799 observarent3
1284 4718 1383 4781 illi
1412 4717 1619 4793 enim,
1653 4735 1814 4781 cum
1846 4734 1922 4780 se
1951 4726 2365 4780 exercerent
2395 4717 2467 4779 in
2494 4716 3028 4796 praedicatione
3058 4725 3129 4779 et
3162 4717 3238 4780 in
