3679 5414
751 476 855 534 130
1655 475 1908 532 Custos.
1951 473 2108 532 Soc.
2147 474 2287 546 jas,

741 629 884 682 tate
909 621 1141 684 virum
1163 635 1462 698 gravem
1484 618 2007 695 existimabant,
2035 618 2155 697 qui
2179 635 2341 680 cum
2364 619 2673 698 quodam
2697 621 3197 684 concionatore

739 727 1014 789 initium
1064 727 1259 806 operi
1309 725 1604 788 daturus
1653 724 2050 802 videbatur3
2091 742 2280 801 nam,
2322 724 2511 804 quod
2559 725 2651 788 ad
2699 735 3198 807 praeceptores

735 833 984 896 attinet
1013 842 1082 896 et
1111 833 1508 912 theologiae
1538 841 1604 894 et
1634 831 2151 911 philosophiae,
2186 830 2259 893 Ρ.
2305 829 2586 911 Gaspar
2627 850 2788 895 cum
2833 833 3196 914 discipulis

734 939 1052 1003 sufficere
1075 938 1448 1002 videbatur
1475 937 1514 1001 ¹.

847 1045 989 1108 315.
1075 1045 1348 1126 Hispali
1377 1045 1591 1109 etiam
1621 1062 1784 1108 cum
1812 1044 2125 1124 ejusdem
2155 1044 2373 1124 Regis
2416 1045 2668 1108 litteris
2695 1045 2787 1108 ad
2827 1045 3190 1138 Archiepi·

727 1170 1020 1234 scopum
1047 1161 1533 1233 perrexerunt3
1561 1152 1686 1215 sed
1708 1153 1822 1215 ille
1848 1152 1933 1215 de
1950 1169 2079 1214 suo
2095 1151 2269 1214 nihil
2288 1151 2380 1222 ad
2397 1151 2882 1215 fundationem
2897 1153 3192 1233 Collegii

723 1261 1200 1341 promittebat;
1232 1260 1557 1340 quamvis
1596 1260 1655 1322 si
1694 1258 2019 1322 Societas
2063 1259 2413 1338 Hispalim
2453 1259 2763 1338 veniret,
2808 1260 2940 1322 sibi
2979 1262 3187 1324 mole-

721 1376 906 1430 stum
933 1384 1075 1429 non
1106 1366 1256 1429 fore
1286 1364 1754 1445 significabat.
1788 1364 1940 1428 Has
1969 1364 2186 1444 Regis
2215 1383 2301 1428 ac
2326 1364 2642 1444 Reginae
2672 1365 3051 1430 Bohemiae
3079 1368 3185 1431 lit·

718 1465 928 1537 terasx
959 1474 1123 1537 Dux
1165 1473 1486 1536 Gandiae
1525 1472 1740 1536 scribi
1779 1473 1869 1535 ab
1910 1473 2012 1535 eis
2052 1484 2468 1546 curaverat,
2515 1482 2582 1535 et
2618 1473 2711 1535 ad
2749 1473 2825 1536 Ρ.
2877 1473 3183 1538 Christo-

717 1582 1019 1661 phorum
1048 1582 1356 1644 miserat.
1390 1581 1632 1660 Itaque
1661 1580 1755 1643 ad
1784 1589 1933 1643 tam
1969 1580 2223 1659 gravia
2261 1580 2551 1659 negotia
2589 1579 2827 1643 docuit
2866 1582 3022 1662 ipsa
3059 1600 3173 1644 ex-

715 1689 1054 1768 perientia
1086 1689 1264 1751 alios
1293 1686 1582 1767 majoris
1613 1686 2059 1750 auctoritatis
2089 1686 2410 1749 homines
2442 1687 2621 1749 mitti
2662 1697 3023 1767 oportere,
3070 1691 3183 1753 vel

711 1796 829 1875 qui
851 1795 1220 1875 insigniori
1243 1795 1479 1875 aliquo
1506 1795 1770 1856 talento
1794 1794 1934 1856 sint
1958 1793 2283 1872 praediti.
2311 1793 2466 1873 Ipse
2481 1793 2556 1856 Ρ.
2586 1794 2909 1872 Ignatius
2930 1804 3181 1859 auctor

711 1920 854 1965 non
882 1903 1111 1965 fuerat
1141 1913 1216 1965 ut
1248 1902 1334 1965 de
1374 1902 1484 1964 his
1523 1900 1794 1964 duobus
1835 1901 2169 1980 Collegiis
2207 1909 2574 1980 ageretur;
2619 1902 2944 1981 quamvis
2992 1901 3177 1966 Gan·

708 2010 865 2072 diae
888 2009 1053 2072 Dux
1076 2009 1258 2072 forte
1281 2017 1359 2071 ut
1378 2008 1644 2089 petenti
1670 2007 1743 2070 Ρ.
1776 2006 2324 2087 ChristophorO,
2352 2008 2425 2070 in
2457 2025 2535 2070 re
2567 2008 2828 2089 alioqui
2853 2010 3173 2088 honesta,

707 2116 1174 2194 satisfaceret,
1207 2124 1281 2178 ut
1311 2133 1460 2178 rem
1491 2123 1796 2178 tentaret
1825 2114 2175 2194 permisit,
2211 2122 2280 2177 et
2314 2113 2719 2192 praedictas
2753 2115 3024 2180 litteras
3058 2119 3175 2204 ad·

701 2221 1046 2303 jiciendas
1074 2222 1376 2286 curavit.
1411 2221 1756 2285 Neutrum
1793 2231 2032 2284 tamen
2071 2220 2468 2300 Collegium
2507 2229 2656 2284 tum
2695 2221 2976 2304 quidem
3019 2242 3172 2287 suc-

707 2347 986 2392 cessum
1036 2329 1309 2407 habuit;
1351 2346 1517 2392 nam
1556 2329 1675 2408 qui
1716 2329 1786 2391 in
1827 2328 2118 2391 civitate
2158 2327 2389 2391 Xerez
2430 2328 2934 2409 versabantur,
2977 2332 3174 2411 prius

704 2454 915 2516 quam
937 2436 1361 2499 Societatem
1382 2436 1687 2515 ingressi
1708 2444 1777 2498 et
1800 2435 1874 2498 in
1897 2452 1982 2497 ea
2006 2435 2285 2515 probati
2308 2434 2627 2515 fuissent,
2653 2453 2797 2499 non
2820 2436 3168 2502 debebant

706 2552 1206 2624 praeceptores
1230 2542 1628 2622 theologiae
1651 2560 1736 2605 ac
1753 2543 2241 2622 philosophiae
2254 2543 2612 2621 constitui,
2640 2543 2764 2606 sed
2791 2543 2950 2606 inde
2973 2546 3169 2626 prius
3202 2585 3207 2590 ·

704 2650 909 2714 educi
937 2660 1006 2713 et
1036 2651 1108 2713 in
1136 2649 1511 2715 Societatis
1539 2650 1775 2734 aliquo
1805 2650 1965 2713 loco
1994 2649 2315 2731 probari3
2347 2648 2562 2713 immo
2592 2659 2662 2713 et
2684 2649 2984 2714 Romam
3014 2653 3166 2717 mit·

705 2758 993 2821 tendum
1019 2775 1176 2821 esse
1204 2757 1624 2837 Magistrum
1647 2756 2045 2837 Gasparem
2066 2757 2351 2839 quidam
2375 2755 2674 2820 Garzias
2697 2758 2933 2839 AriaS,
2962 2760 3162 2841 cujus

703 2866 817 2927 ille
848 2864 1159 2928 consiliis
1189 2865 1549 2943 utebatur,
1594 2863 1975 2943 sentiebat,
2013 2863 2123 2926 vir
2163 2864 2278 2926 ille
2313 2864 2619 2941 optimus
2654 2873 2724 2927 et
2757 2866 2963 2929 valde
3003 2867 3161 2930 doc-

703 2983 839 3046 tus:
874 2982 940 3035 et
972 2971 1255 3035 tandem
1286 2988 1377 3033 ex
1405 2972 1522 3034 illa
1554 2972 1843 3034 civitate
1875 2972 2198 3033 absoluto
2232 2972 2632 3050 theologiae
2655 2990 2869 3036 cursu
2890 2990 2968 3036 se
2999 2992 3159 3038 con-

700 3081 878 3143 tuht.
905 3079 1051 3142 Nec
1081 3079 1336 3141 mirum
1365 3087 1471 3141 est
1500 3078 1688 3159 quod
1717 3078 1994 3158 Hispali
2021 3078 2269 3149 messis
2300 3088 2445 3141 tam
2474 3096 2727 3158 parum
2754 3090 2941 3143 esset
2972 3082 3156 3161 alba,

701 3205 864 3250 cum
900 3187 1276 3250 conciones
1314 3185 1548 3266 Egidii
1587 3186 1688 3249 sic
1728 3186 2135 3249 infecissent
2174 3186 2431 3248 multos
2476 3196 2549 3249 ut
2593 3187 2900 3267 quodam
2946 3190 3158 3252 modo

701 3294 1020 3358 confiteri
1048 3304 1117 3356 et
1149 3293 1240 3356 ad
1269 3295 1841 3357 communionem
1880 3293 2221 3356 accedere
2259 3295 2374 3355 vel
2418 3293 2503 3356 de
2534 3293 3015 3373 spiritualibus
3054 3314 3157 3358 re-

699 3402 829 3464 bus
858 3401 1047 3481 loqui
1075 3401 1676 3481 pertimescerent,
1709 3409 1799 3479 et,
1836 3417 1997 3463 cum
2020 3399 2499 3480 Inquisitionis
2523 3399 2844 3463 Officium
2868 3401 3156 3481 diligen-

699 3517 805 3570 ter
846 3509 1081 3570 omnia
1104 3508 1528 3588 exploraret,
1554 3525 1643 3570 ne
1666 3507 1978 3588 suspecti
2000 3507 2448 3585 haberentur,
2475 3508 2675 3570 multi
2698 3507 2912 3570 etiam
2936 3528 2978 3571 a
3004 3528 3155 3572 ver-

697 3615 804 3676 bis
834 3615 925 3676 ad
947 3615 1280 3694 pietatem
1309 3615 1821 3695 pertinentibus
1853 3614 2319 3677 abstinebant.
2893 3600 2913 3621 '

814 3720 956 3782 316.
1044 3721 1276 3784 Amici
1305 3720 1711 3799 Societatis,
1746 3729 1824 3784 ut
1853 3721 2216 3784 admonuit
2246 3721 2321 3784 Ρ.
2356 3720 2623 3799 Araoz,
2658 3720 3149 3803 ProvincialiS,

696 3829 947 3890 durum
977 3827 1152 3890 satis
1181 3828 1679 3890 existimabant
1709 3827 1897 3908 quod
1928 3828 2152 3891 nostri
2182 3828 2560 3907 aliquando
2597 3829 2728 3891 soli
2761 3829 2851 3891 ad
2880 3829 3153 3893 missio-

694 3953 819 3998 nes
848 3934 1089 3996 varias
1127 3934 1667 4011 destinarentur,
1704 3933 1794 3997 ad
1824 3935 2013 4014 quod
2044 3943 2281 3997 tamen
2320 3935 2807 4015 operariorum
2829 3938 3152 4016 paucitas

773 4139 787 4170 ¹
847 4138 1115 4191 Polaticus,
1138 4149 1204 4181 ex
1223 4139 1614 4189 commissione,
1634 4138 1781 4182 Patri
1803 4138 2028 4192 Gaspari
2051 4138 2235 4193 Lopez,
2254 4139 2313 4183 dc
2337 4140 2635 4184 ministeriis
2658 4141 2708 4183 in
2730 4139 2948 4185 civitate
2965 4142 3151 4185 Asten-

692 4212 754 4263 si,
787 4216 838 4253 et
869 4221 935 4253 an
965 4215 1112 4264 putet
1133 4211 1315 4253 melius
1343 4221 1489 4254 suam
1518 4222 1728 4266 operam
1758 4209 1881 4254 alibi
1912 4211 2281 4263 collocandam,
2313 4222 2485 4255 mense
2511 4210 2812 4266 Februario;
2838 4212 2971 4256 idem
3004 4214 3148 4257 Patri

693 4284 880 4334 Araoz,
902 4289 960 4325 ut
981 4281 1352 4336 Christophoro
1382 4282 1443 4324 de
1468 4281 1712 4326 Mendoza
1733 4281 1927 4326 socium
1958 4283 2040 4337 qui
2075 4294 2188 4326 eum
2220 4283 2497 4328 comitetur
2525 4288 2577 4325 et
2608 4284 2821 4339 adjuvet
2855 4285 3147 4339 provideat,

690 4355 868 4398 eodem
887 4364 1057 4397 mense
1077 4351 1317 4406 (Redibat
1350 4352 1751 4409 christophorus
1783 4353 2017 4398 Romaiu
2053 4354 2402 4409 Hispaniam:
2426 4356 2559 4398 idem
2591 4355 2737 4399 Patri
2768 4357 2957 4411 Araoz,
2988 4358 3048 4400 de
3080 4357 3148 4400 fo-

690 4427 868 4470 vendis
888 4425 1163 4470 Societatis
1183 4425 1480 4470 ministeriis
1500 4426 1550 4469 in
1581 4427 1797 4471 civitate
1828 4427 2039 4471 Astensi
2061 4435 2114 4471 et
2133 4428 2194 4471 de
2227 4428 2461 4482 Gaspare
2494 4429 2662 4483 Lopez
2692 4434 2744 4471 et
2774 4427 3146 4484 christophoro

690 4499 751 4542 de
770 4497 1030 4547 Mendoza.
1051 4499 1101 4542 1⁴
1119 4496 1272 4551 Junii;
1296 4498 1429 4541 idem
1449 4497 1823 4554 christophoro
1838 4499 1899 4542 de
1922 4498 2166 4544 Mendoza
2179 4531 2189 4550 ,
2208 4500 2268 4543 de
2291 4501 2402 4555 eJus
2421 4500 2704 4553 beneficiis,
2726 4506 2827 4544 etc.
2844 4533 2855 4554 ,
2876 4501 2904 4544 2
2919 4500 3147 4555 Septem-

690 4571 811 4623 bris;
835 4571 966 4614 idem
987 4571 1211 4626 Gaspari
1230 4569 1416 4624 Lopez,
1435 4571 1615 4614 eadem
1636 4572 1733 4623 die,
1765 4571 2016 4621 officiose:
2050 4572 2218 4616 eidem
2233 4606 2243 4626 ,
2260 4573 2321 4616 de
2350 4573 2502 4617 sociis
2518 4583 2643 4626 quos
2660 4574 3047 4627 postulaverat,
3082 4574 3143 4616 de

690 4642 1050 4686 beneficiorum
1070 4643 1270 4696 unione,
1307 4643 1328 4685 1
1364 4641 1681 4695 Decembris;
1701 4644 1832 4687 idem
1864 4644 2044 4686 eadem
2060 4644 2145 4688 ‘die
2169 4644 2541 4698 christophoro
2563 4644 2625 4688 de
2651 4642 2896 4688 Mendoza
2911 4677 2921 4696 ,
2945 4645 3007 4688 de
3029 4656 3148 4688 con·

691 4715 957 4767 cionando,
990 4716 1050 4758 de
1086 4715 1306 4759 ecclesia
1339 4715 1390 4759 in
1421 4726 1567 4759 usum
1590 4713 1866 4761 Societatis
1887 4718 2253 4767 convertenda,
2272 4719 2334 4762 de
2356 4725 2518 4763 morte.
2541 4715 2767 4761 Cornelii
2788 4714 2954 4758 Croci.
