3679 5414
732 491 845 552 718
1654 489 1913 550 ennon.
1954 489 2107 551 Soc.
2146 490 2287 564 JEs.

732 654 952 718 opera
984 637 1384 700 videbatur.
1418 637 1499 700 In
1525 622 1753 700 'domo
1792 636 2031 717 pueris
2071 635 2408 715 orphanis
2448 643 2689 698 erecta
2729 634 3013 698 ducenti
3049 634 3202 698 sere

730 744 933 824 pueri
962 745 1352 807 sustentari
1373 752 1721 823 poterant,
1759 751 1828 806 et
1850 742 1998 806 fere
2021 743 2093 805 in
2117 741 2441 806 omnibus
2463 741 2838 821 praesidiis
2862 742 3196 804 lusitano-

731 868 890 913 rum
920 850 1180 913 similia
1210 851 1512 930 collegia
1544 850 2077 930 expetebantur,
2112 857 2180 913 et
2211 849 2301 912 ad
2334 848 2404 911 id
2432 847 2629 911 Patri
2666 847 2997 928 Nobrega
3026 848 3195 911 scri-

728 958 1010 1036 bebant,
1039 956 1419 1020 offerentes
1440 974 1693 1019 servos
1717 958 1859 1037 qui,
1882 956 2347 1036 piscationem
2370 964 2438 1018 et
2462 955 2974 1034 agriculturam
2994 972 3195 1018 exer-

727 1064 976 1144 cendo,
1011 1065 1233 1149 victui
1260 1065 1666 1128 necessaria
1689 1064 1930 1144 pueris
1958 1072 2295 1154 pararent
2318 1072 2387 1125 et
2411 1062 2552 1125 alia
2572 1060 2972 1141 hujusmodi
2996 1062 3191 1125 auxi·

725 1171 848 1235 lia.
881 1171 1260 1251 Cogitabat
1290 1180 1528 1234 autem
1557 1171 1631 1234 Ρ.
1664 1171 1999 1250 Nobrega
2022 1169 2586 1234 Gubernatorem
2616 1168 2629 1198 ¹
2656 1168 3010 1231 maritima
3030 1171 3195 1234 loca

723 1279 1137 1342 visitantem
1165 1279 1516 1357 comitari,
1548 1288 1617 1341 et
1647 1287 1797 1341 tum
1825 1275 2205 1341 Societatis
2233 1279 2391 1340 loca
2419 1277 2728 1364 invisere
2748 1325 2762 1353 ,
2796 1285 2947 1339 tum
2970 1275 3191 1340 Colle-

724 1387 848 1465 gia
877 1403 1282 1466 puerorum,
1317 1386 1435 1449 ubi
1464 1384 1797 1466 expedire
1826 1384 2210 1463 videretur,
2242 1384 2640 1460 instituere,
2683 1383 3010 1463 quamvis
3040 1381 3195 1463 jam

728 1493 965 1573 aliqua
999 1493 1319 1556 instituta
1363 1501 1566 1555 erant
1599 1501 1669 1555 et
1709 1509 1851 1554 non
1889 1508 2142 1571 parum
2182 1507 2643 1570 progressum
2682 1489 3072 1568 faciebant3
3120 1499 3195 1553 et

723 1600 986 1680 partim
1016 1599 1181 1678 quia
1222 1601 1452 1662 solum
1487 1597 1637 1677 eJus
1678 1597 1995 1678 regionis
2033 1597 2260 1660 fertile
2298 1607 2425 1675 est,
2470 1596 2733 1677 partim
2773 1597 2939 1677 quia
2981 1597 3191 1677 pueri

724 1707 1097 1785 gentilium
1124 1707 1388 1785 exiguo
1418 1714 1700 1785 sumptu
1728 1697 2236 1778 sustentantur,
2270 1722 2412 1767 non
2442 1703 2720 1767 difficile
2758 1713 2911 1767 erat
2951 1702 3188 1783 hujus-

723 1813 913 1877 modi
943 1814 1244 1892 collegia
1275 1822 1698 1887 sustentare,
1732 1829 1894 1875 cum
1930 1811 2349 1892 praesertim
2379 1820 2571 1874 terra
2610 1811 3001 1874 excolenda
3031 1811 3191 1872 sine

723 1921 866 1983 ullo
897 1920 1124 1999 pretio
1157 1929 1323 1983 tunc
1367 1919 1769 1998 haberetur,
1811 1927 1881 1981 et
1921 1917 2297 1998 optimates
2340 1918 2602 1998 optime
2642 1916 2879 1980 affecti
2922 1929 3182 1982 essent.

723 2027 1179 2090 Tenebantur
1209 2037 1450 2094 tamen
1488 2042 1750 2105 magno
1788 2025 2162 2103 desideri0,
2210 2025 2333 2106 qui
2368 2025 2438 2087 in
2469 2042 2555 2087 ea
2592 2025 2764 2088 urbe
2802 2025 3173 2087 versaban-

720 2143 859 2214 tur,
894 2135 966 2197 in
997 2133 1516 2197 mediterranea
1535 2132 1984 2218 penetrandi,
2018 2149 2182 2196 cum
2202 2132 2600 2195 uberiorem
2622 2132 3021 2194 animarum
3041 2130 3188 2193 fru-

723 2250 919 2304 ctum
947 2241 1043 2303 ibi
1088 2249 1481 2320 sperarent,
1515 2239 1631 2302 ubi
1660 2239 1963 2318 gentiles
1990 2240 2182 2302 nulla
2220 2239 2531 2302 lacessiti
2573 2236 2825 2317 injuria
2855 2257 2898 2301 a
2940 2237 3185 2301 Portu·

720 2348 1159 2427 gallensibus
1187 2356 1445 2425 essent,
1485 2347 1607 2426 qui
1635 2346 1707 2409 in
1737 2346 2051 2427 praediis
2088 2345 2461 2409 maritimis
2488 2346 2979 2421 versabantur,
3023 2364 3191 2412 cum

717 2455 1141 2535 praesertim
1171 2452 1609 2534 experientia
1639 2453 1995 2542 discerent
2022 2453 2199 2515 nihil
2238 2462 2517 2515 nostros
2547 2461 2828 2532 praeter
2864 2453 3187 2532 ipsorum

720 2561 1023 2624 salutem
1053 2569 1406 2640 expetere.
1442 2559 1599 2622 Non
1619 2559 1973 2623 audebant
1996 2568 2233 2623 autem
2254 2559 2608 2639 praesidia
2630 2558 2806 2621 haec
2829 2558 3186 2636 deserere,

719 2668 948 2730 donec
977 2667 1099 2731 alii
1142 2667 1476 2730 submissi
1516 2676 1753 2731 essent
1795 2684 1887 2735 ex
1926 2666 2392 2747 Portugallia,
2437 2667 2556 2748 qui
2593 2679 2840 2729 eorum
2870 2667 2941 2728 in
2986 2666 3187 2747 spiri·

718 2775 1025 2838 tualibus
1056 2792 1306 2838 curam
1337 2783 1691 2854 gererent,
1725 2784 1827 2850 ut,
1863 2774 1922 2836 si
1946 2774 2301 2837 accideret
2330 2792 2452 2836 eos
2476 2773 2726 2851 occidi,
2753 2773 2873 2853 qui
2896 2774 2986 2837 ad
3016 2774 3183 2837 Bra-

718 2881 1083 2945 siliensum
1116 2881 1659 2945 conversionem
1689 2899 1766 2944 se
1798 2880 2285 2959 contulissent,
2318 2881 2675 2960 praesidia
2701 2879 3184 2960 Portugallen-

717 2989 901 3052 sium
933 2989 1218 3051 deserta
1249 3006 1391 3051 non
1423 2998 1816 3052 manerent.

835 3095 976 3159 050.
1056 3095 1450 3172 Postquam
1493 3113 1584 3158 ex
1613 3096 1973 3175 praesidio
2003 3095 2470 3157 Pernambuci
2499 3094 2574 3157 P.
2616 3095 2947 3174 Nobrega
2980 3096 3050 3158 in
3082 3095 3180 3157 ci-

718 3203 1013 3266 vitatem
1057 3203 1632 3266 Salvatoris'sub
1679 3204 1954 3266 initium
1990 3201 2579 3282 quadragesimae
2629 3202 2965 3280 venisset,
3018 3219 3182 3267 cum

717 3309 1087 3388 navigium
1112 3308 1467 3389 quoddam
1490 3326 1745 3372 versus
1762 3308 2004 3372 Sancti
2026 3308 2387 3372 Vincentii
2408 3308 2851 3388 provinciam
2872 3308 3177 3371 mittere·

715 3424 851 3494 tur,
886 3414 1151 3478 missus
1183 3423 1288 3477 est
1319 3416 1391 3478 in
1422 3432 1506 3478 eo
1536 3415 1612 3478 Ρ.
1646 3415 2062 3478 Emmanuel
2095 3415 2182 3478 de
2219 3413 2467 3494 Payva
2497 3424 2565 3477 et
2593 3414 2669 3477 Ρ.
2703 3414 3070 3478 Navarrus
3098 3427 3179 3481 ut

708 3520 1092 3600 jubilaeum
1121 3538 1247 3600 per
1275 3521 1630 3584 maritima
1662 3522 1782 3585 illa
1811 3523 1971 3584 loca
2001 3523 2555 3601 promulgarent.
2604 3520 2680 3583 Ρ.
2713 3530 2951 3584 autem
2977 3538 3176 3601 prae-

714 3628 946 3691 dictus
986 3626 1356 3690 Navarrus
1397 3628 1470 3691 in
1515 3629 1875 3709 oppidum,
1921 3627 2107 3708 quod
2156 3628 2447 3690 Portum
2489 3626 2831 3719 Securum
2888 3636 3179 3708 vocant,

601 3719 611 3729 ’
711 3735 1172 3815 praedicandi
1217 3742 1283 3796 et
1329 3733 1793 3798 christianam
1823 3734 2221 3798 doctrinam
2249 3734 2549 3797 docendi
2577 3724 2912 3813 gratia‘se
2935 3744 3179 3799 contu-

712 3842 819 3921 lit,
867 3842 1057 3922 quod
1107 3857 1369 3919 magno
1410 3857 1572 3905 cum
1609 3841 1848 3905 fructu
1892 3850 2040 3904 tum
2079 3851 2402 3904 veterum
2440 3842 2989 3905 christianorum
3026 3852 3181 3909 tum

711 3949 1084 4028 gentilium
1112 3946 1440 4010 effectum
1470 3957 1597 4027 est,
1625 3958 1694 4011 et
1721 3948 2192 4011 aemulatione
2217 3948 2523 4029 quadam
2544 3951 2848 4029 populus
2870 3949 2984 4012 ille
3014 3967 3182 4015 cum

713 4046 855 4119 alio
875 4057 1116 4119 vicino
1135 4055 1459 4118 certabat
1475 4064 1653 4133 uter,
1677 4055 1969 4134 scilicet,
1999 4055 2591 4135 praestantiorem
2611 4056 2898 4119 domum
2922 4057 3174 4136 orpha·

710 4180 967 4227 norum
1005 4163 1322 4226 haberet.
1369 4161 1757 4225 Praeerant
1800 4172 2041 4225 autem
2078 4163 2302 4226 nostri
2351 4162 2754 4243 hujusmodi
2792 4181 3182 4243 puerorum

711 4270 1073 4349 Collegiis.
1105 4269 1183 4332 P.
1215 4286 1389 4332 vero
1426 4269 1673 4348 Payva
1705 4270 1776 4331 in
1799 4278 2084 4349 portum
2124 4268 2369 4332 Sancti
2408 4267 2712 4349 Spiritus
2753 4288 2913 4333 eum
2942 4271 3177 4334 venis—

706 4378 1161 4458 set'tempore
1192 4375 1807 4456 quadragesimae,
1843 4393 1987 4439 non
2014 4377 2178 4440 inde
2209 4377 2540 4440 recedere
2568 4379 2822 4458 potuit.

827 4484 970 4547 651.
1054 4483 1474 4548 Adducebat
1496 4500 1739 4546 secum
1762 4492 1907 4546 tres
1930 4501 2188 4564 pueros
2213 4503 2304 4548 ex
2324 4485 2456 4563 his,
2477 4485 2596 4565 qui
2619 4502 2711 4548 ex
2734 4485 3181 4565 Portugallia

792 4653 805 4683 ¹
863 4651 998 4696 Erat
1032 4652 1262 4695 clvitatis
1297 4651 1494 4696 Bahiae
1526 4663 1615 4696 seu
1652 4650 1948 4696 salvatoris
1979 4652 2308 4697 Gubernator
2340 4661 2390 4697 et
2421 4654 2693 4698 Generalis
2727 4654 2888 4699 totius
2920 4620 3179 4701 Brasiua'e

708 4722 941 4767 Thomas
962 4723 1024 4766 de
1047 4722 1227 4766 Sousa-
