3679 5414
776 492 889 552 612
1695 486 1949 548 Cimon.
1993 486 2146 548 Soc..
2186 488 2326 563 Jsss.

773 638 1035 714 niebat,
1063 645 1133 699 et
1157 653 1317 699 eam
1337 635 1429 698 ad
1451 634 1832 698 Ducissam
1856 634 2168 714 deduxit,
2198 645 2267 698 et
2292 636 2463 699 illud
2486 638 3018 716 monasterium:
3038 647 3247 719 prout

775 744 1171 824 oportebat,
1207 743 1618 806 inchoatum
1647 741 1798 805 fuit.
1832 741 1950 806 Sic
1988 742 2269 806 demum
2310 742 2388 805 Ρ.
2429 743 2860 807 Franciscus
2890 745 2983 808 ad
3012 745 3246 825 Ogna·

774 861 975 914 tense
1006 849 1400 931 Collegium
1431 852 1546 914 vel
1577 849 2062 913 eremitorium
2089 850 2482 930 venit„quo
2512 849 2861 915 Dominus
2891 852 3245 916 Antonius

771 959 860 1022 de
893 957 1251 1035 Cordova,
1281 956 1430 1037 J’am
1459 945 1889 1021 Societate‘m
1920 957 2310 1037 ingressuS,
2336 967 2656 1038 venerat,
2684 968 2754 1022 et
2783 977 3058 1024 summa
3084 978 3243 1023 cum

770 1067 1167 1130 humilitate
1224 1066 1299 1129 in
1352 1065 1896 1146 probationibus
1947 1064 2193 1145 primis
2236 1065 2693 1145 versabatur,
2748 1064 2947 1146 cujus
2989 1076 3237 1145 mater,

769 1172 1290 1236 Marchionissa
1320 1171 1579 1253 Pliegi‚
1614 1191 1706 1236 ex
1736 1173 1871 1235 hac
1902 1172 2123 1253 ipsius
2163 1173 2507 1236 electione
2548 1189 2883 1253 magnam
2923 1177 3241 1238 consola-

765 1281 1030 1344 tionem
1060 1281 1364 1360 accepit,
1400 1289 1467 1343 et
1497 1281 1584 1344 de
1615 1278 1933 1360 Collegio
1958 1279 2331 1343 Cordubae
2355 1279 2788 1344 instituendo
2813 1297 3030 1361 agere
3052 1283 3245 1345 serio

766 1389 841 1451 in
870 1388 1109 1451 animo
1143 1388 1477 1450 habebat.

888 1495 1027 1557 449.
1117 1495 1600 1558 Concionatus
1621 1504 1730 1557 est
1751 1495 1980 1575 primo
2005 1493 2117 1557 die
2140 1493 2448 1575 Augusti
2471 1495 2866 1575 Vergarae,
2893 1505 2963 1558 et
2985 1497 3238 1560 consti-

764 1602 898 1665 tuit
949 1603 1187 1682 aliqua
1236 1603 1649 1683 provinciae
1699 1601 1885 1665 illius
1938 1601 2229 1682 oppida,
2273 1619 2455 1682 quae
2505 1603 2817 1665 nondum
2868 1604 3235 1682 inviserat,

763 1708 988 1789 adire,
1021 1719 1091 1773 et
1124 1727 1284 1772 cum
1314 1708 1642 1772 Patribus
1671 1709 2018 1772 Michaele
2061 1719 2128 1772 et
2157 1708 2340 1773 Solis
2369 1727 2494 1790 per
2533 1709 2737 1772 varia
2775 1711 2936 1772 loca
2973 1710 3237 1774 discur-

761 1816 878 1892 rit,
914 1827 990 1880 ut
1022 1816 1399 1879 Motricum
1432 1825 1501 1879 et
1532 1816 1899 1879 Zumaiam
1926 1834 2150 1896 usque
2182 1824 2251 1878 et
2280 1816 2421 1879 alia
2442 1818 2600 1879 loca
2624 1817 3003 1880 maritima.
3029 1815 3235 1880 Prae-

763 1923 1047 1987 dicabat
1079 1932 1317 1986 autem
1346 1924 1432 1986 de
1462 1924 1709 1986 decem
1736 1924 1916 2003 legis
1944 1924 2346 2004 praeceptis
2374 1924 2840 2004 potissimum.
2881 1924 3061 1988 Cum
3102 1923 3236 1988 Az-

759 2030 1051 2111 peitiae,
1111 2047 1333 2111 prope
1394 2030 1580 2111 quod
1637 2030 1975 2110 oppidum
2016 2039 2122 2093 est
2174 2030 2425 2094 domus
2467 2031 2818 2111 Loyolae.,
2866 2032 3018 2112 ipse
3071 2049 3236 2095 con-

762 2139 1089 2201 cionatus
1120 2147 1343 2217 esset,
1388 2136 1464 2200 Ρ.
1514 2138 1818 2200 Michael
1861 2137 2106 2200 Ochoa
2148 2138 2221 2199 in
2264 2137 2675 2200 cantabrica
2713 2138 2955 2218 lingua
2986 2139 3234 2202 eodem

759 2245 992 2310 officio
1023 2246 1311 2308 functus
1341 2253 1471 2308 est.
1506 2244 1821 2308 Fuerunt
1854 2254 2093 2308 autem
2121 2245 2377 2325 ubique
2409 2244 2818 2309 avidissime
2858 2247 3135 2326 excepti
3166 2255 3235 2309 et

762 2354 1028 2433 placuit
1059 2353 1346 2415 divinae
1377 2352 1678 2415 bonitati
1706 2363 1783 2415 ut
1812 2353 1993 2415 inter
2019 2353 2543 2416 ecclesiasticas
2567 2353 2841 2433 aliquas
2864 2370 3230 2433 personaS,

760 2477 944 2540 quae
975 2459 1214 2522 multis
1246 2459 1451 2522 annis
1480 2459 1664 2522 inter
1694 2476 1769 2522 se
1807 2459 2185 2539 litigabant
2215 2469 2283 2522 et
2321 2459 2684 2522 discordes
2724 2459 3104 2523 admodum
3133 2461 3235 2522 vi·

762 2567 1057 2645 vebant,
1089 2584 1234 2647 pax
1264 2568 1645 2630 conciliata
1685 2567 1807 2646 sit,
1854 2585 2152 2647 quorum
2193 2567 2428 2630 omnia
2468 2567 2758 2645 negotia
2797 2567 2868 2629 in
2907 2567 3236 2630 manibus

765 2671 841 2736 P.
877 2671 1063 2737 Solis
1092 2675 1341 2737 relicta
1369 2673 1679 2753 fuerunt,
1711 2683 1787 2738 ut
1818 2690 1906 2738 ea
1934 2692 2063 2755 pro
2094 2691 2222 2738 suo
2247 2674 2541 2738 arbitrio
2567 2682 3041 2755 componeret.
3069 2672 3235 2738 Alia

762 2782 980 2845 etiam
1009 2783 1292 2863 pietatis
1323 2800 1541 2862 opera
1570 2782 1666 2844 ibi
1696 2781 2017 2845 confecta
2048 2800 2173 2862 per
2203 2780 2340 2845 Dei
2369 2782 2677 2862 gratiam
2706 2781 3009 2845 fuerunt.

882 2889 1023 2951 450.
1112 2887 1364 2953 Invisit
1396 2898 1636 2952 autem
1666 2889 1982 2969 Loyolae
2012 2889 2320 2968 domum,
2357 2887 2558 2968 cujus
2588 2906 2818 2952 novus
2842 2887 2989 2967 jam
3015 2888 3235 2951 domi·

759 3015 894 3060 nus
925 2996 1220 3060 effectus
1252 3005 1406 3059 erat
1436 2995 1787 3059 Dominus
1813 2996 2128 3078 Joannes
2158 2997 2244 3060 de
2270 2997 2553 3075 Borgia.
2582 2995 3022 3059 Decreverat
3047 2995 3234 3058 enim

762 3104 824 3166 is
852 3104 1140 3166 tandem
1170 3121 1466 3166 uxorem
1497 3103 1786 3182 ducere,
1822 3113 1892 3167 et
1922 3104 2051 3181 ita,
2098 3103 2645 3182 consanguineis
2674 3102 3024 3165 Dominae
3052 3103 3234 3165 Lau-

762 3211 1056 3289 rentiae,
1091 3228 1274 3291 quae
1304 3210 1558 3274 haeres
1589 3219 1744 3274 erat
1775 3210 2027 3273 domus
2048 3211 2394 3290 Loyolae,
2428 3208 2498 3272 id
2523 3210 2918 3289 agentibuS‚
2946 3227 3089 3272 non
3112 3209 3236 3272 im-

764 3319 1111 3397 probante
1144 3319 1360 3381 etiam
1397 3316 1596 3380 Duce
1627 3316 1948 3380 Gandiae
1978 3334 2198 3396 novo,
2233 3317 2454 3397 ipsius
2482 3315 2736 3395 fratre,
2768 3316 2989 3379 immo
3021 3316 3237 3378 etiam

762 3424 1199 3502 consulente,
1234 3441 1350 3487 res
1381 3432 1745 3503 transacta
1768 3421 2025 3501 fuerat;
2053 3432 2121 3486 et
2144 3420 2219 3486 P.
2246 3423 2304 3485 F
2308 3423 2694 3502 ranciscuS,
2722 3441 2809 3485 ne
2834 3422 3235 3502 improbare

763 3531 837 3594 id
867 3530 1252 3609 videretur,
1284 3531 1358 3593 in
1387 3529 1523 3592 hac
1552 3531 2149 3610 peregrinatione,
2186 3548 2325 3610 qua
2349 3529 2654 3593 diximus
2678 3530 2769 3592 ad
2792 3547 2989 3592 mare
3013 3545 3234 3609 usque

764 3639 1255 3701 cantabricum
1285 3637 1726 3718 pervenisse,
1763 3637 2051 3700 domum
2079 3638 2273 3700 illam
2303 3638 2545 3700 invisit
2573 3646 2643 3700 et
2674 3635 3235 3699 benedictionem

764 3746 1046 3825 sponsis
1077 3745 1292 3820 dedit;
1326 3746 1490 3808 licet
1520 3744 1715 3808 Patri
1746 3744 2021 3825 Ignatio
2052 3762 2196 3807 non
2226 3760 2660 3825 magnopere
2698 3745 2833 3806 hoc
2874 3744 3233 3806 matrimo-

767 3851 964 3929 nium
993 3861 1406 3931 pergratum
1431 3851 1663 3927 fuerit,
1692 3870 1853 3915 cum
1877 3851 2164 3915 Domini
2187 3851 2482 3935 Joannis
2514 3851 2599 3914 de
2628 3851 2893 3930 Borgia
2921 3850 3207 3913 vocatio

767 3975 928 4020 nem
959 3959 1050 4021 ad
1081 3968 1346 4021 statum
1374 3957 1833 4039 perfectionis
1863 3976 2018 4021 esse
2050 3958 2401 4038 crederet,
2437 3976 2568 4021 nec
2598 3958 2756 4021 ullis
2786 3975 3098 4038 unquam
3128 3957 3236 4018 lit-

768 4066 971 4145 teris,
1008 4067 1194 4147 quod
1222 4067 1475 4146 sciam,
1524 4072 1646 4128 aut
1685 4067 2223 4145 congratulatus
2261 4075 2368 4129 est
2413 4075 2535 4128 aut
2575 4082 2649 4129 se
2689 4065 3087 4146 approbare
3134 4064 3236 4127 fa-

766 4181 962 4236 ctum
989 4174 1160 4253 hoe,
1197 4173 1525 4253 quamvis
1553 4164 1630 4235 P.
1664 4170 1905 4235 Araoz
1934 4172 2021 4236 de
2051 4190 2134 4235 eo
2178 4173 2550 4253 scriberet,
2584 4171 3046 4252 significavit;
3096 4171 3236 4234 dis-

763 4279 1145 4342 simulabat
1178 4289 1415 4342 tamen
1446 4279 1581 4343 sibi
1612 4280 1975 4359 negotium
2003 4278 2140 4341 hoc
2171 4279 2568 4360 displicere.

886 4386 1026 4449 451.
1116 4386 1283 4450 Inde
1315 4396 1550 4449 autem
1581 4386 1653 4449 in
1685 4386 2078 4466 Collegium
2110 4384 2520 4465 Ognatense
2560 4385 2637 4448 Ρ.
2669 4387 3098 4449 Franciscus
3126 4402 3234 4448 re-

761 4493 988 4574 dienS,
1023 4494 1132 4557 bis
1166 4493 1424 4557 ibidem
1455 4494 1541 4556 de
1571 4493 1731 4556 fidei
1771 4493 2090 4556 articulis
2137 4494 2600 4557 concionatus
2638 4502 2766 4556 est.
2810 4492 2987 4555 Tam
3031 4492 3234 4554 multi

763 4611 1005 4664 autem
1033 4601 1107 4663 in
1137 4599 1565 4674 Societatem
1596 4600 1871 4663 admitti
1899 4600 2265 4680 petebant,
2308 4609 2384 4663 ut
2414 4600 2475 4662 si
2516 4617 2761 4662 omnes
2800 4599 3075 4662 admitti
3114 4616 3235 4679 po·

768 4709 1103 4788 tuissent,
1137 4707 1452 4787 pluribus
1480 4707 1687 4770 novis
1725 4705 2058 4787 Collegiis
2088 4704 2459 4788 implendis
2489 4707 2666 4770 satis
2708 4717 2944 4770 essent
2985 4702 3229 4770 futuri.
