3679 5414
655 469 767 524 554
1633 465 1888 526 Cimon.
1932 465 2084 525 soe.
2121 467 2263 540 Jes,

777 612 919 673 337.
1007 612 1182 675 Cum
1243 612 1514 675 duobus
1566 630 1739 692 ergo
1790 612 2149 675 mensibus
2199 611 2348 674 sere
2399 610 2666 673 Romae
2718 612 3124 690 mansisset,

659 718 1028 797 Neapolim
1061 719 1277 797 venit,
1315 719 1498 782 unde
1529 737 1691 782 cum
1716 719 2122 781 triremibus
2152 717 2373 780 Ducis
2402 717 2802 780 Florentiae
2833 718 3131 797 naviga·
3212 779 3219 787 ,

657 837 858 887 turus
887 812 1064 903 e‘rat3
1097 825 1218 888 sed
1251 826 1415 905 quia
1440 825 1588 906 jam
1620 826 1781 888 illae
1805 833 2274 902 recesserant,
2301 841 2429 904 per
2452 823 2855 886 Calabriam
2882 823 3135 887 itinere

658 933 977 995 terrestri
1011 933 1080 994 in
1121 931 1435 996 Siciliam
1476 949 1634 995 cum
1674 950 1937 1012 magno
1967 933 2208 995 labore
2248 950 2324 994 se
2371 931 2685 994 contulit.
2722 929 2910 994 Ante
2954 949 3126 994 vero

656 1056 868 1118 quam
897 1039 1192 1119 Neapoli
1217 1040 1615 1119 recederet,
1644 1041 1834 1120 quod
1866 1041 1965 1103 illi
1996 1039 2452 1102 commissum
2481 1038 2711 1100 fuerat
2740 1055 2783 1099 a
2812 1037 2886 1100 P.
2924 1036 3127 1116 Igna—

655 1147 776 1224 tio,
811 1156 917 1209 est
950 1157 1349 1226 exsecutuS‚
1398 1157 1467 1209 et
1508 1165 1622 1210 res
1663 1145 1814 1226 ejus
1853 1164 2107 1227 parum
2150 1147 2326 1209 bene
2367 1145 2769 1224 dispositaS,
2803 1144 2992 1223 quod
3022 1162 3121 1206 re·

656 1256 868 1332 gulae
899 1271 1301 1333 perpaucae
1342 1255 1916 1332 observarentur,
1960 1253 2151 1315 domi
2192 1263 2261 1315 et
2305 1253 2375 1314 in
2416 1252 2678 1314 scholis
2715 1252 3021 1325 invenit3
3057 1262 3125 1314 et

653 1360 870 1422 nimia
911 1360 1201 1422 libertas
1224 1378 1267 1422 a
1299 1359 1373 1422 P.
1407 1359 1772 1424 Bobadilla
1803 1360 2175 1440 permissa,
2209 1359 2381 1421 nihil
2411 1359 2503 1421 ad
2531 1359 2791 1420 bonum
2825 1357 3124 1436 Collegii

654 1484 1114 1547 progressum
1152 1466 1470 1546 juvabat.
1514 1467 1676 1529 Fuit
1716 1477 1952 1529 autem
1992 1465 2218 1528 eidem
2251 1465 2707 1527 commissum
2740 1482 2782 1527 a
2812 1463 2886 1526 P.
2924 1464 3122 1543 Igna-

653 1574 750 1635 tio
788 1583 862 1635 ut
898 1591 1058 1635 cum
1088 1573 1163 1636 P.
1203 1574 1567 1636 Bobadilla
1606 1574 2001 1654 disputaret
2036 1583 2104 1635 et
2152 1572 2369 1635 libere
2401 1571 2567 1651 quid
2607 1573 2898 1634 sentiret
2932 1571 3130 1633 circa

657 1679 809 1760 ejus
838 1680 1231 1743 doctrinam
1261 1690 1382 1743 aut
1412 1681 1694 1760 legendi
1725 1682 2011 1743 modum
2042 1680 2332 1758 diceret3
2366 1697 2505 1759 qua
2537 1677 2935 1741 obedientia
2978 1695 3123 1740 non

657 1789 941 1867 impune
980 1786 1261 1850 functus
1301 1796 1429 1850 est.
1475 1787 1862 1851 Admonuit
1901 1799 2137 1850 tamen
2184 1788 2378 1850 illum
2418 1787 2504 1849 de
2543 1786 2749 1849 modo
2793 1784 3124 1865 loquendi

655 1895 886 1973 magis
916 1895 1234 1958 modesto
1266 1895 1336 1956 in
1378 1895 1799 1957 auctoritate
1832 1894 2223 1957 Doctorum
2262 1891 2673 1956 san‘ctorum
2718 1891 3124 1971 rejicienda,

650 2011 718 2063 et
750 2002 941 2081 quod
971 2001 1070 2064 illi
1100 2003 1568 2064 conveniebat
1601 2020 1731 2064 nec
1763 2001 1849 2063 de
1881 2002 2019 2063 illis
2050 2002 2233 2063 male
2263 2000 2453 2079 loqui
2483 2017 2613 2062 nec
2644 2017 2775 2061 sua
2803 1999 3117 2076 laudare,

649 2118 717 2171 ct
746 2109 1111 2188 opiniones
1145 2110 1217 2172 in
1246 2108 1604 2187 theologia
1648 2125 2059 2171 communes
2098 2117 2166 2170 et
2208 2108 2279 2170 in
2320 2124 2529 2170 sacra
2571 2106 2924 2186 scriptura
2965 2121 3122 2166 esse

651 2217 740 2278 ab
771 2234 854 2278 eo
877 2216 1248 2278 tenendas,

767 2323 907 2386 338.
998 2324 1402 2385 Messanam
1430 2340 1605 2402 ergo
1639 2325 2064 2404 perveniens
2094 2322 2372 2386 decima
2411 2322 2603 2403 Junii
2633 2337 2895 2398 magna
2927 2320 3117 2382 laeti·

649 2431 748 2493 tia
778 2429 1191 2509 Pro-regem
1221 2429 1478 2508 affecit,
1513 2448 1673 2493 eum
1704 2449 1786 2492 ea
1818 2448 2001 2509 quae
2033 2429 2370 2492 afferebat
2396 2430 2482 2491 de
2506 2445 2638 2490 usu
2661 2425 3121 2490 monarchiae

652 2537 1002 2600 retulisset
1029 2554 1043 2615 ;
1097 2536 1479 2616 jubilaeum
1536 2537 1752 2600 etiam
1808 2556 1850 2599 a
1910 2535 2200 2599 Summo
2257 2535 2596 2599 Pontifice
2664 2525 3112 2609 concessum,

651 2644 840 2723 quod
870 2661 1109 2706 secum
1140 2643 1431 2722 serebat,
1464 2642 1790 2723 Pro-regi
1823 2660 2254 2724 magnopere
2284 2642 2573 2723 placuit.
2609 2639 2747 2704 Sed
2778 2657 2937 2702 cum
2970 2639 3109 2701 Do·

651 2751 841 2813 mina
892 2752 1190 2814 Isabella
1247 2751 1331 2813 de
1389 2752 1593 2829 Vega
1645 2751 1716 2814 in
1771 2752 2067 2814 summis
2121 2762 2287 2813 tunc
2341 2750 2690 2829 angustiis
2740 2748 3122 2810 constituta

647 2866 865 2936 esset,
901 2867 969 2919 et
994 2859 1511 2937 quodammodo
1536 2859 1687 2920 sine
1718 2859 2027 2921 humano
2046 2857 2378 2935 remediO,
2407 2857 2677 2919 litteras
2707 2855 2771 2917 ei
2803 2854 2876 2916 Ρ.
2913 2854 3122 2932 Igna—

647 2966 787 3026 tius
838 2964 1126 3037 tradidit
1155 3014 1170 3041 ,
1226 2982 1406 3043 quae
1451 2982 1608 3027 eam
1660 2966 1751 3027 ad
1801 2966 2024 3028 vitam
2095 2972 2548 3027 revocarunt.
2608 2962 2974 3041 Agebatur
3032 2960 3121 3023 de

645 3070 796 3151 ejus
825 3071 1280 3134 matrimonio
1312 3080 1380 3133 et
1411 3089 1710 3135 aversus
1741 3081 1896 3134 erat
1928 3071 2136 3133 valde
2168 3070 2317 3151 ejus
2361 3069 2641 3132 animus
2663 3069 2752 3131 ab
2782 3085 2866 3129 eo
2906 3068 2979 3129 in
3019 3065 3119 3129 Si·

654 3178 816 3240 cilia
847 3178 1355 3256 contrahend0‚
1391 3188 1459 3240 et
1489 3179 1908 3241 nominatim
1941 3197 1981 3240 a
2013 3177 2286 3240 Comite
2317 3177 2403 3239 de
2427 3177 2627 3239 Luna
2654 3193 2739 3237 ac
2762 3173 3116 3237 Marchio-

647 3303 734 3348 ne
780 3287 866 3348 de
905 3286 1129 3347 Ieraci
1174 3284 1187 3315 ¹
1243 3287 1574 3366 (quorum
1620 3286 1823 3348 alteri
1876 3294 2078 3364 pater
2117 3284 2269 3364 ejus
2314 3300 2473 3346 eam
2528 3284 2599 3345 in
2641 3298 2936 3345 uxorem
2978 3290 3116 3343 tra-

651 3392 818 3454 dere
849 3392 1233 3470 cogitabat)
1265 3390 1417 3470 ejus
1448 3392 1728 3454 animus
1758 3401 1910 3454 erat
1943 3407 2277 3469 aversus3
2318 3391 2444 3452 sed
2473 3388 2723 3451 litteris
2752 3387 2828 3449 P.
2864 3387 3121 3465 Ignatii

649 3508 716 3561 et
748 3498 1059 3561 adventu
1087 3498 1163 3560 P.
1200 3498 1474 3560 Natalis
1503 3498 1606 3560 sic
1637 3509 1961 3561 recreata
1991 3508 2128 3575 est,
2163 3508 2232 3560 et
2264 3497 2354 3560 ad
2397 3495 2867 3560 obedientiam
2896 3493 3125 3574 patris

647 3606 981 3681 animata,
1016 3614 1091 3667 ut
1124 3620 1286 3667 cum·
1317 3622 1576 3684 magna
1610 3605 2095 3667 consolatione
2130 3622 2256 3666 sua
2289 3615 2357 3667 et
2382 3603 2601 3665 animi
2623 3603 2855 3683 quiete
2882 3601 3119 3681 decre·

652 3713 830 3775 verit
860 3729 1020 3774 eum
1059 3728 1395 3791 sponsum
1441 3712 1850 3790 admittere,
1894 3729 2100 3791 quem
2140 3712 2240 3773 illi
2278 3721 2479 3791 pater
2520 3709 2742 3790 ipsius
2783 3708 3121 3785 dedisset;

646 3828 716 3880 et
747 3819 844 3880 ita
876 3817 1138 3881 Comiti
1174 3817 1260 3879 de
1301 3819 1503 3880 Luna
1535 3819 1797 3881 tradita
1827 3829 1969 3897 est,
2014 3819 2133 3898 qui
2171 3819 2377 3881 simul
2419 3834 2583 3879 cum
2613 3816 2767 3896 ipsa
2811 3814 3118 3878 Domina

653 3925 945 3987 Isabella
976 3923 1171 3987 Patri
1209 3925 1485 4004 Ignatio
1515 3942 1641 4005 per
1679 3925 1953 3989 litteras
1984 3942 2150 3988 suas
2181 3925 2453 4003 gratias
2498 3932 2819 4003 egerunt,
2870 3931 2940 3985 et
2988 3919 3119 3984 Co-

651 4050 801 4094 mes
830 4048 1112 4094 omnem
1144 4050 1348 4094 suam
1381 4049 1672 4111 operam
1697 4032 1949 4094 obtulit
1979 4031 2024 4090 ².

770 4138 911 4200 339.
1002 4138 1315 4201 Venerat
1340 4136 1486 4216 jam
1517 4137 1922 4201 Messanam
1955 4137 2286 4217 Pro—rex3
2319 4157 2460 4200 non
2492 4146 2729 4199 tamen
2761 4136 2958 4217 prius
2990 4135 3119 4198 Ca-

729 4412 745 4443 ¹
805 4411 888 4454 Sic
908 4423 918 4464 ;
942 4413 1264 4464 probabilius
1291 4414 1505 4463 Gerace.
1528 4414 1659 4467 quod
1684 4414 1842 4457 latine
1866 4422 1943 4456 est
1970 4414 2305 4457 Hieracium.

728 4485 751 4515 2
807 4484 1063 4526 Polancus
1079 4517 1090 4536 ,
1113 4494 1179 4527 ex
1200 4496 1358 4537 com.,
1383 4482 1632 4528 Dominae
1658 4485 1926 4528 Elisabeth
1960 4487 2020 4528 de
2043 4486 2217 4541 Vega,
2241 4487 2495 4539 Ignatium
2518 4487 2651 4528 velle
2669 4517 2679 4537 ,
2710 4492 2990 4539 antequam
3009 4485 3122 4539 ejus

649 4555 839 4598 litteris
862 4555 1189 4610 respondeat,
1211 4558 1358 4610 plene
1381 4556 1442 4598 dc
1464 4559 1696 4600 omnibus
1717 4568 1747 4599 a
1771 4557 1825 4600 P.
1846 4557 2019 4600 Natali
2042 4557 2313 4600 certiorem
2338 4556 2461 4606 fieri,
2481 4556 2509 4598 5
2528 4554 2719 4599 Martii.
2738 4557 2889 4599 Aliae
2907 4554 3122 4599 difficul-

646 4633 784 4669 tates
804 4626 884 4668 his
916 4626 1106 4679 nuptiis
1138 4627 1438 4677 obstabant,
1474 4634 1528 4670 ut
1561 4626 1737 4669 videre
1771 4636 1850 4670 est
1882 4628 1930 4671 in
1966 4628 2089 4671 Vita
2120 4626 2237 4671 Mss.
2273 4628 2443 4670 Patris
2475 4626 2696 4669 Cornelii
2728 4626 3047 4670 XVischaven
3069 4635 3121 4670 et

649 4699 793 4740 alibi.
