3679 5414
690 463 801 522 498
1620 463 1875 522 Canos.
1928 462 2078 520 Soc.
2121 463 2261 535 jes.

811 609 951 672 206.
1039 610 1314 697 Paucos
1362 619 1522 688 post
1554 610 1947 672 discessum
1998 609 2148 671 dies
2181 625 2606 688 responsum
2649 627 2943 673 suarum
2980 612 3155 675 litte·

693 735 933 779 rarum
969 715 1318 780 Dominus
1368 716 1775 779 Alexander
1825 734 1913 778 ac
1954 715 2080 778 DJ*
2119 715 2349 778 Maria
2388 726 2845 797 acceperunt,
2901 719 3162 798 quibus

693 842 938 888 eorum
966 824 1295 904 precibus
1322 824 1423 886 ita
1453 824 1704 886 cedere
1734 822 1809 885 P.
1845 824 2164 903 Ignatius
2195 823 2591 898 videbatur,
2630 834 2728 902 ut,
2764 825 2824 887 si
2853 825 3156 889 Pascha·

693 934 874 995 sium
912 933 1173 995 vellent
1216 932 1543 1007 retinere,
1576 929 1651 993 P.
1695 929 2146 993 Pelletarium
2187 930 2502 994 Parisios
2544 932 3030 1011 profecturum
3058 935 3155 996 in·

691 1040 1109 1118 telligerent.
1143 1039 1386 1119 Itaque
1417 1056 1577 1101 cum
1608 1055 1823 1117 aegre
1854 1038 1989 1100 hoc
2013 1037 2229 1100 etiam
2256 1035 2470 1101 Patre
2501 1039 2793 1102 carituri
2823 1050 3079 1119 essent,
3113 1060 3158 1104 a

693 1146 847 1208 Deo
876 1145 1143 1209 factum
1180 1155 1248 1208 et
1271 1144 1471 1225 juxta
1513 1146 1732 1225 ipsius
1774 1146 2208 1208 voluntatem
2249 1145 2381 1207 sibi
2423 1156 2930 1225 persuaserunt
2969 1149 3160 1227 quod

693 1254 768 1316 P.
811 1252 1240 1316 Paschasius
1272 1251 1421 1333 jam
1471 1262 1655 1315 esset
1708 1252 2102 1333 profectus3
2146 1263 2211 1315 et
2254 1253 2353 1316 ita
2393 1254 2740 1316 voluntati
2784 1254 2859 1316 P.
2902 1254 3162 1333 Ignatii

696 1379 865 1424 suas
915 1361 1211 1424 libenter
1262 1359 1759 1439 submiserunt,
1816 1377 1976 1422 cum
2027 1360 2449 1440 praesertim
2500 1378 2622 1423 eos
2672 1362 3159 1425 consolaretur

693 1486 853 1547 spes
899 1468 1246 1531 adventus
1286 1467 1361 1530 P.
1414 1467 1777 1548 Baptistae
1818 1467 2077 1530 Violae
2103 1466 2173 1529 in
2211 1467 2444 1530 Patris
2487 1466 2857 1530 Paschasii
2897 1469 3157 1532 locum.

692 1575 839 1638 Nec
871 1576 1152 1639 interim
1174 1584 1335 1655 post
1364 1573 1516 1655 ejus
1537 1592 1899 1638 recessum
1923 1584 2046 1637 aut
2070 1573 2553 1637 confessiones
2579 1586 2699 1638 aut
2724 1577 3155 1639 communio·

693 1700 818 1745 nes
861 1683 1273 1746 imminutae
1313 1692 1508 1762 sunt,
1564 1680 1893 1761 quamvis
1938 1682 2141 1744 labor
2189 1681 2263 1744 P.
2309 1680 2665 1744 Pelletarii
2705 1682 2835 1745 fuit
2882 1692 3153 1763 auctuS,

693 1807 855 1852 cum
885 1808 1010 1852 eas
1041 1790 1521 1852 confessiones
1547 1789 1793 1853 audire
1823 1788 2134 1865 deberet,
2163 1806 2340 1867 quas
2360 1787 2437 1851 P.
2472 1788 2904 1852 Paschasius
2927 1790 3158 1854 audie·

689 1897 833 1975 bat,
866 1915 998 1959 nec
1026 1906 1148 1960 aut
1177 1898 1595 1959 matutinam
1630 1897 2045 1959 concionem
2077 1895 2323 1958 diebus
2352 1894 2550 1958 festis
2590 1905 2712 1958 aut
2739 1897 3157 1976 pomeridia-

687 2021 856 2066 nam
886 2003 1330 2083 relinqueret,
1366 2011 1435 2065 et
1465 2003 1787 2082 privatas
1820 2001 2166 2082 quasdam
2207 2002 2546 2064 lectiones
2575 2019 2877 2081 graecas
2911 2014 2980 2066 et
3007 2004 3158 2067 lati·

689 2128 839 2189 nas,
872 2110 1087 2173 immo
1126 2119 1195 2173 et
1234 2110 1683 2173 dialecticam
1731 2110 2206 2190 praelegeret3
2255 2126 2346 2172 ex
2388 2111 2641 2190 quibus
2680 2111 3041 2174 laboribus
3067 2128 3158 2174 ne

689 2217 1178 2280 succumberet
1206 2217 1425 2296 oneri,
1463 2217 1697 2296 aliqua
1727 2226 1927 2296 parte
1959 2234 2118 2279 eum
2156 2216 2423 2279 levavit
2453 2216 2530 2279 P.
2567 2217 2887 2295 Ignatius
2917 2228 2986 2281 et
3014 2219 3160 2281 alia

688 2342 918 2386 novus
946 2323 1415 2387 Provincialis
1455 2323 1530 2387 P.
1574 2323 1884 2405 Jacobus
1923 2324 2241 2403 Laynez;
2277 2333 2346 2386 et
2385 2325 2809 2387 nominatim
2846 2325 3156 2388 dialecti·

690 2449 819 2495 cae
848 2432 1056 2494 lectio
1088 2441 1157 2494 et
1188 2431 1621 2494 christianae
1654 2430 2020 2493 doctrinae
2049 2430 2425 2494 interdicta
2457 2441 2562 2493 est
2597 2430 2637 2494 ¹.

811 2537 952 2601 207.
1042 2537 1187 2600 Sub
1240 2537 1545 2600 medium
1582 2537 1770 2618 Junii
1813 2555 1977 2600 cum
2027 2536 2434 2600 Ferrariam
2486 2540 2930 2618 pervenisset
2982 2538 3147 2603 Car—

696 2645 952 2709 dinalis
1002 2643 1468 2724 Augustanus
1520 2653 1585 2707 et
1636 2663 1677 2706 a
1722 2643 1923 2706 Duce
1977 2644 2282 2707 Hercule
2333 2661 2417 2706 ac
2472 2645 2690 2709 fratre
2742 2645 3154 2727 HippolytO,

690 2753 1051 2817 Cardinali
1073 2752 1537 2826 Ferrariensi‚
1569 2752 1873 2831 hospitio
1897 2751 2283 2814 honorifice
2307 2764 2647 2832 exceptus
2667 2763 2876 2832 esset,
2904 2754 2975 2816 in
3000 2770 3158 2833 pro—

686 2859 1005 2923 cessione
1035 2858 1479 2922 Sanctissimi
1507 2858 1951 2922 Sacramenti
1984 2858 2322 2939 Corporis
2354 2857 2620 2922 Christi
2644 2860 2784 2922 duo
2819 2860 3152 2924 Cardina-

684 2968 787 3030 les
809 2964 956 3046 jam
980 2966 1170 3044 dicti,
1200 2983 1360 3028 cum
1391 2966 1595 3028 Duce
1628 2974 1695 3028 et
1725 2965 2201 3044 primogenito
2232 2963 2382 3044 ejus
2405 2965 2570 3043 filio,
2599 2976 3008 3030 reverenter
3029 2986 3160 3048 per

682 3074 929 3137 urbem
974 3071 1489 3136 umbraculum‘
1517 3071 1965 3135 Sanctissimi
2008 3071 2459 3135 Sacramenti
2505 3074 2941 3149 detulerunt,
2995 3093 3153 3137 cum

683 3198 945 3260 magna
959 3180 1199 3260 populi
1223 3179 1733 3243 aedificatione.
1755 3179 2014 3242 Postea
2034 3180 2465 3259 significavit
2485 3180 2891 3244 Cardinalis
2914 3181 3154 3261 Augu-

683 3299 928 3350 stanus
978 3287 1053 3350 P.
1096 3286 1468 3349 Pelletario
1509 3287 1697 3366 quod
1737 3288 1968 3367 ipsum
2007 3285 2250 3350 videre
2301 3287 2662 3366 cupiebat;
2708 3306 2939 3368 quem,
2996 3306 3158 3352 cum

684 3394 932 3473 adiret,
967 3394 1039 3456 in
1067 3394 1331 3474 palatio
1362 3392 1605 3468 Ducis,
1651 3394 2000 3466 omnibus,
2037 3394 2155 3473 qui
2195 3410 2355 3455 cum
2386 3394 2540 3472 ipso
2580 3405 2816 3475 erant,
2864 3395 3154 3474 relictiS,

681 3637 934 3691 quaedam
953 3635 1236 3690 (hispanice
1258 3635 1481 3690 he'juela)
1505 3635 1679 3679 Patris
1701 3634 1949 3687 PolancO,
1986 3646 2088 3688 qua
2120 3635 2320 3678 nomine
2353 3634 2543 3687 Ignatii
2575 3636 2914 3681 Paschasium
2936 3638 3154 3682 docebat

683 3708 797 3751 ideo
817 3707 951 3751 hane
973 3707 1269 3750 secundam
1291 3707 1652 3750 obedientiam
1675 3707 1721 3749 ei
1744 3706 1881 3749 mitti
1916 3713 1971 3749 ut
2005 3705 2289 3750 amicorum
2319 3713 2539 3750 conatus
2560 3708 2803 3760 frangere
2824 3709 3050 3757 valeret.
3071 3716 3156 3763 qui

682 3779 878 3823 tamdiu
899 3790 1016 3822 eum
1034 3777 1315 3822 Ferrariae
1335 3779 1552 3821 haerere
1574 3783 1626 3821 et
1647 3778 2022 3832 profectionem
2042 3776 2253 3821 differre
2272 3777 2548 3832 cupiebant
2567 3811 2577 3830 ,
2599 3779 2840 3832 quamdiu
2863 3781 3155 3825 litterarum

683 3861 811 3903 quas
832 3849 1035 3903 Ignatio
1064 3849 1313 3892 dederant
1336 3855 1388 3892 et
1408 3850 1581 3893 daturi
1612 3849 1781 3893 adhuc
1811 3855 1962 3893 erant
1985 3860 2286 3903 responsum
2309 3860 2412 3892 non
2433 3849 2731 3893 haberetur.
2755 3850 2976 3905 Scripsit
2996 3853 3156 3895 etiam

682 3919 916 3975 ignatius
950 3919 1351 3965 claramontano
1390 3922 1644 3975 Episcopo
1679 3922 1724 3964 ei
1764 3921 2102 3964 Paschasium
2140 3921 2528 3971 commendans,
2566 3930 2617 3964 et
2659 3921 2842 3973 Joanni
2883 3922 3156 3976 Baptistae

682 3993 839 4037 Viola
868 3999 925 4036 ut
944 3993 1123 4047 primis
1144 3994 1331 4036 mensis
1351 3994 1577 4047 Augusti
1612 3992 1791 4037 diebus
1810 3992 1912 4035 iter
1934 3992 2144 4036 Italiam
2165 4004 2350 4036 versus
2371 3994 2646 4047 arriperet.
2684 3993 2938 4048 Tandem,
2959 4001 3017 4038 ut
3045 4006 3159 4039 mos

684 4070 799 4108 erat
821 4076 933 4108 cum
958 4064 1018 4107 de
1042 4075 1097 4106 re
1118 4065 1271 4118 gravi
1294 4071 1540 4119 ageretur
1555 4098 1566 4117 ,
1599 4066 1784 4108 harum
1819 4065 2044 4108 omnium
2080 4065 2376 4109 litterarum
2408 4066 2650 4119 exempla
2672 4066 2836 4110 denuo
2858 4067 3016 4111 missa
3036 4075 3156 4112 sunt

682 4141 735 4179 et
756 4135 960 4190 quidem
979 4139 1084 4182 alia
1106 4138 1210 4190 vla,
1234 4138 1287 4180 28
1306 4136 1442 4189 Mam
1460 4138 1684 4191 itemque
1706 4135 1989 4179 Pelletario
2012 4136 2295 4190 injunctum
2318 4143 2374 4180 ut
2398 4136 2735 4180 Paschasium
2758 4137 2808 4180 in
2829 4139 3158 4182 removendis

683 4209 966 4272 obstaculis
986 4209 1283 4263 adjuvaret.

767 4279 784 4310 ¹
841 4279 1077 4333 Ignatius
1097 4280 1291 4324 Mariae
1314 4279 1606 4323 Frassonae
1641 4279 1721 4322 del
1757 4278 1894 4331 JesO,
1926 4280 1986 4322 de
2025 4279 2291 4322 Paschasii
2330 4279 2671 4334 profectione,
2707 4283 2757 4324 18
2777 4280 2931 4334 Junii.
2954 4280 3162 4325 Similes

682 4348 822 4391 dedit
839 4348 1091 4403 Magistro
1113 4350 1412 4393 Alexandro
1431 4348 1655 4392 Flaschi.
1676 4349 1948 4400 Polancus‚
1973 4360 2038 4391 ex
2056 4361 2204 4398 cem..
2227 4350 2374 4394 Patri
2396 4350 2622 4407 Laynez,
2641 4358 2697 4395 ut
2713 4358 2858 4395 curet
2877 4351 3158 4395 Pelletario

681 4421 973 4475 subvenire,
995 4423 1092 4473 cui.
1115 4427 1231 4477 post
1253 4422 1518 4465 Paschasii
1542 4422 1824 4465 discessum
1844 4454 1854 4471 ‚
1878 4420 1981 4464 alio
2005 4422 2278 4465 sacerdote
2300 4421 2341 4464 F
2345 4423 2578 4466 errarlae
2601 4434 2727 4477 opus
2749 4431 2854 4466 est:
2880 4424 3156 4467 subveniet

680 4499 852 4536 autem
872 4495 955 4537 vel
977 4493 1255 4538 Caesarem
1279 4492 1446 4536 Helmi
1468 4506 1531 4536 ex
1552 4493 1753 4536 Veneto
1789 4492 2021 4547 collegio
2057 4494 2292 4538 eductum
2325 4494 2668 4548 Fet-rarlensi,
2703 4496 2863 4539 donec
2902 4496 3150 4540 adveniat

683 4564 895 4608 Parisiis
912 4564 1080 4618 viola,
1104 4565 1447 4615 commodans,
1469 4566 1552 4608 vel
1575 4564 1881 4618 Magistrum
1905 4563 2195 4618 Philippum
2215 4578 2279 4608 ex
2297 4565 2615 4616 Florentino,
2639 4568 2722 4609 vel
2745 4567 2962 4621 denique
2980 4566 3146 4610 eidem

682 4635 957 4680 Pelletario
987 4637 1258 4692 injungens
1290 4642 1346 4680 ut
1382 4637 1628 4679 lectiones
1664 4635 2040 4689 aliquantisper
2075 4638 2387 4681 intermittat
2436 4646 2485 4680 ct
2531 4638 2627 4691 piis
2662 4639 2904 4691 operibus
2953 4644 3154 4683 tantum

680 4713 850 4758 vacet,
874 4707 928 4749 28
946 4708 1099 4760 Junii.
1122 4708 1321 4752 Eadem
1343 4709 1449 4751 sere
1468 4708 1665 4761 scripta
1688 4715 1804 4751 sunt
1828 4706 2126 4752 PelletariO.
