3679 5414
1594 529 1597 530 .
1662 468 1809 527 Am
1837 468 1979 527 1551·
2923 465 3045 527 283

570 612 782 676 Pater
820 613 907 677 de
944 614 1210 677 nostris
1247 613 1746 677 benemerendi
1786 613 2112 677 omittere
2138 613 2322 676 velle
2359 611 2754 676 videbatur.
2799 610 3038 675 Nostri

568 719 996 800 scholastici,
1016 721 1277 801 partim
1294 722 1586 801 logiceS,
1606 722 1867 802 partim
1884 718 2371 801 philosophiae
2395 719 2774 798 auditoreS,
2803 719 2877 782 in
2893 719 3039 782 suis

563 827 832 891 scholis
862 828 1057 908 quod
1083 828 1173 891 ad
1203 828 1671 892 eruditionem
1700 829 1974 908 attinet,
2008 827 2275 908 primas
2305 827 2662 905 tenebant3
2695 826 2882 892 unde
2921 826 3037 889 bo-

568 939 703 998 nus
734 935 907 999 odor
938 933 1313 999 Societatis
1341 936 1575 1016 magis
1606 937 2022 1016 augebatur.

1175 1282 1304 1346 DE
1348 1282 1817 1347 COLLEGIO
1862 1279 2437 1347 LOVANIENSI

683 1575 824 1639 241.
913 1576 1133 1640 Pauci
1162 1578 1379 1641 etiam
1408 1579 1544 1642 hoc
1575 1597 1762 1642 anno
1794 1596 1884 1641 ex
1913 1578 2180 1641 nostris
2207 1565 2512 1640 Lovanii
2535 1578 3031 1658 versabantur,

561 1683 689 1747 sed
717 1701 865 1747 non
894 1685 1252 1748 inutiliter.
1288 1685 1364 1749 P.
1403 1685 1763 1748 Adrianus
1793 1685 2123 1764 Adriani,
2158 1685 2277 1764 qui
2305 1685 2464 1748 aliis
2491 1686 2866 1765 praeerat,
2887 1693 3037 1750 tota

555 1791 1112 1871 quadragesima
1160 1810 1342 1873 pene
1381 1793 1685 1872 singulis
1734 1792 2170 1873 integrisque
2220 1790 2477 1855 diebus
2516 1792 2653 1855 hac
2699 1792 2847 1856 fere
2894 1810 3036 1856 una

557 1899 1056 1979 occupatione,
1091 1900 1578 1964 confessiones
1608 1900 1878 1963 scilicet
1908 1898 2240 1963 audiendi
2260 1935 2285 1978 ,·
2309 1899 2806 1978 distinebatur;
2849 1908 2919 1962 et
2947 1917 3036 1964 ne

557 2023 744 2068 unus
773 2007 1056 2087 quidem
1088 2008 1176 2071 ab
1206 2025 1291 2071 eo
1325 2007 1754 2087 discedebat,
1792 2009 1914 2088 qui
1941 2025 2085 2071 non
2109 2007 2409 2071 libenter
2435 2025 2514 2071 se
2543 2006 3031 2071 adconfessio-

556 2129 723 2177 nem
772 2114 1022 2177 crebro
1075 2113 1468 2179 rediturum
1510 2116 1982 2195 polliceretur.
2039 2113 2345 2193 Quidam
2390 2114 2601 2177 etiam
2655 2114 2842 2193 quod
2891 2132 3035 2178 non

558 2220 907 2283 maturius
957 2238 1051 2284 ea·
1094 2220 1532 2285 audivissent
1592 2219 2231 2303 conquerebantur,
2273 2238 2454 2300 quae
2508 2219 2657 2300 jam
2711 2220 2855 2283 sibi·
2879 2237 3032 2301 per-

552 2327 825 2390 utiliter
877 2328 1067 2391 dicta
1118 2330 1535 2392 sentiebant.
1581 2328 1920 2393 Secutum
1969 2337 2077 2391 est
2127 2336 2197 2391 et
2245 2327 2412 2406 hoc,
2467 2326 2654 2407 quod
2707 2336 3034 2407 pastores

563 2434 1064 2514 parochiarum
1115 2445 1185 2498 et
1237 2437 1777 2499 concionatores
1835 2436 1928 2499 ad
1965 2435 2409 2515 frequentem
2465 2435 3032 2498 communionem

554 2541 989 2605 unanimiter
1029 2551 1097 2604 et
1138 2543 1340 2622 quasi
1382 2543 1746 2619 certatim,
1790 2544 1906 2606 ille
1945 2559 2239 2623 gregem
2270 2559 2510 2622 suum,
2544 2540 2618 2604 hi
2647 2542 3028 2616 auditoreS,

553 2648 1141 2713 exhortabantur.
1202 2649 1701 2714 Gratissimum
1752 2659 1991 2715 autem
2038 2650 2407 2716 accidebat
2458 2649 2646 2733 quod
2688 2649 3032 2731 paulatim

556 2757 807 2820 eodem
857 2758 1140 2838 spiritu,
1190 2776 1330 2838 quo
1376 2757 1696 2822 Societas
1734 2760 2007 2822 moveri
2047 2761 2258 2838 solet,
2302 2769 2371 2823 et
2409 2760 2508 2822 illi
2549 2768 3032 2831 moverentur,

561 2872 639 2926 ut
667 2861 894 2943 major
924 2864 1323 2929 animarum
1346 2866 1612 2930 utilitas
1643 2867 1736 2930 ad
1764 2865 1899 2930 Dei
1927 2867 2232 2946 gloriam
2261 2876 2830 2946 consequeretur.
2868 2867 3031 2931 Gre-

555 2970 806 3034 scebat
835 2974 961 3051 per
983 2969 1119 3034 Dei
1142 2972 1454 3051 gratiam
1482 2973 1727 3036 mundi
1757 2984 2225 3055 contemptus,
2258 2975 2671 3037 vitabantur
2700 2973 3025 3054 choreae,

558 3077 864 3141 vestium
914 3079 1386 3158 pretiosarum
1436 3081 1646 3143 luxus
1694 3082 1954 3144 nimius
2002 3082 2490 3162 resecabatur,¹
2535 3081 3033 3144 conviviorum

560 3190 884 3263 sumptus
912 3187 1431 3263 minuebantur,
1460 3188 1957 3269 eleemosynae
1978 3188 2336 3251 liberalius
2357 3188 2638 3267 fiebant,
2672 3190 2741 3251 et
2768 3188 3031 3265 templa

560 3291 1005 3372 majori-cum
1045 3295 1420 3374 splendore
1460 3295 2012 3358 exornabantur.
2049 3296 2365 3359 Curabat
2393 3298 2460 3359 et
2489 3296 2640 3376 ipse
2670 3294 2744 3358 P.
2779 3294 3027 3368 Adria-

562 3416 695 3462 nus
725 3409 801 3462 ut
829 3418 1009 3480 quae
1039 3401 1190 3481 ipse
1220 3401 1290 3464 in
1323 3400 1884 3469 confessionibus
1912 3403 2159 3483 paucis
2189 3402 2553 3482 sigillatim
2581 3401 2817 3465 dicere
2840 3406 3029 3481 pote-

562 3516 697 3586 rat,
752 3507 1294 3571 concionatores
1345 3511 1587 3573 multis
1637 3511 2155 3590 praedicarent,
2208 3520 2279 3573 et
2329 3509 2420 3573 ad
2471 3508 2608 3572 hoc
2645 3509 2876 3588 ipsum
2907 3525 3030 3571 eos

548 3614 758 3677 adire
788 3615 1083 3695 solebat3
1119 3616 1459 3678 exercitia
1497 3618 1900 3697 spiritualia
1941 3617 2362 3697 quibusdam
2402 3618 2618 3680 etiam
2643 3615 3028 3678 ‘communi-

559 3721 795 3800 cabat,
830 3730 899 3784 et
920 3722 1184 3785 bonum
1206 3739 1448 3785 semen
1474 3724 1545 3786 in
1574 3733 1843 3787 terram
1871 3724 2131 3788 bonam
2155 3724 2423 3805 jactum
2447 3726 2852 3786 secuturum
2874 3739 3030 3784 esse

560 3826 870 3891 fructum
897 3830 1387 3909 pollicebatur.
1420 3829 1726 3909 Quidam
1749 3831 1930 3894 inter
1961 3831 2140 3894 alios
2163 3832 2565 3910 ,theologu5,
2599 3839 2767 3910 post
2791 3827 3028 3909 hujus-

565 3934 755 3998 modi
804 3936 1409 4018 exercitationem,
1467 3937 1575 4000 bis
1627 3939 1699 4000 in
1749 3938 2193 4002 hebdomada
2246 3938 2337 4002 ad
2387 3937 2907 4002 consessionem
2960 3938 3030 4000 ‘et

561 4042 1055 4106 Eucharistiae
1106 4042 1646 4108 Sacramentum
1703 4046 2086 4125 accedenS,
2157 4045 2612 4109 admirationi
2667 4044 2906 4108 multis
2960 4052 3031 4107 et

563 4149 1039 4214 aedificationi
1096 4160 1281 4231 erat,
1340 4160 1409 4214 et
1461 4151 1743 4216 demum
1789 4169 1865 4216 se
1913 4150 2252 4216 Societati
2299 4161 2587 4215 nostrae
2644 4149 3030 4232 adjungere

566 4257 951 4321 constituit.
1017 4257 1360 4337 Quamvis
1428 4267 1666 4322 autem
1723 4258 2100 4339 aliquando
2162 4269 2232 4323 et
2297 4259 2763 4323 concionatus
2819 4257 3030 4320 fuerit

565 4362 641 4427 P.
676 4363 1038 4428 Adrianus
1068 4373 1135 4427 et
1173 4365 1636 4429 christianam
1678 4365 2075 4431 doctrinam
2114 4367 2517 4430 rudioribus
2556 4364 3025 4446 proposuerit,

567 4470 732 4549 quia
787 4480 1030 4534 tamen
1083 4471 1482 4535 Lovanium
1539 4474 2162 4537 concionatoribus
2212 4474 2646 4551 abundabat,
2704 4472 2826 4553 qui
2872 4489 3026 4535 ver-

563 4579 823 4640 nacula
851 4579 1095 4657 lingua
1126 4587 1195 4641 et
1224 4579 1444 4642 latina
1475 4579 1610 4644 hoc
1640 4563 1871 4645 officio
1901 4579 2398 4662 fungebantur,
2433 4566 3029 4644 ad'confessiones

564 4683 681 4746 ille
712 4684 1100 4748 audiendas
1129 4694 1198 4748 et
1228 4686 1406 4748 alias
1436 4687 1807 4752 charitatis
1845 4688 2244 4753 functiones
2286 4706 2363 4752 se
2393 4687 2775 4766 convertit,
2823 4695 2892 4750 et
2922 4703 3028 4749 sa—
