3679 5414
1617 479 1741 540 ΛΝ.
1787 480 1922 539 1551
2899 480 3008 539 207

522 643 623 688 ex
651 642 792 704 quo
822 622 973 704 ejus
1001 625 1275 688 fructus
1304 625 1779 705 perciperent,
1809 643 1986 705 quos
2022 642 2239 704 opera
2261 623 2336 686 P.
2368 623 2718 704 Sylvestri
2748 642 3003 706 capere

526 741 937 812 coeperant.
970 733 1134 812 Ipsa
1163 733 1423 795 civitas
1455 742 1738 796 centum
1767 750 2031 796 aureos
2069 733 2370 811 singulis
2397 732 2605 795 annis
2635 732 2999 812 offerebat;

528 839 798 918 privati
837 848 1075 903 autem
1104 840 1314 903 simul
1359 856 1526 903 cum
1566 840 1918 920 Episcopo
1961 840 2148 918 quod
2174 838 2523 919 reliquum
2568 850 2724 903 erat
2761 857 2999 903 neces·

523 946 799 1009 sarium
841 946 933 1009 ad
971 945 1402 1026 Collegium;
1445 955 1613 1010 tunc
1651 947 1842 1011 enim
1880 964 2216 1010 numerus
2253 964 2396 1010 non
2432 947 2619 1010 ultra
2661 947 3001 1011 tredecim

532 1053 654 1115 vel
698 1053 1245 1134 quatuordecim
1309 1054 1751 1133 exigebatur,
1794 1054 1981 1117 unde
2040 1053 2437 1134 hujusmodi
2493 1055 3002 1135 promissiones

523 1161 623 1224 ad
682 1160 1162 1224 inchoandum
1221 1160 1540 1225 sufficere
1605 1171 1773 1224 tunc
1830 1161 2276 1225 videbantur.
2342 1162 2418 1225 P.
2483 1162 2800 1241 Ignatius
2851 1180 3002 1226 rem

520 1286 692 1332 cum
756 1267 1119 1350 Cardinali
1196 1268 1523 1345 Moron0,
1598 1269 1720 1348 qui
1781 1268 2042 1332 bonam
2102 1279 2375 1349 partem
2426 1268 2780 1333 fructuum
2852 1269 3002 1350 ejus

519 1375 999 1456 Episcopatus
1050 1376 1184 1438 sibi
1223 1385 1759 1450 reservaverat,
1804 1383 1876 1438 et
1912 1386 1989 1438 ut
2034 1385 2310 1456 patrem
2351 1395 2436 1440 ac
2488 1386 2852 1458 pastorem
2902 1377 3001 1440 illi

522 1482 803 1545 civitati
852 1499 931 1545 se
978 1482 1386 1563 exhibebat,
1444 1475 1659 1561 agere
1708 1483 1956 1547 voluit.
2003 1483 2090 1546 Et
2129 1485 2458 1563 quamvis
2481 1482 2628 1563 jam
2669 1493 2838 1547 tunc
2881 1486 3001 1547 ali-

524 1606 712 1668 quos
740 1589 932 1652 domi
953 1605 1126 1652 suae
1151 1598 1394 1652 tenere
1417 1589 1839 1653 Benedictus
1863 1589 2357 1653 Charandinus
2380 1609 2470 1653 ex
2492 1600 2738 1655 nostra
2768 1590 3000 1655 Socie-

530 1704 680 1757 tate
709 1713 793 1758 eo
823 1696 1080 1758 missos
1109 1703 1408 1775 paratus
1436 1705 1659 1774 esset,
1696 1697 1769 1758 in
1797 1714 2062 1759 annum
2091 1706 2329 1759 tamen
2357 1705 2766 1777 sequentem
2793 1698 3001 1779 hujus

526 1801 833 1881 Collegii
872 1803 1210 1866 admissio
1257 1801 1475 1866 dilata
1511 1811 1639 1867 est.
1688 1802 1966 1867 Doctor
2015 1802 2303 1884 quidam
2344 1803 2764 1883 PatavinuS,
2808 1806 2999 1886 quin·

525 1910 875 1989 quaginta
931 1909 1078 1973 fere
1137 1927 1363 1973 annos
1413 1918 1645 1988 natuS,
1700 1928 1864 1973 cum
1913 1909 2005 1973 ad
2055 1908 2432 1975 Societatis
2478 1912 2876 1975 institutum
2924 1931 3000 1975 se

532 2018 784 2080 vocari
813 2016 1108 2096 videret,
1153 2016 1229 2080 P.
1272 2016 1720 2097 Sylvestrum
1766 2034 1894 2097 per
1944 2018 2252 2080 amicum
2291 2018 2666 2098 quemdam
2715 2021 3000 2098 rogavit

526 2133 610 2187 ut
640 2141 717 2187 se
748 2124 821 2186 in
848 2122 1281 2187 Societatem
1318 2123 1752 2203 admitteret,
1795 2134 1864 2187 et
1907 2125 2120 2205 paulo
2158 2133 2321 2204 post
2358 2124 2659 2189 Romam
2697 2127 2892 2188 venit
2930 2136 2999 2190 et

529 2230 892 2295 admissus
921 2239 1029 2294 est
1062 2229 1103 2293 ¹.

649 2336 751 2402 89.
839 2337 1288 2416 Quaestuarii
1345 2338 1634 2401 hebraei
1692 2338 1971 2402 molesti
2030 2346 2234 2401 erant
2276 2336 2351 2400 P.
2396 2335 2795 2418 SylvestrO,
2839 2356 3001 2401 cum

538 2446 744 2508 varia
770 2461 900 2526 per
929 2463 1052 2508 eos
1080 2446 1270 2508 mala
1297 2453 1901 2526 perpetrarentur,
1933 2446 2341 2508 meretrices
2364 2445 2726 2523 tenebant,
2761 2463 2998 2526 super-

523 2553 855 2616 stitiones
893 2551 1354 2631 inducebant,
1401 2552 1758 2633 simplices
1793 2552 2115 2615 homines
2152 2570 2240 2615 ac
2279 2552 2608 2616 mulieres
2652 2570 3001 2633 pauperes

522 2659 1004 2740 decipiebant,
1041 2669 1110 2723 et
1142 2678 1254 2724 res
1288 2658 1570 2724 divinas
1597 2659 1670 2723 in
1708 2668 2223 2740 contemptum,
2269 2659 2455 2739 quod
2503 2661 2576 2723 in
2617 2659 2789 2740 ipsis
2819 2669 2995 2739 erat,

524 2767 1009 2847 adducebant;
1042 2768 1173 2831 hos
1205 2768 1389 2830 inter
1418 2766 1848 2830 visitandam
1877 2767 2258 2831 dioecesim
2297 2766 2373 2831 P.
2416 2766 2782 2848 Sylvester
2813 2768 3000 2830 able-

526 2875 778 2955 gabat,
811 2875 948 2938 nisi
977 2875 1230 2938 litteris
1259 2875 1693 2954 patentibuS,
1729 2892 2030 2954 quarum
2058 2875 2370 2954 sigillum
2398 2883 2650 2938 exacte
2679 2874 2998 2954 inspicie-

526 2983 681 3060 bat,
716 2982 1046 3045 exhibitis
1076 2999 1152 3044 se
1185 2980 1664 3045 defenderent.

652 3088 752 3151 90.
839 3088 1159 3155 Venetiis
1215 3088 1497 3152 interim
1545 3106 1664 3152 res
1711 3087 2093 3152 Societatis
2146 3089 2490 3169 paulatim
2547 3089 2997 3152 convalesce·

529 3196 702 3258 bant
720 3182 743 3273 ;’
765 3203 835 3257 et
864 3205 1102 3258 tamen
1131 3195 1398 3258 nostris
1428 3188 1846 3275 patientiam
1873 3196 2254 3259 exercendi
2284 3212 2370 3258 ac
2398 3195 2794 3259 institutum
2831 3211 2998 3273 pau·

528 3302 827 3382 pertatis
890 3302 1226 3380 gustandi
1289 3301 1483 3365 haud
1542 3302 1879 3381 exiguam
1945 3303 2395 3365 occasionem
2460 3301 2803 3365 afferebat
2853 3309 3000 3364 tam

529 3408 873 3472 habitatio
923 3408 1374 3472 incommoda
1424 3416 1492 3472 et
1530 3418 1729 3471 arcta
1770 3426 1985 3489 quam
2028 3426 2268 3472 rerum
2303 3408 2872 3472 necessariarum
2911 3407 3002 3470 ad

533 3516 830 3593 victum,
872 3525 942 3578 et
983 3516 1343 3595 vestitum,
1389 3533 1475 3578 ac
1513 3516 1766 3595 libros,
1820 3524 1890 3579 et
1939 3516 2401 3579 domesticam
2449 3514 3002 3594 suppellectilem

531 3622 741 3686 nimis
771 3622 1139 3686 moderata
1169 3622 1752 3702 subministratiO,
1788 3640 1971 3703 quae
1997 3640 2142 3685 non
2180 3640 2270 3684 ex
2310 3621 2590 3685 defectu
2630 3621 3001 3684 charitatis

531 3730 845 3793 viventis
899 3729 1326 3808 fundatoriS,
1404 3747 1618 3810 quam
1673 3729 2064 3793 fraternam
2101 3729 2676 3809 experiebantur,
2739 3728 2863 3791 sed
2911 3747 3001 3792 ex

531 3837 918 3917 angustiiS,
971 3837 1045 3899 in
1093 3854 1272 3917 quas
1315 3854 1476 3899 eum
1519 3835 1924 3916 conjecerat
1973 3836 2361 3899 liberalitas
2399 3845 2468 3899 et
2516 3834 3021 3898 benefaciendi·

534 3945 845 4011 studium
903 3943 1116 4007 latius
1176 3944 1398 4007 multo
1454 3960 1669 4023 quam
1729 3942 2105 4006 facultates
2171 3942 2320 4023 ejus
2376 3960 2453 4006 se
2513 3943 2996 4006 extenderent.

534 4051 612 4115 P.
646 4060 885 4115 autem
913 4051 1245 4115 Andreas
1277 4050 1769 4129 Galvanellus,
1812 4058 1960 4113 tarn
1999 4050 2071 4111 in
2109 4051 2370 4113 sacello
2410 4050 2796 4113 domestico
2838 4066 3001 4111 con-

532 4159 955 4223 fessionibus
1012 4156 1229 4221 dabat
1290 4175 1580 4237 operam
1628 4174 1844 4237 quam
1894 4158 1969 4220 in
2034 4157 2500 4237 hospitalibus
2566 4174 2651 4219 ac
2703 4156 3007 4237 privatis

532 4266 887 4344 domibus,
940 4266 1014 4329 in
1063 4265 1315 4346 quibus
1366 4264 1684 4328 infirmos
1731 4264 2068 4327 visitabat
2118 4272 2188 4327 et
2227 4265 2509 4344 quidem
2551 4281 2713 4326 cum
2762 4261 3000 4326 fructu

535 4390 679 4436 non
708 4372 1069 4436 mediocri.
1106 4371 1481 4451 Vigesima
1510 4371 1822 4434 secunda
1864 4370 2233 4434 Februarii
2272 4379 2724 4450 exspectatus
2765 4368 3004 4432 admo-

619 4576 635 4608 !
696 4574 932 4629 Ignatius
954 4574 1225 4632 Sylvestro
1244 4574 1479 4619 Laudino
1499 4608 1509 4629 ,
1532 4575 1593 4618 de
1615 4575 1878 4630 requisitis
1907 4575 1960 4619 in
1987 4574 2322 4619 admittendis
2351 4574 2418 4617 ad
2449 4573 2760 4618 Societatem
2777 4605 2787 4624 .
2810 4572 2872 4615 de
2896 4572 3007 4617 Col·

534 4646 670 4703 legio
689 4648 917 4693 Mutinae
939 4647 1182 4701 erigendo
1202 4653 1259 4690 ut
1279 4646 1459 4690 modus
1479 4653 1719 4691 teneatur
1740 4658 1890 4702 quem
1907 4647 2071 4690 tenuit
2090 4645 2360 4691 Salmeron
2376 4645 2609 4700 Neapoli,
2627 4645 2654 4688 5
2669 4643 3006 4699 Septembris,

536 4719 672 4764 idem
690 4719 949 4773 Episcopo
968 4716 1258 4771 MutinensI,
1280 4717 1524 4770 officiose,
1544 4718 1573 4761 5
1592 4716 1909 4763 Decembris.
