3679 5414
623 408 733 466 556
1546 407 1803 467 ennox.
1845 408 1997 468 Soc,
2039 409 2178 481 Jsss.

624 563 890 617 statum
921 572 1050 616 sua
1081 554 1443 633 diligentia
1487 554 1967 630 confirmavit,
2010 555 2297 632 negotia
2338 571 2511 620 vero
2556 553 2791 616 omnia
2834 570 3094 632 magno

629 662 870 723 labore
900 669 970 723 et
1000 661 1345 724 industria
1377 660 1718 738 confecit;
1753 670 1821 723 et
1853 662 1923 724 in
1954 663 2173 724 multa
2214 661 2331 740 pia
2361 678 2612 740 opera,
2648 659 2903 723 similia
2933 660 3091 738 illis,

630 768 881 848 quibus
910 770 1044 830 hoc
1076 768 1323 831 eodem
1354 787 1541 831 anno
1572 767 1948 832 Messanae
1977 776 2400 846 vacaverat,
2435 766 2783 847 incubuit;
2818 776 2889 829 et
2916 767 3098 829 inter

626 885 937 954 caetera,
972 884 1281 937 montem
1311 875 1425 937 hic
1458 876 1672 938 etiam
1701 875 1986 955 pietatis
2017 875 2108 938 ad
2138 891 2529 955 pauperum
2558 874 3095 937 subventionem

632 982 779 1044 suis
808 982 1120 1045 consiliis
1149 991 1218 1045 et
1260 983 1767 1045 intercessione
1798 979 2103 1061 adjuvit;
2149 981 2379 1058 multi,
2420 981 2538 1060 qui
2569 980 2832 1043 diutius
2863 996 3095 1043 carce-

632 1090 826 1152 ribus
875 1089 1129 1152 inclusi
1176 1089 1481 1168 fuerant,
1536 1088 1686 1169 ejus
1731 1106 1945 1169 opera
1977 1088 2254 1151 liberati
2297 1087 2605 1165 fuerunt3
2650 1076 2839 1165 nam,
2892 1088 3099 1151 simul

633 1207 844 1276 atque
872 1196 1198 1277 pervenit
1227 1195 1678 1274 Panormum,
1714 1194 2116 1276 quindecim
2140 1214 2230 1258 ex
2257 1194 2418 1270 illis,
2453 1204 2520 1257 et
2551 1195 2643 1256 ad
2671 1194 2923 1257 Natale
2954 1194 3097 1256 Do·

633 1303 804 1365 mini
828 1303 1065 1383 plures
1091 1321 1302 1383 quam
1326 1303 1843 1383 quinquaginta
1868 1302 2247 1365 solvendos
2272 1301 2576 1380 curavit3
2602 1300 2866 1380 aliquid
2888 1300 3101 1363 etiam

633 1410 976 1489 pecuniae
1008 1429 1096 1472 ex
1127 1411 1348 1473 variis
1387 1410 1858 1489 eleemosynis
1896 1427 2037 1473 non
2077 1410 2227 1473 sine
2259 1408 2729 1473 sollicitudine
2760 1410 3098 1470 collectae

633 1519 727 1579 ad
767 1518 1043 1580 illorum
1090 1535 1212 1580 aes
1258 1518 1566 1579 alienum
1600 1518 2148 1598 persolvendum
2194 1517 2510 1594 contulit,
2558 1534 2695 1596 qua
2741 1516 2811 1577 in
2843 1532 2919 1577 re
2950 1532 3100 1594 per-

637 1626 897 1704 multiS,
932 1642 1108 1705 quos
1137 1625 1584 1688 miseriarum
1612 1625 2030 1704 magnitudo
2062 1642 2240 1704 pene
2271 1625 2361 1686 ad
2391 1623 2956 1703 desperationem
2999 1638 3100 1684 re-

632 1732 963 1812 degerat,
999 1733 1344 1811 singulari
1366 1731 1496 1795 fuit
1525 1731 1778 1795 solatio
1808 1741 1877 1794 et
1920 1731 2438 1809 sublevatione,
2472 1730 2704 1793 effecit
2735 1738 3101 1810 praeterea
3199 1789 3205 1794 .

636 1849 710 1901 ut
751 1841 986 1903 multis
1036 1849 1184 1902 tum
1237 1840 1480 1918 egenis
1521 1849 1670 1902 tum
1709 1839 2246 1918 aegrotantibus
2291 1838 2820 1915 subveniretur,
2854 1837 2955 1900 ita
2996 1845 3094 1914 ut,

639 1947 771 2010 Dei
802 1948 1036 2027 gratia
1061 1947 1385 2028 J'uvante,
1430 1948 1689 2026 viginti
1725 1946 2153 2026 pauperibus
2202 1946 2524 2008 domibus
2553 1947 2668 2006 vel
2706 1944 2993 2007 familiis
3026 1944 3097 2007 in

638 2055 957 2134 singulas
987 2053 1468 2117 hebdomadas
1497 2054 2022 2132 provideretur,
2065 2061 2133 2114 et
2176 2052 2546 2114 duodecim
2587 2052 2932 2131 aegrotis,
2977 2051 3097 2131 qui

638 2171 923 2241 praeter
951 2162 1342 2242 penuriam,
1379 2179 1516 2241 qua
1547 2161 2017 2224 circumventi
2047 2169 2282 2238 erant,
2316 2160 2527 2238 gravi
2556 2160 2804 2222 morbo
2834 2159 3104 2221 labora·

644 2270 832 2347 bant,
869 2278 944 2359 ut
984 2269 1297 2350 quotidie
1338 2278 1873 2332 succurreretur
1912 2268 2212 2346 curavit,
2257 2276 2325 2330 et
2369 2267 2512 2346 qui,
2558 2267 2753 2330 omni
2800 2267 3109 2328 humano

644 2377 996 2457 pracsidio
1030 2376 1374 2452 destituti,
1420 2377 1505 2439 de
1547 2377 1695 2439 vita
1731 2359 2336 2456 periclitabantur,
2384 2392 2597 2454 quam
2636 2374 2943 2440 maxime
2974 2368 3111 2435 hoc

641 2484 909 2546 auxilio
941 2485 1440 2547 convalescere
1472 2493 1876 2563 coeperunt.

763 2589 904 2652 344.
993 2590 1287 2653 Duabus
1336 2591 1548 2653 etiam
1594 2590 1919 2652 domibus
1968 2608 2356 2669 puerorum
2403 2590 2910 2669 orphanorum,
2943 2603 3108 2666 qua·

646 2716 805 2761 rum
827 2699 1125 2761 alteram
1151 2696 1488 2777 Catanae,
1515 2699 1813 2761 alteram
1835 2697 2385 2789 Calatagironae
2408 2697 2677 2761 institui
2710 2704 3111 2772 curaverat,

648 2815 724 2867 ut
762 2805 1102 2868 reditibus
1148 2806 1403 2868 annuis
1443 2806 1858 2869 dotarentur
1902 2806 2197 2869 sollicite
2240 2807 2560 2885 curavit3
2602 2805 2726 2868 sed
2757 2814 2824 2868 et
2865 2819 3115 2866 coeno·

649 2912 841 2975 bium
871 2911 1402 2976 Conversarum
1431 2911 1771 2993 Drepani,
1807 2930 1994 2975 anno
2025 2913 2370 2994 superiori
2400 2911 2552 2993 ejus
2583 2929 2800 2993 opera
2831 2912 3114 2975 inchoa-

648 3028 818 3097 tum,
848 3029 924 3082 ut
947 3019 1162 3082 etiam
1183 3019 1524 3082 reditibus
1555 3019 1919 3082 dotaretur
1944 3020 2119 3082 satis
2148 3018 2528 3100 pinguibus
2550 3019 2803 3083 effecit.
2832 3018 3110 3082 Studuit

649 3136 1008 3206 postremo
1050 3137 1125 3189 ut
1164 3126 1500 3189 Panormi
1542 3125 1936 3207 Collegium
1974 3127 2327 3207 quoddam
2366 3128 2837 3189 saecularium
2883 3144 3114 3190 sacer-

647 3232 915 3312 dotum,
952 3251 1114 3297 cum
1157 3233 1366 3296 domo
1399 3243 1468 3297 et
1495 3233 1836 3296 reditibus
1866 3251 2011 3295 non
2039 3233 2338 3312 exiguiS,
2367 3234 2849 3313 orphanorum
2877 3233 3120 3296 domui

643 3339 1084 3420 jungeretur,
1121 3341 1207 3403 de
1238 3359 1375 3421 qua
1402 3342 1658 3404 unione
1689 3343 1984 3403 multum
2011 3340 2177 3403 boni
2208 3349 2756 3404 consecuturum
2786 3342 3119 3421 speraba-

653 3457 789 3526 tur,
824 3447 915 3510 ad
944 3447 1078 3510 Dei
1109 3449 1449 3511 honorem
1480 3456 1550 3511 et
1588 3448 1960 3528 spirituale
1985 3447 2464 3527 orphanorum
2496 3447 2858 3510 auxilium.
2894 3446 3117 3510 Inten-

655 3562 768 3617 tus
799 3556 1013 3618 etiam
1042 3564 1197 3617 erat
1228 3554 1655 3618 instituendo
1694 3554 1978 3617 cuidam
2016 3555 2448 3618 monasterio
2488 3555 2900 3617 monialium
2930 3555 3121 3617 vitae
3212 3610 3217 3611 ff

654 3662 1144 3741 correctioriS‚
1195 3663 1264 3725 in
1307 3680 1446 3742 quo
1485 3663 1756 3725 nobiles
1791 3662 2146 3741 quaedam
2185 3662 2514 3725 mulieres
2554 3680 2643 3724 ex
2688 3661 2934 3741 primis
2973 3660 3122 3740 ejus

656 3770 854 3832 urbis
882 3771 1423 3849 collocarentur,
1451 3769 1651 3850 cujus
1676 3787 1846 3832 cura
1862 3769 2228 3849 ,religiosis
2259 3768 2679 3849 quibusdam
2706 3779 2777 3831 et
2806 3769 3121 3849 probatis

657 3876 856 3954 viriS,
891 3894 1072 3956 quos
1100 3879 1319 3957 vulgo
1349 3876 1636 3939 scalzos
1666 3886 1951 3955 vocant,
1979 3886 2133 3940 erat
2163 3876 2677 3940 demandanda.

778 3983 921 4046 345.
1011 3985 1187 4048 Cum
1218 3986 1432 4049 etiam
1461 3983 2063 4065 Archiepiscopus
2111 3984 2656 4047 panormitanus
2697 4000 2857 4046 cum
2900 3983 3125 4045 tribus

654 4092 817 4155 aliis
840 4091 1124 4157 Siciliae
1147 4092 1518 4173 Episcopis
1541 4092 1889 4155 rationem
1920 4092 2177 4155 inirent
2207 4091 2640 4154 monasteria
2664 4091 2736 4154 in
2758 4074 3124 4170 perfectio-

657 4216 811 4262 rem
839 4199 1130 4262 vivendi
1166 4199 1542 4262 formulam
1579 4199 1995 4278 reducendi,
2038 4199 2400 4261 constituit
2444 4197 2763 4276 Pro-rex,
2798 4196 2999 4277 cujus
3026 4197 3123 4259 sa-

655 4324 791 4369 vor
830 4306 922 4369 ad
958 4306 1093 4370 hoc
1137 4324 1314 4387 opus
1352 4306 1771 4386 accedebat,
1818 4316 1897 4369 ut
1938 4306 2013 4369 P.
2058 4305 2330 4369 Natalis
2381 4306 2518 4368 illis
2560 4300 2962 4381 accederet,
3006 4306 3126 4385 qui

660 4415 1108 4494 praeclarum
1136 4414 1270 4477 hoc
1302 4431 1478 4495 opus
1508 4422 1585 4477 ut
1623 4423 1867 4494 posset
1910 4422 2397 4494 promoveret,
2440 4421 2510 4476 et
2551 4430 2690 4493 qua
2724 4413 2999 4477 ratione
3035 4413 3121 4476 ad

659 4522 932 4585 exitum
962 4522 1428 4607 deduceretur
1459 4520 1897 4583 observaret.
1952 4520 2099 4583 Nec
2140 4520 2394 4582 mirum
2432 4520 2493 4582 si
2531 4528 2677 4582 tam
2717 4520 2956 4585 multis
2989 4520 3124 4600 pie-

661 4631 830 4692 tatis
874 4630 1205 4710 operibus
1249 4628 1547 4691 sollicite
1588 4626 1904 4690 charitas
1950 4626 2179 4689 Patris
2231 4625 2505 4690 Natalis
2557 4627 2758 4689 daret
2810 4644 3129 4706 operam,
